2068 3868
388 109 715 175 LIBER
793 106 1526 174 Duroniae-xmus.
1716 120 1843 186 357

91 207 249 274 copias
267 207 465 255 confecit
497 224 508 252 ε
541 208 590 253 &
613 219 837 264 proceres,
873 202 953 264 qui
978 214 1109 248 antea
1141 198 1449 253 emendatum,
1473 212 1566 269 non
1592 198 1844 247 extinctum

93 278 267 338 Regem
292 273 519 324 volebant,
544 268 774 328 desperata
795 266 1038 312 concordia
1055 264 1238 311 confilia
1253 262 1328 309 sua
1347 261 1503 311 omnia
1523 277 1570 308 1n
1587 261 1776 310 exitium
1796 280 1844 309 e·-

87 340 162 401 jus
185 336 490 385 conferebant.
557 333 645 377 Illa
665 331 904 375 difficultas
927 345 1004 375 eos
1026 330 1220 375 habebat
1242 327 1473 381 sollicitos,
1496 341 1631 387 quem
1656 326 1737 373 fibi
1759 328 1847 374 du..

93 419 193 449 cem
213 402 512 451 nominarent,
532 395 612 457 qui
630 395 759 456 Rege
776 394 822 438 in
841 393 1048 439 ordinem
1070 394 1245 445 εοειᾶο,
1263 389 1473 439 Vicarius
1493 389 1621 453 regni
1640 388 1744 436 effet
1762 408 1848 453 po.

94 467 205 528 pulo
224 481 313 511 non
335 463 555 524 ingratuS,
576 465 615 505 δε
638 457 826 503 obtentu
850 456 1048 502 nominis
1068 455 1249 502 illustris
1265 456 1509 502 fastionem
1526 453 1721 502 minime
1743 472 1848 518 gra-

94 542 220 576 varet
239 526 425 579 invidia,
448 524 589 570 multa
612 519 1077 581 circumspicientibus
1096 520 1142 565 in
1163 519 1300 581 Regis
1319 519 1463 566 filium
1481 519 1542 564 est
1561 519 1620 565 ab
1636 520 1851 566 omnibus

97 591 370 638 consensum.
439 587 532 634 Isa
553 584 808 632 custodibus
831 583 934 636 suis,
965 588 1004 628 δε
1029 584 1170 628 aetatis
1199 582 1458 629 infirmioris
1479 582 1725 630 rectoribus
1748 601 1849 630 cor-

94 668 253 717 ruptus
277 654 363 699 hoc
386 650 582 698 maxime
606 661 745 702 metu,
772 664 828 694 ne
859 648 889 693 fi
912 646 991 692 ille
1013 646 1246 702 recusaret,
1272 647 1328 692 ad
1353 647 1531 709 Anglos
1552 646 1695 694 hostes
1716 647 1850 697 fami-

97 719 173 766 liae
194 718 281 764 suae
300 728 540 780 perpetuos
559 713 802 775 imperium
826 711 1091 757 deferretur.

164 783 289 828 LIX.
322 783 419 838 Iam
455 781 556 826 Rex
577 780 611 824 F
615 777 792 823 ortham
818 776 1062 830 transierat,
1084 780 1123 821 δε
1147 774 1203 820 ad
1235 775 1511 824 Blaeneffum
1540 791 1689 824 arcem
1711 776 1872 824 habe-'

98 847 177 893 bat
194 847 345 899 castra,
369 850 408 890 δι
428 844 506 890 filii
531 842 753 889 exercitus
776 839 1056 887 dimicationi
1077 851 1256 900 paratus
1280 855 1369 886 non
1391 841 1528 903 longe
1551 842 1718 888 aberat.
1756 845 1854 891 Ve-

98 927 199 957 rum
217 910 476 956 interventu
500 905 696 953 Comitis
716 904 918 953 Atholiae
942 905 1090 966 patrui
1104 903 1246 966 Regis
1265 920 1332 950 res
1351 905 1597 965 composita
1620 906 1722 954 fuit.
1753 908 1856 970 Ipse

99 973 314 1033 Atholius
341 972 461 1035 pacis
484 972 649 1034 pignus
676 972 747 1031 (1)
774 969 954 1016 Adamo
977 968 1234 1030 Hepburno
1256 968 1509 1014 Bothueliae
1525 970 1700 1016 Comiti
1722 972 1854 1021 datus

99 1030 221 1101 apud
244 1054 347 1084 eum
373 1037 508 1100 usque
530 1035 586 1081 ad
614 1033 756 1097 Regis
779 1045 972 1079 mortem
1002 1032 1261 1095 permansit.
1328 1032 1503 1078 Verum
1526 1035 1784 1092 concordia,
1807 1048 1856 1084 ut

97 1103 216 1150 inter
238 1102 454 1164 suspe&os
477 1099 673 1145 invicem
696 1115 786 1145 non
810 1096 1023 1143 diuturna
1044 1095 1146 1142 fuit.
1195 1095 1379 1156 Legatis
1403 1096 1575 1143 interea
1594 1114 1857 1146 commean-

99 1166 220 1213 tibus
245 1166 272 1211 ὲ,
300 1164 538 1212 nobilitate
559 1162 815 1223 responsum
841 1162 919 1215 est,
945 1177 1050 1207 cum
1086 1161 1186 1206 Rex
1206 1158 1322 1204 nihil
1348 1160 1512 1206 sincere
1534 1173 1656 1224 agat,
1680 1178 1857 1212 certum

99 1231 274 1277 bellum
307 1230 448 1276 infida
476 1244 585 1290 pace
609 1226 690 1273 fibi
715 1225 870 1288 potius
895 1224 1039 1270 videri
1064 1242 1077 1269 2
1110 1239 1247 1269 unam
1269 1223 1392 1284 spem
1415 1225 1499 1270 effe
1521 1227 1796 1282 concordiae,
1821 1231 1854 1276 {i

101 1296 203 1342 Rex
220 1294 315 1341 filio
334 1293 416 1339 fibi
436 1290 618 1338 suffecto
640 1306 782 1352 regno
800 1288 841 1334 se
858 1287 1091 1335 abdicaret
1115 1305 1126 1334 :
1160 1286 1336 1349 alioqui
1357 1286 1470 1334 nihil
1494 1290 1595 1343 esse,
1612 1292 1740 1352 quod
1762 1294 1859 1339 col*a

21 1365 41 1421 J
101 1358 269 1420 loquiis
291 1358 374 1405 sese
396 1356 594 1404 invicem
617 1354 940 1401 frustrarentur.
1008 1353 1116 1400 Hoc
1138 1350 1395 1413 responsum
1419 1354 1519 1399 Rex
1540 1354 1721 1417 legatis,
1745 1373 1862 1419 quos

103 1424 161 1470 ad
179 1422 371 1486 Anglos,
395 1424 445 1473 &
467 1423 664 1467 Francos
694 1417 922 1471 mittebat,
946 1415 1140 1463 ostendit
1166 1433 1177 1462 ε
1210 1415 1375 1477 e6sque
1414 1416 1697 1481 summopere
1727 1438 1862 1485 roga-

106 1488 190 1543 vit,
208 1500 256 1533 ut
277 1484 540 1533 auctoritate
563 1483 652 1537 sua,
678 1497 772 1536 aut,
811 1482 842 1528 fi
864 1498 978 1543 opus
1014 1481 1134 1535 effet,
1154 1478 1326 1526 auxilio
1349 1497 1597 1543 paucorum
1619 1484 1863 1533 rebellium

106 1552 304 1599 furorem
320 1549 621 1613 infringerent
642 1565 651 1593 :
677 1547 840 1609 eosque
862 1547 920 1592 ad
956 1545 1191 1592 sanitatem
1221 1544 1489 1592 reducerent
1510 1565 1521 1592 :
1546 1562 1856 1597 communem·

105 1634 197 1680 que
215 1632 314 1663 eam
334 1616 560 1661 fortunam
577 1611 898 1665 existimarent,
923 1615 962 1657 δε
980 1625 1081 1672 quae
1104 1608 1181 1655 suo
1198 1609 1414 1672 contagio
1437 1610 1572 1657 facile
1593 1612 1650 1658 ad
1673 1616 1862 1677 propin-

110 1697 222 1743 quas
245 1691 401 1743 gentes
424 1678 632 1740 serperet.
700 1675 819 1721 Miffi
840 1674 976 1720 etiam
1002 1675 1058 1721 ad
1081 1673 1341 1735 Eugenium
1363 1676 1574 1722 offilavum
1597 1677 1867 1728 Pontificem

111 1747 390 1796 Romanum,
410 1741 490 1804 qui
507 1750 702 1794 orarent,
728 1752 778 1785 ut
800 1754 882 1801 pro
904 1738 979 1784 sua
999 1749 1186 1801 paterna
1205 1736 1253 1782 in
1278 1737 1509 1785 Scoticum
1521 1756 1687 1787 nomen
1706 1744 1871 1792 carita.

110 1821 158 1855 te
179 1809 381 1870 legatum
396 1807 443 1852 in
467 1805 665 1852 Scotiam
685 1802 900 1856 mitteret,
920 1801 1000 1865 qui
1022 1801 1211 1847 rebelles
1248 1817 1332 1864 pro
1354 1801 1459 1861 jure
1479 1803 1762 1852 sacrosanctae
1783 1826 1869 1871 po..

113 1872 278 1919 testatis
300 1880 500 1933 cogeret,
545 1880 595 1915 ut
614 1867 751 1914 armis
792 1865 945 1929 politis
982 1865 1103 1928 Regi
1129 1865 1207 1912 suo
1236 1879 1462 1927 parerent.
1530 1868 1744 1916 Pontifex
1761 1889 1868 1921 cum

56 1956 57 1960 ¹
113 1949 212 1983 tum
256 1933 454 1981 maxime
490 1933 677 1983 haberet
698 1931 746 1977 in
770 1930 941 1992 Anglia
979 1929 1232 1976 Adrianum
1276 1930 1609 1986 Castellensem,
1634 1933 1872 1986 hominem

116 1999 328 2063 singulari
346 1996 620 2050 eruditione,
661 2002 700 2041 δι
731 1995 987 2056 prudentia,
1012 1995 1070 2041 ad
1087 2009 1193 2040 eum
1226 1993 1410 2058 scripsit,
1453 2006 1503 2042 ut
1522 1996 1655 2044 rebus
1680 2000 1874 2050 Scoticis

113 2062 443 2126 componendis
464 2076 649 2124 operam
671 2060 813 2106 daret.
1041 2080 1045 2083 ·

178 2129 278 2175 LX.
313 2127 402 2173 Sed
423 2127 519 2172 haec
540 2125 632 2171 sera
670 2124 853 2171 fuerunt
893 2121 1079 2170 auxilia.
1146 2124 1359 2171 Proceres
1390 2123 1533 2182 enim,
1572 2127 1654 2190 qui
1675 2127 1774 2177 haec
1796 2131 1874 2196 agi

115 2209 208 2239 non
245 2190 533 2255 ignorabant,
559 2196 597 2236 δι
617 2190 793 2250 Regem
816 2204 925 2251 erga
945 2187 987 2233 se
1008 2186 1348 2250 implacabilem
1369 2189 1585 2246 sciebant,
1608 2204 1713 2240 ante
1731 2195 1874 2258 quam

115 2257 306 2318 majores
329 2253 476 2317 copiae
491 2255 547 2300 ad
569 2270 672 2299 eum
697 2253 1014 2307 convenirent,
1049 2252 1292 2299 decernere
1314 2254 1449 2300 armis
1466 2255 1759 2306 decreverant
1779 2277 1791 2306 ε
1822 2263 1876 2310 8:

50 2342 55 2344 *
114 2337 375 2384 quanquam
397 2318 538 2382 Regis
561 2316 706 2364 filium
735 2318 862 2380 apud
884 2317 925 2362 se
954 2316 1190 2371 haberent,
1227 2317 1356 2364 simul
1381 2318 1438 2365 ad
1459 2321 1775 2369 auctoritatem
1813 2323 1874 2371 ad

54 2421 55 2425 ,
107 2386 281 2448 *vulgus
303 2383 672 2445 comparandam,
696 2381 826 2429 simul
847 2393 895 2428 ut
916 2381 1200 2428 ostenderent
1217 2381 1258 2427 se
1273 2398 1364 2428 non
1379 2383 1553 2445 patriae,
1585 2384 1660 2432 sed
1677 2387 1877 2449 pernici-

42 2483 44 2486 ·
115 2449 192 2501 oso
212 2449 330 2510 Regi
352 2446 547 2499 infensos
565 2447 838 2501 effe„tamen
858 2462 913 2492 ne
931 2447 1186 2507 legatorum
1204 2458 1494 2494 externorum
1515 2448 1715 2497 adventu
1727 2452 1877 2514 plebis

114 2513 256 2560 animi
273 2512 636 2565 debilitarentur,
655 2509 751 2556 dies
775 2509 1018 2571 nouasque
1036 2508 1219 2556 solliciti
1238 2514 1631 2575 erant‚quomodo
1651 2531 1748 2562 rem
1769 2517 1878 2565 ulti-

116 2593 195 2627 mo
233 2575 480 2625 discrimini
501 2574 854 2621 committerent.
923 2574 1145 2621 Obstabat
1169 2590 1326 2622 eorum
1348 2576 1622 2632 festinationi
1658 2580 1800 2644 Regis
1819 2581 1878 2628 ti-

116 2659 217 2691 mor
242 2661 253 2689 ε
287 2641 385 2705 qui,
408 2640 627 2704 quoniam
664 2638 765 2685 satis
792 2639 941 2684 firmas
979 2638 1203 2685 acciverat
1224 2640 1377 2703 copias
1403 2639 1427 2687 ὲ
1446 2642 1577 2706 regni
1597 2645 1802 2706 partibus
1821 2647 1881 2695 ad

118 2707 445 2771 septentriones
465 2703 787 2766 spect-antibus,
804 2702 862 2757 ,in
899 2717 1001 2749 arce
1038 2703 1389 2767 Edimburgensi
1407 2704 1450 2752 se
1463 2707 1743 2766 continebat,
1767 2710 1881 2758 dum

120 2788 175 2819 ea
191 2769 361 2830 auxilia
381 2768 692 2816 convenirent,
760 2767 838 2813 Ab
859 2766 947 2814 hoc
976 2767 1184 2823 confili0‚
1207 2770 1333 2830 quod
1352 2770 1395 2816 ei
1418 2770 1563 2818 visum
1582 2772 1728 2821 fue-rat
1749 2775 1879 2822 tutis-

119 2837 299 2891 fimum,
319 2834 493 2888 fraude,
518 2844 594 2880 aut
615 2831 737 2884 certe
754 2829 930 2877 inscitia
950 2830 1130 2879 suorum
1149 2833 1210 2879 est
1228 2833 1466 2882 deductus.
1533 2837 1724 2899 Propter
1751 2838 1877 2886 enim

119 2898 376 2964 frequentia
397 2896 610 2952 aestuaria,
635 2912 738 2960 quae
757 2911 948 2950 moram,
970 2901 1011 2942 &
1032 2895 1289 2959 periculum
1311 2900 1600 2948 conventuris
1621 2902 1779 2948 afferre
1793 2919 1881 2966 po-

121 2975 286 3018 terant,
309 2962 550 3026 fuaserunt,
567 2973 615 3012 ut
632 2960 877 3023 Sxterlinum
901 2971 1090 3022 peteret,
1105 2961 1260 3009 locum
1280 2979 1420 3010 unum
1443 2962 1579 3015 totius
1600 2965 1732 3027 regni
1753 2966 1884 3014 com..

122 3027 426 3075 modiffimum
460 3026 518 3072 ad
552 3024 719 3072 auxilia
748 3041 804 3071 ex
825 3023 1038 3071 omnibus
1071 3025 1202 3088 regni
1223 3026 1428 3088 partibus
1455 3027 1741 3090 excipienda.
1808 3032 1900 3080 Ibi>

123 3107 308 3155 quoque
329 3106 422 3137 non
443 3089 593 3136 minus
615 3099 730 3142 tuto,
744 3105 882 3150 quam
901 3087 950 3135 in
969 3104 1070 3135 arce
1082 3089 1357 3154 Edimburgi
1377 3107 1481 3137 eum
1505 3090 1602 3138 fore
1623 3093 1759 3153 poffe,
1775 3109 1883 3145 cum

128 3157 275 3202 hostes
298 3154 354 3199 ab
376 3152 588 3198 omnibus
608 3152 740 3198 rebus
758 3153 814 3198 ad
832 3153 1158 3215 expugnandas
1177 3167 1299 3199 arces
1320 3154 1568 3200 neceffariis
1590 3155 1802 3218 imparati
1818 3160 1885 3208 es,

127 3219 224 3265 sent
247 3236 259 3264 2
292 3216 422 3262 simul
450 3215 648 3271 claffem,
667 3231 805 3280 quam
834 3216 899 3266 ad,
914 3231 1072 3266 omnes
1104 3215 1227 3263 casus
1248 3216 1529 3275 instruxerat,
1552 3218 1602 3266 in
1622 3222 1886 3290 propinquo

85 3350 97 3363 ⁶
131 3283 242 3331 stare
264 3280 401 3343 poffe.

184 3408 248 3458 (1)
275 3409 336 3445 He
352 3420 426 3445 was
443 3415 509 3446 not
532 3411 671 3446 created
701 3409 845 3448 earl‘of*
859 3409 991 3448 Both-.
1032 3410 1093 3458 his
1122 3424 1233 3452 name
1250 3427 1324 3453 was
1343 3415 1495 3454 Patrick
1514 3431 1527 3466 ;
1561 3416 1646 3456 that
1669 3416 1731 3460 his
1760 3419 1886 3464 father

131 3463 221 3512 3³¹}ssss
240 3461 362 3500 before
379 3461 444 3500 the
460 3462 675 3504 coronation
692 3463 736 3500 of
747 3461 842 3511 king
854 3464 981 3515 James
1034 3468 1103 3508 and
1123 3466 1186 3509 son
1204 3481 1300 3510 were
1315 3472 1449 3513 named
1465 3473 1605 3514 Adam.
1882 3468 1885 3469 ⁷

132 3518 208 3560 lv,
225 3515 299 3568 says
328 3516 408 3560 Mr.
442 3515 646 3567 Crawford,
665 3515 752 3560 who
779 3518 879 3569 adds,
897 3516 980 3561 that

1622 3601 1753 3667 LXI.
1782 3603 1891 3655 Hoc
