2025 3833
167 112 299 194 376
471 116 834 184 RERUM
925 116 1608 190 Sco‘rr‘cAR'UM

160 227 267 259 cum
285 227 383 261 tum
400 214 675 261 obsidentem
694 213 958 259 Tornacum
981 214 1039 259 est
1060 212 1224 269 miffus',
1239 215 1319 277 qui
1341 215 1512 262 bellum
1535 220 1577 264 ei
1599 219 1912 271 denuntiares.

160 278 320 325 Causae
337 294 561 325 armorum
586 276 911 338 capiendorum
932 278 1294 333 recensebantur,
1312 295 1379 325 res
1400 282 1620 341 repetitae,
1637 290 1675 331 &
1697 302 1786 332 non
1811 289 1913 334 red.

156 341 284 388 ditae.
349 341 539 389 Roberti
563 341 672 386 Cari
692 339 1066 403 interemptorem
1097 343 1316 389 Ioannem
1338 343 1572 391 Heronem
1597 347 1744 408 palam
1767 350 1808 394 se
1840 350 1909 397 osa

156 415 345 452 tentare.
361 406 562 451 Andreas
576 402 817 450 Britannus
836 417 999 466 praeter
1017 406 1200 462 foederis
1218 408 1341 468 leges
1360 407 1590 465 spoliatus,
1606 413 1650 457 ὃς
1666 409 1913 474 interemp-

157 481 230 528 tus
246 470 388 532 Regis
405 467 541 527 ipsius
558 467 691 526 jussu.
729 468 844 514 ¹Has
866 467 1002 515 etiam
1022 469 1210 530 injurias
1235 482 1285 516 ut
1308 470 1615 527 dissimularet,
1636 472 1677 518 se
1701 489 1790 519 non
1812 473 1913 536 pos-

128 524 198 580 'Ye
222 549 353 595 aequo
373 530 527 576 animo
550 530 666 577 ferre
687 531 912 579 Ludovici
938 533 1078 595 Regis
1100 535 1374 581 Francorum
1395 536 1558 581 veteris
1582 536 1734 591 amici,
1759 543 1798 583 δε
1824 539 1916 584 Ca-

155 596 243 642 roli
264 597 333 655 (1)
351 593 558 640 Geldriae
572 595 718 641 Ducis
740 596 987 659 propinqui
1012 597 1076 644 sui
1097 597 1318 644 ditionem
1342 598 1561 645 hostiliter
1581 600 1793 646 omnibus
1817 601 1916 648 bel·-

153 660 190 708 li
212 656 543 705 calamitatibus
558 659 742 706 evastari
764 677 775 705 ε
809 660 975 722 quibus
998 661 1130 707 rebus
1154 661 1230 707 nisi
1252 663 1497 717 desistatur,
1517 663 1558 709 se
1580 663 1750 710 bellum
1775 662 1814 710 ei
1835 666 1915 712 de-

152 722 384 770 nunciare.
444 722 651 769 Henrico
674 729 714 770 δε
737 724 880 770 aetatis
903 724 1050 788 vigor,
1068 729 1114 773 ἃ
1137 725 1428 784 florentiffimi
1452 726 1583 790 regni
1606 744 1734 789 opes,
1751 733 1789 774 &
1810 746 1918 791 pro-

150 803 212 849 pe
234 786 373 833 totius
393 787 590 849 Europae
612 787 912 842 consentiens,
941 789 1146 835 adversus
1173 807 1310 836 unum
1337 791 1528 837 Gallum
1563 791 1833 854 conspiratio
1868 794 1917 840 in

151 850 307 897 animo
323 851 483 913 gloriae
503 851 710 906 militaris
732 851 868 898 avido
892 852 1006 899 belli
1026 853 1325 915 cupiditatem
1345 852 1638 903 accendebat.
1699 855 1847 918 Igitur
1869 873 1920 903 e-

151 914 283 970 tiam,
306 930 444 978 quam
468 931 551 976 pro
574 929 704 962 aetate
728 915 921 963 ferocius
944 917 1116 963 foeciali
1140 917 1370 979 respondit
1394 937 1404 964 :
1439 919 1480 964 se
1502 918 1617 967 nihil
1640 936 1696 966 ex
1714 936 1768 966 eo
1791 918 1921 967 aliud

150 978 326 1034 audire,
349 995 487 1042 quam
509 981 633 1041 quod
651 980 926 1041 jamdudum
949 998 974 1027 a
993 983 1122 1043 Rege
1141 981 1305 1037 divini,
1322 989 1362 1028 «Sc
1381 983 1569 1029 humani
1585 983 1699 1042 juris
1722 983 1920 1030 violato-

149 1061 199 1091 re
220 1043 500 1107 expec’tabat.
545 1044 743 1091 Proinde
763 1057 935 1108 ageret,
960 1043 1027 1092 uti
1050 1045 1130 1091 fibi
1151 1045 1398 1100 videretur,
1422 1047 1462 1092 se
1487 1047 1657 1094 bellurn
1682 1060 1774 1094 tam
1797 1047 1921 1108 pros-

148 1125 258 1171 pere
281 1121 483 1170 coeptum
506 1108 568 1154 ob
589 1110 686 1171 ejus
718 1109 862 1156 minas
888 1125 978 1156 non
1001 1109 1264 1157 omissurum
1290 1129 1300 1157 :
1328 1127 1412 1158 nec
1433 1111 1474 1158 se
1497 1112 1663 1158 morari
1686 1111 1782 1172 ejus
1805 1110 1922 1158 ami-

150 1171 325 1227 citiam,
348 1172 477 1233 cujus
493 1172 587 1233 jam
613 1174 666 1220 fit
684 1185 898 1236 expertus
916 1174 1169 1221 levitatem.
1913 1225 1915 1227 .

215 1238 396 1285 XXXI.
430 1238 534 1284 Hac
555 1236 665 1284 belli
688 1237 1042 1285 denunciatione
1060 1238 1106 1286 in
1132 1238 1332 1285 Scotiam
1354 1240 1544 1301 perlata,
1579 1241 1687 1286 dum
1712 1237 1768 1286 ad
1792 1256 1922 1287 exer-

151 1300 295 1348 citum
316 1301 601 1364 proficiscens
624 1303 725 1348 Rex
760 1301 1008 1349 Limnuchi
1049 1297 1320 1366 uespertinas
1343 1303 1391 1349 in
1415 1305 1510 1350 aede
1549 1305 1669 1351 sacra
1690 1303 1922 1351 cantiones

155 1371 228 1429 (ut
245 1378 343 1412 tum
366 1365 504 1412 moris
522 1365 927 1425 erat)audit,senex
946 1366 1136 1430 quidam
1157 1367 1374 1430 ingressus
1393 1368 1562 1430 capillo
1579 1368 1626 1414 in
1645 1368 1748 1414 rufo
1768 1367 1922 1415 flaves-

149 1442 299 1484 cente,
323 1446 376 1477 ac
396 1428 444 1475 in
462 1429 673 1476 humeros
696 1431 926 1492 promissb,
962 1431 1113 1477 fronte
1133 1431 1181 1477 in
1204 1431 1439 1477 calviciem
1462 1433 1640 1495 glabro,
1665 1433 1815 1494 capite
1838 1450 1921 1479 nu-

150 1495 231 1550 do,
253 1495 372 1541 veste
394 1493 678 1556 longiuscula
698 1494 858 1555 cyanei
879 1494 1044 1542 coloris
1067 1495 1279 1549 amistus,
1302 1511 1353 1542 ac
1373 1496 1517 1542 linteo
1539 1495 1731 1550 cinstus,
1754 1509 1920 1543 caetero

151 1559 333 1622 aspetstu
360 1557 648 1604 venerabilis.
716 1560 761 1604 ls
788 1560 965 1621 Regem
987 1575 1194 1621 quaerens
1225 1576 1307 1621 per
1328 1560 1509 1606 turbam
1533 1560 1805 1606 obstantium
1840 1578 1920 1624 pe·

151 1633 318 1672 netrat.
383 1619 485 1668 Ubi
515 1622 573 1668 ad
592 1638 697 1667 eum
720 1622 912 1676 acceffit,
933 1620 1095 1670 rustica
1115 1623 1314 1684 quadam
1343 1623 1630 1685 simplicitate
1652 1624 1784 1685 super
1814 1625 1921 1670 soli·

152 1704 250 1741 um,
281 1686 331 1732 in
353 1701 446 1748 quo
472 1686 574 1732 Rex
596 1680 778 1732 sedebat
796 1685 998 1742 innixus,
1039 1693 1075 1714 “
1113 1686 1268 1740 Rex,''
1288 1686 1458 1749 inquit,
1495 1696 1527 1715 “
1561 1688 1662 1749 Ego
1682 1688 1736 1733 ad
1757 1700 1799 1734 te
1823 1688 1923 1735 sum

152 1751 322 1804 miffuS,
337 1762 387 1797 ut
410 1760 455 1796 te
476 1750 839 1807 admoneam‚ne
861 1752 956 1814 quo
975 1748 1553 1814 instituisti,progrediaris.
1590 1752 1738 1812 Qam
1764 1753 1926 1797 admo.

150 1815 378 1864 nitionem
400 1814 431 1860 fi
455 1813 725 1878 neglexeris,
751 1819 843 1861 non
865 1813 953 1861 erit
989 1814 1015 1861 ὲ
1050 1831 1099 1861 re
1121 1825 1216 1869 tua,
1240 1830 1325 1861 nec
1346 1831 1522 1870 eorum,
1552 1815 1634 1877 qui
1659 1826 1701 1860 te
1733 1816 1925 1862 comita-

151 1880 340 1928 buntur.
406 1879 630 1926 Praeterea
650 1894 934 1940 praemonere
955 1878 1050 1926 sum
1067 1879 1224 1940 juffus,
1251 1895 1307 1925 ne
1330 1879 1574 1926 mulierum
1595 1878 1922 1935 familiaritate,

152 1943 495 1996 consuetudine,
518 1957 597 1989 aut
617 1942 807 1989 confilio
830 1942 985 1990 utaris.
1054 1945 1192 1989 Secus
1216 1960 1323 1989 vero
1354 1944 1385 1990 fi
1417 1943 1573 1996 facies,
1600 1948 1640 1989 &
1671 1943 1857 2000 damno,
1883 1950 1922 1992 δε
1992 1945 1995 1949 ’

152 2005 424 2072 ignominiae
457 2006 543 2054 tibi
574 2023 643 2053 res
677 2007 817 2053 eri-t.''
881 2008 1000 2054 Haec
1032 2007 1212 2053 locutus
1233 2007 1378 2054 turbae
1407 2007 1494 2054 sese
1523 2006 1800 2055 immiscuit:
1839 2024 1923 2055 nec

152 2075 262 2121 cum
288 2071 498 2136 precibus
531 2069 670 2118 finitis
692 2071 794 2118 Rex
815 2087 920 2118 eum
944 2070 1210 2134 requireret,
1245 2072 1433 2133 usquam
1466 2071 1725 2133 comparuit
1754 2090 1764 2118 :
1798 2073 1926 2135 quod

151 2131 212 2186 eb
234 2134 380 2200 magis
402 2135 569 2182 mirum
591 2135 652 2182 est
676 2133 836 2190 visum,
859 2135 988 2199 quod
1010 2150 1187 2189 eorum,
1212 2135 1292 2195 qui
1314 2135 1503 2198 propius
1527 2136 1770 2190 astiterant,
1785 2150 1923 2199 atque

151 2217 262 2250 eum
283 2198 610 2261 ‚observabant‚
630 2198 755 2246 avidi
783 2201 931 2249 multa
953 2215 1010 2246 ex
1041 2216 1096 2246 eo
1118 2198 1369 2246 sciscitandi
1403 2215 1538 2245 nemo
1573 2200 1668 2259 ejus
1691 2200 1925 2247 discessum

153 2266 361 2326 senserat.
412 2266 467 2311 In
484 2263 542 2310 iis
565 2263 654 2310 fuit
677 2264 748 2325 (2)
769 2263 926 2310 David
948 2262 1184 2312 Lindefius
1208 2263 1460 2310 Montanus
1482 2263 1623 2309 homo
1646 2262 1852 2325 speftatae
1874 2265 1927 2310 fi·

155 2331 250 2387 dei,
268 2327 675 2394 &probitatismec
697 2344 723 2374 a
740 2326 973 2374 literarum
996 2327 1151 2374 studiis
1173 2327 1365 2380 alienuS‚
1382 2333 1421 2374 δι
1443 2326 1570 2386 cujus
1589 2339 1710 2374 totus
1733 2327 1839 2373 vitae
1859 2339 1929 2375 te.

156 2392 243 2443 nor
271 2392 528 2457 longiflirne'
548 2409 574 2438 a
595 2389 862 2439 mentiendo
883 2392 1039 2439 aberat
1063 2409 1074 2437 ε
1112 2391 1139 2438 ὲ
1167 2408 1260 2454 quo
1291 2391 1372 2437 nifi
1394 2406 1483 2454 ego
1513 2392 1612 2437 haec
1647 2390 1713 2437 uti
1740 2391 1925 2446 tradidi,

157 2476 244 2523 pro
265 2458 400 2506 certis
422 2455 721 2521 accaepiffem,
745 2468 797 2503 ut
813 2457 1050 2522 vulgatam
1070 2455 1201 2504 vanis
1227 2454 1487 2502 rumoribus
1510 2455 1714 2502 fabulam
1745 2456 1929 2504 omissu-

156 2540 233 2573 rus
254 2539 396 2572 eram.
453 2573 456 2578 ⁸
1514 2576 1518 2580 .

223 2588 427 2636 XXXII.
459 2588 562 2636 Rex
582 2580 678 2649 quo
698 2583 974 2642 intenderat,
992 2584 1221 2649 profectus
1244 2599 1389 2648 prope
1409 2581 1750 2648 Edimburgum
1771 2599 1928 2634 recen·
2004 2606 2012 2614 ·

158 2651 250 2702 suit
265 2650 534 2699 exercitum.
578 2650 692 2697 Inde
709 2648 866 2712 paucis
888 2651 986 2714 post
1002 2649 1164 2696 diebus
1176 2649 1397 2711 Angliam
1418 2648 1636 2712 ingress‘us
1654 2647 1928 2708 Noramam,
1995 2710 1998 2711 ⁷

158 2710 380 2772 vercam,
398 2715 612 2767 Etellam,
636 2714 671 2760 F
676 2714 951 2778 urdumque,
976 2719 1017 2761 δε
1035 2712 1144 2760 alias
1165 2712 1383 2776 quasdam
1401 2709 1542 2760 limiti
1560 2713 1798 2760 Scotorum
1821 2730 1931 2777 pro-

159 2780 358 2846 pinquas
379 2771 502 2828 arces
524 2777 571 2824 vi
589 2780 742 2838 caepit,
755 2795 808 2825 ac
829 2778 988 2834 diruit,
1009 2782 1052 2824 δι
1074 2775 1314 2824 finitimam
1328 2776 1715 2825 Northumbriam
1737 2778 1828 2824 late
1847 2793 1931 2840 po-

158 2846 342 2910 pulatus
355 2845 445 2910 ests,v
463 2844 644 2900 Interea
652 2843 830 2905 Regem
844 2857 998 2890 amore
1014 2841 1182 2889 nobilis
1199 2841 1394 2905 captivae
1406 2844 1480 2903 (ea
1496 2853 1592 2888 erat
1603 2841 1805 2889 Heronis
1819 2843 1854 2889 F
1859 2853 1938 2890 ur.

161 2909 231 2961 dii
254 2909 388 2970 uxor)
415 2909 487 2971 (3)
510 2905 739 2955 irretitum
760 2922 868 2955 cum
889 2922 984 2953 rem
1007 2905 1252 2953 militarem
1275 2904 1548 2969 negligeret,
1570 2911 1610 2954 &
1628 2905 1780 2953 ocioso
1802 2910 1933 2953 exerss

161 2973 280 3022 citui
299 2973 349 3022 in
370 2988 482 3037 agro
503 2988 598 3020 non
616 2969 751 3017 valde
777 2969 964 3034 copioso
984 2980 1266 3018 commeatus
1301 2969 1514 3017 deficeret
1539 2987 1551 3017 :
1584 2985 1669 3016 nec
1699 2970 1724 3017 ὲ
1746 2967 1945 3034 longia--

163 3052 262 3104 quo
283 3034 430 3088 facilis
450 3036 557 3086 esset
576 3034 900 3098 comportatio,
918 3034 1063 3097 major
1082 3033 1309 3082 exercitus
1330 3050 1435 3096 pars
1456 3032 1630 3097 dilapsa
1649 3034 1775 3099 figna
1789 3033 1932 3094 infre-'⁴
1991 3032 1995 3038 ’

163 3096 450 3167 quentia'(3)'
463 3099 679 3163 reliquit.'
699 3099 911 3148 Proceres
924 3097 1007 3147 soli
1020 3102 1128 3146 'cum
1140 3096 1432 3163 propinquis,
1447 3102 1488 3146 δι
1501 3097 1737 3145 clientium
1756 3096 1931 3160 paucis,

165 3167 311 3234 iisque
330 3165 470 3215 etiam
491 3164 698 3215 subiratis
719 3164 768 3213 in
789 3162 939 3213 castris
954 3174 1101 3215 erant.
1167 3163 1324 3233 Major
1350 3163 1476 3213 enim
1496 3178 1601 3228 pars
1622 3162 1853 3220 suadebat,
1871 3176 1933 3211 ne
1999 3213 2002 3220 ,

225 3302 293 3354 (1)
320 3304 392 3344 His
408 3305 672 3356 grandmother
697 3317 774 3344 was
802 3316 824 3343 a
857 3303 955 3343 fistel'
984 3302 1031 3365 qf
1079 3279 1166 3354 lyon
1186 3300 1283 3351 king
1299 3308 1338 3341 at
1355 3312 1468 3364 arnis.
1595 3319 1598 3322 ⁴
1691 3360 1694 3364 .

180 3353 260 3416 {hat
270 3357 400 3420 house,
414 3360 504 3410 (lib.
525 3370 588 3399 11.
607 3373 687 3410 cap.
705 3357 789 3415 31.)
807 3359 878 3396 and
896 3365 935 3395 at
948 3356 1028 3395 this
1133 3354 1201 3408 (3)
1227 3355 1471 3418 Accusativus
1489 3352 1674 3417 absolutus
1690 3365 1706 3393 e
1733 3353 1794 3426 ve}v
1807 3349 1859 3392 fic
1873 3363 1931 3414 re·-

173 3415 268 3448 time
279 3408 346 3448 the
358 3411 453 3461 king
460 3412 504 3450 of
512 3413 681 3463 England
696 3410 851 3463 andfithe
862 3422 1028 3462 emperor
1081 3410 1196 3449 solvas
1214 3423 1229 3463 5
1257 3421 1377 3462 major
1399 3421 1484 3464 pars
1509 3410 1664 3461 reliquat
1676 3408 1776 3459 figna
1796 3409 1834 3468 j&
1849 3404 1934 3456 R‘!

174 3474 271 3502 were
287 3460 328 3500 in
344 3476 421 3501 war
437 3465 574 3513 against
590 3465 666 3504 this
683 3464 800 3504 duke.
1014 3485 1023 3493 s

184 3516 190 3546 .“
225 3513 292 3573 (¹2)
308 3515 380 3557 -.Sir
405 3513 526 3558 David
555 3518 712 3570 Lindsay
727 3519 774 3560 of
784 3517 851 3560 the
866 3516 1024 3566 Mount,

1799 3603 1802 3605 Β
1915 3587 1923 3594 .
1969 3575 1982 3594 ι

1871 3604 1942 3670 ’aa
