2047 3781
117 43 202 161 42
383 77 561 151 DE
649 78 1025 173 J'URE
1116 77 1607 153 REGNI

120 201 248 232 mero
277 202 367 232 non
392 189 528 233 effent
561 187 776 233 habendi.
844 187 1105 234 Violatores
1135 186 1260 233 enim
1279 187 1379 234 sunt
1400 188 1610 249 humanae
1633 182 1874 247 societatis-3

119 265 198 297 aut
220 263 340 297 certe
361 252 648 322 proditores:
674 252 799 312 quod
817 250 979 298 vitium
1001 252 1032 297 st
1053 251 1102 298 in
1127 253 1254 325 Rege
1276 251 1513 308 ferendum
1539 268 1629 298 non
1655 253 1731 306 est,
1754 257 1873 300 mul-

121 326 170 360 to
193 316 343 361 minus
376 332 422 361 111
450 315 622 375 privato
653 317 712 360 est
736 315 989 362 tolerabile
1058 313 1155 376 Qui
1177 315 1323 378 igitur
1354 315 1474 389 cives
1496 315 1695 362 habendi
1723 316 1823 363 sunt
1855 309 1873 364 ἒ

119 380 217 440 Qi
239 379 417 443 legibus
434 391 607 440 pax-‚ent
630 378 887 426 societatem
911 379 1149 426 hominum
1175 390 1376 434 tuentur,
1396 379 1479 443 qui
1500 380 1676 426 labores
1699 396 1876 435 omnes,

118 460 308 503 omma}
310 442 498 488 ericula
523 444 697 488 malunt
719 461 800 516 pio
822 445 1003 491 suorum
1023 444 1161 490 salute
1178 444 1323 500 obire,
1365 459 1502 507 quam
1526 443 1572 490 in
1595 444 1691 489 otio
1714 445 1771 490 ab
1793 445 1878 491 hor-

121 509 286 553 nestate
307 507 504 566 iejunfflo
528 523 610 567 per
646 507 801 570 {gnam
808 526 880 555 am
909 508 1255 556 consenescere:
1275 510 1356 573 qui
1382 522 1473 554 non
1496 508 1734 571 praesentes
1756 508 1879 557 fruc-

120 584 210 624 tus,
232 572 306 617 sed
325 571 587 617 aeternitatis
610 573 877 620 memoriam
898 587 1003 620 ante
1025 574 1182 619 oculos
1203 574 1479 636 propositam
1504 573 1689 620 habent.
1736 574 1877 637 Qod

120 637 152 680 si
175 652 286 696 quos
311 635 447 680 timor
468 638 512 682 8
536 653 685 681 rerum
710 637 886 684 suarum
908 638 1132 700 respectus
1153 656 1179 684 a
1196 638 1411 700 periculis
1433 651 1634 689 revocat,
1667 650 1817 684 tamen
1837 644 1878 686 86

118 699 330 744 {minoris
354 695 514 759 praecza
523 699 558 745 ri
581 700 806 761 splendor,
830 709 868 749 δι
896 702 1072 748 virtutis
1096 703 1272 764 pulchri
1281 704 1392 750 tudo
1414 702 1589 773 animo-s
1612 701 1809 762 dejectos
1831 718 1881 749 e-

121 763 184 824 rig
195 777 275 807 et:
304 769 338 808 &
365 763 477 824 qni
466 767 685 818 suffitores,
711 767 807 827 qui
799 767 962 813 duces
976 768 1059 813 effe
1079 784 1167 813 non
1185 768 1436 821 audebunt,
1457 762 1646 813 comites
1671 766 1765 812 fieri
1789 783 1880 814 non

117 806 400 874 recens-abunt.
469 829 629 891 Itaque
653 830 681 875 fi
703 830 829 878 cives
852 848 943 878 non
967 849 991 878 e
1015 848 1222 885 numero,
1249 831 1324 878 sed
1346 830 1572 894 dignitate
1593 830 1877 885 censeantur,

120 907 212 938 non
243 889 387 938 solum
410 908 509 954 pars
534 893 712 949 melior,
745 894 820 943 sed
841 896 976 943 etiam
1004 897 1089 958 maj
1096 912 1163 949 or,
1199 913 1282 959 pro
1304 896 1532 949 libertate,
1573 911 1655 956 pro
1677 895 1879 948 honesto,

118 972 204 1016 pro
225 956 542 1004 incolumitate
565 959 710 1005 stabit.
778 962 918 1016 Quod
942 961 972 1007 fi
995 959 1131 1007 etiam
1157 974 1251 1007 tota
1272 960 1399 1032 plebs
1417 960 1669 1013 distantiat,
1687 960 1802 1005 nihil
1825 959 1884 1006 is.-

121 1021 203 1066 1ud
239 1021 295 1066 ad
319 1021 580 1102 praesentem
619 1023 970 1085 disputationem
996 1025 1140 1073 facit:
1175 1042 1267 1071 non
1272 979 1410 1071 penirn
1435 1023 1511 1070 hic
1546 1040 1624 1084 qux
1612 1024 1659 1070 d
1682 1024 1881 1073 futuram

122 1084 192 1137 fit,
218 1085 289 1130 sed
316 1087 427 1148 qnid
440 1087 543 1146 jure
568 1088 663 1134 fieri
682 1089 810 1150 poflit
832 1090 1097 1152 quaerimus.
1166 1090 1364 1152 Sedjam
1386 1089 1444 1136 ad
1465 1087 1883 1150 ordinariajudicia

115 1149 352 1197 veniamus
437 1147 507 1197 Μ.
539 1152 657 1198 Istud
677 1154 950 1212 jamdudum
970 1156 1178 1216 expecto.

185 1214 406 1262 LXXXI.
439 1217 496 1262 Β.
538 1217 584 1262 Si
609 1217 808 1279 privatus
831 1220 1056 1282 quispiam
1102 1218 1338 1281 praedium3
1384 1229 1461 1264 aut
1481 1218 1580 1281 agri
1619 1217 1682 1265 sui
1709 1208 1883 1280 partem

120 1293 173 1324 c
182 1296 279 1325 ntra
300 1295 438 1341 quam
464 1297 645 1344 aequum
669 1285 729 1328 est
751 1301 776 1329 a
797 1284 926 1347 Rege
950 1298 1093 1332 tenen
1107 1283 1496 1344 contendat,qu1d
1520 1282 1595 1329 hic
1616 1284 1794 1345 privato
1818 1282 1885 1327 fa

118 1343 332 1389 ciendum
359 1344 507 1393 censes
532 1348 551 1392 ἓ
587 1347 776 1394 cedetne
796 1365 923 1412 agr0,
947 1349 1165 1412 quoniam
1186 1348 1518 1411 Regijudicem
1544 1348 1660 1395 ferre
1683 1355 1773 1394 non
1800 1362 1885 1408 po-

120 1409 264 1497 teil-it?
296 1411 366 1456 M.
400 1405 614 1457 Minime.
685 1413 774 1459 Sed
808 1430 898 1459 non
923 1416 1116 1478 Regem,
1163 1414 1237 1460 sed
1261 1423 1599 1474 procuratorem
1621 1412 1717 1472 ejus
1741 1411 1883 1458 adeffe'

112 1471 178 1533 5
174 1473 314 1520 bebit.
382 1477 439 1522 Β.
471 1477 570 1537 Jam
592 1476 710 1521 istud
734 1477 1013 1541 perfugium,
1053 1488 1148 1541 quo
1170 1489 1220 1524 tu
1244 1477 1396 1531 uteris,
1420 1494 1557 1540 quam
1592 1477 1685 1523 vim
1720 1475 1886 1522 habeat:

120 1537 241 1584 vide.
311 1540 421 1585 Mea
442 1557 563 1585 enim
588 1540 703 1588 nihil
726 1542 879 1596 refert,
904 1560 959 1590 an
983 1544 1074 1605 ipse
1097 1545 1197 1589 Rex
1219 1541 1382 1596 aderit,
1401 1557 1458 1587 an
1480 1558 1577 1601 eJus
1600 1552 1885 1602 procurator3

119 1615 166 1646 11
173 1619 315 1665 roque
334 1605 455 1650 enim
477 1606 616 1650 modo
639 1607 778 1668 Regis
814 1607 1017 1668 periculo
1039 1607 1298 1669 litigabitur
1341 1624 1352 1652 :
1387 1605 1446 1660 ei,
1471 1623 1561 1653 non
1588 1604 1885 1667 procuratori,

71 1712 73 1718 ,
119 1678 176 1713 ex
198 1683 361 1714 eventu
379 1668 544 1743 judicii
562 1671 780 1717 damnum
804 1684 882 1717 aut
903 1672 1081 1718 lucrum
1101 1672 1303 1722 accedet
1355 1670 1454 1732 Ipse
1473 1668 1785 1730 deniquereus
1807 1669 1886 1724 est3

119 1734 166 1780 id
190 1735 266 1787 est,
291 1733 327 1778 is
351 1735 479 1795 cujus
502 1750 569 1779 res
592 1735 760 1796 agitur.
829 1737 971 1781 Nunc
995 1750 1041 1783 tu
1066 1737 1203 1782 weIIm
1227 1735 1495 1788 confidere3‚
1511 1750 1645 1797 quam
1673 1749 1762 1780 non
1787 1750 1887 1779 mo·

86 1807 97 1819 ‘
122 1799 182 1846 do
207 1799 258 1844 fit
281 1799 539 1852 absurdum,
565 1799 636 1845 sed
660 1800 795 1847 etiam
834 1800 1066 1863 iniquum,
1105 1802 1161 1847 cle
1199 1799 1438 1863 praediolo,
1499 1801 1557 1846 de
1617 1798 1885 1854 luminibus,

122 1865 180 1910 de
215 1863 314 1910 still}
323 1863 452 1909 cidiis
489 1833 696 1912 adversus
734 1868 909 1928 Regem
949 1866 1175 1926 judicium
1220 1865 1318 1911 dari
1365 1882 1375 1910 ε
1437 1863 1689 1925 parricidii,
1747 1878 1887 1909 vene-

121 1928 233 1982 ficii,
277 1927 604 1990 perduellionis
641 1909 832 1976 nulluni'
870 1930 954 1976 effe
985 1929 1213 1990 judicium
1257 1947 1269 1975 t
1320 1929 1367 1975 in
1393 1927 1645 1987 minoribus
1667 1928 1800 1974 rebus
1822 1927 1889 1974 se·

119 1992 440 2054 veritateju'ris
467 1992 550 2046 uti,
575 1992 621 2039 in
645 1995 854 2040 maximis
880 1993 1064 2058 flagitiis
1106 1995 1326 2041 summam
1348 1985 1580 2041 licentiam
1605 1990 1646 2039 &
1685 1992 1888 2054 impuni-

121 2070 260 2106 tatem
285 2058 486 2120 permitti
522 2074 533 2104 ε
569 2070 616 2103 ut
638 2060 772 2121 plane
806 2075 966 2106 verum
989 2061 1074 2106 effe
1094 2059 1303 2106 videatur
1323 2058 1562 2120 antiquum
1583 2057 1720 2111 illud,
1763 2059 1890 2121 Leges·

121 2141 377 2170 aranearum
396 2124 487 2169 telis
507 2124 575 2184 ff
610 2123 848 2186 petstmiles,
889 2141 971 2186 quae
1007 2124 1168 2184 muscas
1205 2127 1433 2175 detineant,
1477 2122 1686 2169 animalia
1721 2125 1889 2186 majora

122 2188 428 2247 transnittant.
496 2188 666 2249 Neque
696 2189 813 2251 justa
833 2189 890 2235 est
915 2188 995 2235 illa
1029 2189 1317 2251 quorundam
1340 2187 1527 2250 querela
1548 2191 1587 2232 δε
1609 2186 1887 2247 indignatio,

122 2252 203 2316 qui
221 2253 379 2298 dicunt
397 2269 545 2316 neque
568 2252 802 2300 honestum
843 2269 926 2301 nec
949 2268 1135 2326 aequum
1158 2254 1242 2299 effe
1282 2264 1330 2298 ut
1352 2253 1408 2298 de
1431 2251 1561 2314 Rege
1583 2251 1640 2296 ab
1663 2249 1889 2298 inserioris

123 2316 297 2363 ordinis
327 2317 513 2364 homine
538 2319 882 2378 pronuncietur,
906 2334 1010 2365 cum
1035 2318 1081 2364 in
1105 2316 1186 2364 lite
1209 2318 1266 2364 de
1285 2331 1481 2389 pecunia
1503 2315 1575 2361 vel
1597 2331 1707 2378 agro
1722 2315 1817 2376 jam
1840 2316 1890 2362 id

121 2381 308 2428 videant
329 2395 561 2444 receptum
591 2400 601 2428 :
634 2387 682 2430 ὃς
706 2383 869 2428 summi
893 2382 1135 2428 secundum
1161 2383 1338 2444 Regem
1380 2380 1468 2427 viri
1505 2380 1760 2442 plerunque
1783 2395 1891 2426 cau-

122 2445 213 2493 sam
236 2446 391 2493 dicant
414 2447 533 2509 apud
551 2445 748 2505 judices,
784 2463 933 2509 neque
974 2436 1167 2500 divitiis,
1201 2462 1350 2510 neque
1372 2444 1613 2492 nobilitate
1651 2446 1735 2489 net:
1758 2432 1890 2490 rebus

81 2553 85 2555 ,
122 2509 255 2574 gestis
278 2525 441 2572 pares:
475 2523 529 2556 ac
551 2527 700 2573 neque
722 2512 836 2559 adeo
860 2513 1055 2558 multum
1078 2510 1210 2574 supra
1230 2513 1393 2574 vulgus
1417 2508 1688 2562 eminenteS,
1728 2510 1891 2570 longe·-

118 2592 214 2637 ‘que
252 2576 421 2637 majore
443 2575 683 2622 intervallo
720 2575 840 2622 infra
877 2592 977 2622 reos
999 2593 1139 2640 quarn
1162 2575 1358 2648 supremi
1379 2573 1552 2620 ordinis
1574 2572 1782 2620 homines
1807 2574 1892 2620 fin't

122 2639 243 2686 intra
270 2640 431 2703 Reges.
500 2640 603 2686 Nec
624 2657 676 2686 ea
699 2653 848 2687 tamen
870 2657 920 2688 ie
950 2642 1194 2703 optimates
1216 2639 1286 2687 illi
1309 2656 1361 2686 ac
1383 2638 1470 2684 viri
1508 2637 1715 2700 primarii
1737 2638 1794 2684 de
1815 2638 1891 2685 sua

124 2704 168 2750 d}
161 2703 350 2775 gnitate
371 2705 619 2768 quicquam
643 2705 893 2752 detractum
915 2706 1186 2754 existimant
1255 2704 1396 2767 Qod
1420 2702 1448 2748 fi
1480 2701 1615 2749 semel
1638 2702 1753 2748 illud
1773 2703 1893 2749 reci·

124 2767 322 2830 piamus-,
347 2787 396 2817 ut
434 2786 570 2817 nemo
593 2770 713 2842 apud
751 2770 958 2832 judicem
981 2770 1063 2816 nifi
1097 2769 1310 2816 omnibus
1343 2767 1478 2815 rebus
1498 2766 1773 2829 superiorem
1807 2765 1892 2814 fisti

123 2832 272 2893 poffit,
292 2835 623 2897 expectandum
648 2833 733 2880 erit
754 2834 1035 2882 tenuioribus
1057 2832 1206 2881 donec
1223 2834 1343 2898 Regi
1379 2844 1459 2880 aut
1487 2832 1629 2881 libeat
1649 2844 1729 2878 aut
1741 2831 1891 2878 otium

124 2896 179 2944 fit
201 2910 250 2944 ut
271 2899 328 2944 de
350 2898 496 2945 nobili
512 2915 594 2948 reo
618 2899 876 2962 cognoscat.

190 2962 443 3010 LXXXII
478 2961 623 3025 Qud,
647 2965 772 3026 quod
795 2963 978 3011 istorum
1000 2961 1185 3026 querela
1203 2978 1295 3009 non
1318 2962 1458 3009 modo
1479 2951 1640 3023 injusta
1656 2957 1731 3007 sed
1752 2959 1891 3007 etiam

126 3025 236 3072 falsa
257 3027 315 3072 est
349 3030 367 3073 ?
403 3029 559 3076 Nemo
580 3028 705 3074 enim
728 3029 809 3090 qui
847 3029 905 3076 ad
936 3028 1145 3089 judicem
1183 3027 1325 3080 venit.
1365 3021 1424 3073 ad
1443 3025 1706 3073 inferiorem
1727 3024 1892 3072 venit:

126 3089 370 3152 praesertim
391 3108 495 3138 cum
520 3105 669 3148 tantus
691 3092 837 3140 honos
868 3110 895 3140 a
930 3093 1035 3139 Deo
1056 3092 1155 3156 ipso
1171 3092 1380 3154 judicum
1402 3090 1554 3139 ordini
1580 3090 1818 3145 habeatur,
1844 3093 1896 3136 ut

123 3169 205 3201 ecs
227 3167 318 3201 non
344 3158 492 3220 Reges
512 3158 651 3205 modo
674 3157 748 3204 sed
765 3157 905 3205 etiam
929 3157 1057 3206 Deos
1083 3171 1236 3210 vocet,
1257 3155 1490 3220 suamque,
1513 3155 1668 3217 quoad
1690 3154 1787 3201 fieri
1807 3167 1896 3227 pof-

128 3219 226 3273 test,
249 3218 520 3282 dignitatem
542 3238 646 3268 cum
667 3222 731 3268 eis
760 3222 1318 3285 communicet.1taque
1340 3221 1581 3268 Pontifices
1601 3219 1672 3267 illi
1693 3217 1897 3266 Romani

129 3282 211 3343 qui
233 3283 437 3346 Regibus
462 3287 598 3349 pedes
628 3285 727 3333 suos
748 3287 942 3350 gratiose
975 3286 1277 3349 indulgebant
1297 3286 1588 3340 osculandos,
1604 3283 1686 3356 qui
1703 3272 1894 3330 adveni·
1942 3318 1943 3324 ,

129 3345 310 3392 entibus
332 3350 387 3394 ad
411 3349 453 3395 se
473 3351 617 3397 mulas
639 3350 735 3397 suas
753 3351 939 3401 obviam
962 3351 1148 3398 honoris
1165 3351 1294 3399 causa
1314 3350 1575 3405 mittebant,
1600 3347 1681 3411 qui
1697 3347 1896 3420 pedibus

130 3405 461 3472 Imperatorum
484 3431 600 3461 cerv
608 3430 680 3460 ces
703 3415 1087 3472 conculcabant,
1075 3431 1121 3462 1n
1139 3415 1216 3477 jus
1238 3412 1388 3462 vocati
1421 3413 1645 3477 parebant'
1676 3431 1693 3468 3
1727 3429 1754 3458 a
1769 3411 1897 3473 judi?

130 3474 258 3519 cibus
280 3477 424 3521 coacti
445 3477 486 3523 se
521 3477 783 3541 magistratu
813 3480 1106 3527 abdicabant.
1173 3481 1365 3526 Ioannes
1398 3479 1651 3524 Vicesimus
1678 3474 1895 3523 secundus
1941 3507 1944 3510 .

130 3552 157 3583 e
178 3537 290 3602 fuga
308 3543 544 3599 retractus,
567 3543 707 3592 etiam
729 3545 776 3592 in
812 3559 1034 3594 carcerem
1059 3543 1311 3603 conjessus,
1330 3559 1382 3593 ac
1401 3541 1481 3593 vix
1499 3543 1682 3593 tandem
1707 3535 1898 3647 peclugifi

1802 3614 1815 3645 1
1851 3614 1894 3645 ed
