2055 3828
207 117 339 186 216
513 119 870 185 RERUM
961 113 1640 183 ScorrcARuM

161 265 163 275 ⁴
206 214 516 280 desperatione
535 217 706 264 erexit:
735 227 817 259 nec
831 227 909 258 eos
923 212 1117 275 pecunia
1136 211 1296 269 solum,
1311 212 1383 260 sed
1405 212 1569 276 gloria,
1583 219 1623 260 δε
1644 214 1794 273 armis,
1815 221 1855 264 δε
1874 232 1954 279 apa

205 293 366 354 paratu
387 280 554 328 bellico
575 281 718 326 auxit.
754 276 922 338 Neque
939 276 1039 322 suos
1061 277 1217 330 modo,
1237 276 1318 339 qui
1342 278 1506 340 partim
1529 277 1669 332 bello,
1688 281 1849 341 partim
1874 294 1956 344 per

204 344 410 398 inducias
439 344 558 406 capti
591 352 734 395 erant,
757 339 1063 394 redemerunt,
1087 340 1160 387 sed
1186 356 1394 404 magnam
1418 357 1475 388 ex
1496 340 1687 404 captivis
1715 343 1956 404 pecuniam

202 408 513 458 confecerunt.
578 407 647 451 Ex
684 403 837 466 spoliis
873 417 1027 451 autem
1064 402 1285 466 plaerique
1321 406 1363 452 δι’
1383 404 1661 467 superiorum
1695 417 1954 468 temporum

201 470 369 520 damna
388 476 749 531 compeniarunt‚
781 474 822 514 δε
848 484 1035 531 magnas
1059 467 1106 514 in
1128 469 1352 531 posterum
1373 484 1483 530 opes
1504 480 1735 531 pararunt.
1802 471 1958 517 Vene-

201 549 303 585 rant
334 533 453 581 enim
480 532 622 595 Angli
655 548 757 578 cum
791 531 1114 595 preciossssirnis
1145 547 1295 578 rerum
1328 530 1505 579 suarum
1536 549 1626 580 non
1661 547 1877 596 tanquam
1899 533 1957 581 ad

202 601 393 652 bellurn,
425 597 497 642 sed
522 610 688 642 certam
711 596 964 658 vifloriam.
1033 596 1188 642 Rebus
1219 595 1342 642 bello
1371 595 1564 643 feliciter
1582 597 1714 660 gestis
1735 598 1835 649 Rex
1857 597 1955 643 hie-

202 679 340 714 mem,
367 678 468 722 quoe
488 659 638 706 secuta
658 661 717 707 est
736 661 896 707 statum
917 659 1046 724 regni
1067 659 1284 706 diuturno
1309 659 1429 706 bello
1450 658 1770 708 labefactatum
1792 662 1960 708 confir-

202 728 385 780 mando,
413 727 463 772 8<
485 723 673 786 praernia
708 725 823 771 bene
859 725 1028 771 meritis
1060 723 1357 787 persolvendo
1389 723 1676 787 consumpfit.
1742 725 1959 772 Proximo

201 806 304 836 vere
328 786 565 836 Bervicum
588 788 645 834 de
666 788 830 851 Anglis
851 790 911 834 est
932 800 1134 851 captum,
1158 789 1254 850 post
1273 787 1534 834 vicesimum
1556 803 1725 835 annum
1748 803 1885 851 quam
1908 788 1957 834 in

200 869 357 901 eorum
394 853 656 915 potestatem
681 865 878 899 venerat.
945 851 1158 898 Proxime
1179 851 1368 898 comitia
1387 852 1444 898 ad
1466 853 1634 899 A'e'rarn
1654 852 1802 900 Co‘ssae
1823 852 1956 915 oppi-

201 914 311 963 dum
335 916 434 963 sunt
454 913 639 962 indiela.
708 916 779 962 lbi
801 915 1030 978 frequenti
1046 927 1274 962 conventu
1295 913 1500 962 omnium
1522 915 1734 962 ordinum
1754 916 1958 980 suffragi·

202 981 238 1029 is
262 980 429 1029 Brussio
450 996 642 1042 regnum
661 981 720 1026 est
738 981 1071 1027 confirmatum.
1124 978 1306 1025 Deinde
1324 979 1433 1042 quia
1454 979 1633 1025 unicam
1656 996 1713 1025 ex
1729 981 1881 1042 priore
1906 997 1961 1026 u-

201 1061 312 1092 xore
346 1045 484 1092 filiam
525 1044 737 1099 habebat,
761 1043 1003 1107 optimates
1027 1058 1248 1090 memores
1270 1055 1491 1116 quantum
1521 1043 1742 1089 malorum
1774 1044 1958 1105 publice

200 1110 529 1156 redundaverat
550 1124 606 1155 ex
624 1123 676 1154 ea
698 1108 1014 1163 controversia,
1035 1124 1134 1171 quae
1156 1107 1460 1170 superioribus
1483 1106 1762 1169 temporibus
1785 1108 1842 1156 de
1857 1108 1960 1169 jure

201 1175 358 1238 Regia:
382 1170 658 1219 succeffionis
690 1172 853 1227 fuerat,
877 1172 1190 1224 decreverunt,
1218 1184 1267 1218 ut
1288 1172 1316 1217 si
1343 1172 1467 1218 nulla
1489 1171 1608 1233 Regi
1643 1170 1787 1234 stirpis
1807 1171 1957 1218 virilis

199 1239 348 1301 proles
372 1235 741 1290 effenEduardus
763 1236 858 1296 ejus
880 1236 1016 1283 frater
1034 1237 1134 1283 Rex
1151 1248 1379 1299 crearetur
1399 1255 1409 1282 ε
1430 1235 1617 1297 ejusque
1639 1235 1852 1297 deinceps
1874 1232 1958 1283 filii

202 1301 504 1349 succederent.
573 1300 714 1362 Qod
751 1301 778 1346 fi
802 1300 839 1345 is
860 1317 1044 1363 quoque
1068 1301 1157 1347 fine
1187 1300 1318 1362 stirpe
1339 1299 1461 1346 virili
1484 1300 1723 1346 decederet
1745 1313 1840 1347 tum
1864 1301 1958 1347 Ro-

202 1366 317 1414 berti
342 1365 433 1411 filia
457 1366 526 1425 (ll
550 1364 716 1416 Maria,
740 1365 995 1426 posterique
1017 1364 1112 1423 ejus
1133 1380 1324 1426 regnum
1353 1376 1574 1417 tenerent,
1595 1364 1764 1411 interea
1790 1364 1958 1411 nobili·

200 1444 267 1477 tas
289 1430 456 1483 virum,
480 1428 553 1474 cui
575 1445 673 1474 eam
697 1428 975 1474 collocarent
997 1428 1189 1489 dignum
1213 1428 1378 1490 puellae
1397 1427 1557 1490 Regiae
1580 1428 1887 1483 matrimonio,
1913 1434 1954 1475 δε

199 1494 328 1557 regni
363 1491 626 1539 successione
663 1491 900 1554 eligerent.
967 1491 1124 1538 Multo
1146 1493 1265 1538 enim
1287 1491 1459 1554 aequius
1482 1493 1581 1544 effe,
1605 1504 1652 1538 ut
1673 1493 1839 1555 puellae
1861 1508 1957 1540 ma·

198 1558 310 1604 ritus
333 1556 390 1602 ab
413 1556 644 1610 omnibus,
668 1571 804 1618 quam
829 1572 854 1605 a
876 1556 1028 1617 puella
1050 1557 1150 1602 Rex
1170 1556 1384 1602 emnibus
1405 1556 1663 1617 eligeretur.
1709 1556 1957 1604 Decretum

198 1619 384 1684 quoque
403 1618 469 1664 ibi
494 1633 540 1665 ut
562 1620 687 1684 Rege
712 1619 948 1682 impubere
967 1619 1175 1665 Thomas
1197 1618 1471 1673 Randolfus,
1491 1632 1566 1665 aut
1589 1621 1615 1665 fi
1639 1620 1750 1681 quid
1774 1620 1815 1666 ei
1837 1620 1957 1666 acci-

198 1684 342 1736 disset,
368 1684 559 1731 Iacobus
577 1683 834 1745 Duglaffius
854 1682 993 1744 Regis
1015 1696 1156 1736 tutor,
1179 1688 1226 1730 &
1250 1682 1379 1745 regni
1401 1683 1679 1746 gubernator
1698 1684 1816 1729 ess'et.

264 1749 438 1796 XL111.
472 1749 609 1795 Pania
630 1764 777 1793 rerum
799 1746 823 1793 ὲ
844 1748 1046 1793 Roberto
1068 1746 1211 1799 domi,
1232 1746 1435 1810 bellique
1455 1747 1675 1810 gestarum
1698 1749 1767 1808 (2)
1791 1764 1845 1793 ex
1865 1745 1955 1794 Hi-

197 1811 326 1860 berni
345 1830 357 1862 t
379 1815 550 1875 legatos
572 1811 740 1859 excivit
763 1813 818 1858 ad
840 1811 899 1865 se,
923 1811 1088 1874 suaque
1110 1811 1266 1858 omnia
1285 1811 1331 1858 in
1363 1811 1498 1857 fidem
1521 1811 1615 1873 ejus
1634 1812 1956 1874 permittenda.

199 1878 340 1942 de
357 1878 386 1924 ’θ
414 1875 556 1938 ipsum
579 1892 728 1923 rerum
753 1875 925 1922 suarum
950 1876 1066 1922 ratio
1087 1875 1309 1923 detineret
1329 1874 1473 1930 domi,
1488 1875 1694 1930 orabant,
1713 1889 1760 1922 ut
1783 1875 1959 1922 Eduar-

197 1943 308 1988 dum
351 1943 532 1987 fratrem
558 1942 733 2004 Regem
769 1939 850 1986 fibi
872 1940 1000 1987 daret
1028 1957 1039 1985 :
1088 1957 1177 1987 neu
1200 1940 1359 1987 fineret
1391 1953 1576 2004 gentem
1611 1951 1850 2003 cognatam
1878 1939 1959 1986 sub

197 2005 391 2058 c'rudeli,
417 2003 673 2068 &superba
694 2003 1007 2051 dominatione
1037 2004 1297 2067 Anglorum
1319 2003 1595 2050 intolerabili
1624 2003 1833 2050 servitute
1855 2020 1956 2065 prc-

198 2068 281 2116 mi.
349 2067 631 2131 Scripscrunt
664 2068 787 2115 idern
811 2067 1011 2115 Hiberni
1037 2069 1174 2116 etiam
1196 2069 1253 2115 ad
1281 2066 1546 2115 Pontificem
1575 2069 1834 2115 Romanum
1865 2066 1959 2115 fere

197 2132 246 2179 in
268 2133 460 2181 eandem
484 2133 764 2180 sententiam.
832 2134 876 2178 ls
899 2149 1003 2179 cum
1026 2132 1182 2179 frustra
1203 2131 1456 2186 monuiss'et‚
1482 2146 1531 2179 ut
1548 2132 1606 2178 ab
1625 2131 1844 2179 Hibernis
1860 2132 1957 2179 An·
2019 2148 2045 2168 '-

198 2198 303 2260 glus
325 2197 536 2259 injuriam
567 2195 822 2248 abstineret,
854 2196 1037 2243 tandem
1070 2196 1306 2244 Eduardus
1332 2192 1521 2243 Brussiui
1545 2198 1600 2243 εὸ
1622 2212 1728 2243 cum
1757 2195 1959 2244 exercitu
2001 2206 2024 2236 >⁸

199 2261 428 2325 profeftus
451 2278 619 2324 magno
642 2259 945 2308 universorum
964 2260 1174 2308 consensu
1196 2261 1295 2307 Rex
1313 2261 1373 2306 est
1390 2261 1661 2322 appellatus.
1720 2262 1873 2310 Primo
1894 2257 1961 2317 sui

200 2326 420 2372 adventus
441 2342 562 2372 anno
584 2324 826 2373 Ultoniam
849 2339 1030 2372 omnem
1049 2323 1382 2389 ejec'tis·Anglis
1404 2324 1489 2370 suae
1511 2324 1698 2373 ditionis
1721 2323 1829 2372 fecit
1853 2343 1864 2372 ;
1890 2341 1962 2371 re·
2018 2354 2027 2376 ,ι

200 2388 468 2453 liquamque
490 2402 631 2438 totam
665 2387 854 2436 insulam
877 2388 1049 2436 vielore
1076 2387 1281 2436 exercitu
1302 2387 1577 2452 peragravit.
1643 2387 1960 2452 Annoproxi·
2015 2437 2023 2445 ,

200 2469 279 2500 mo
299 2469 418 2500 novo
438 2470 495 2501 ex
510 2453 680 2518 Anglia
697 2452 942 2501 transmisso
957 2453 1160 2500 exercitu
1181 2469 1285 2499 cum
1309 2453 1419 2500 belli
1441 2453 1584 2514 major
1602 2453 1745 2500 moles
1762 2452 1960 2506 instaret.

201 2513 427 2577 Robertus
452 2534 636 2582 quoque
661 2517 791 2564 novis
813 2516 957 2580 copiis
976 2517 1143 2564 coaftis
1161 2517 1215 2563 ad
1239 2517 1423 2564 fratrem
1442 2516 1682 2564 festinavit.
1726 2518 1880 2564 Multa
1899 2516 1967 2563 ob

201 2579 404 2644 inopiam
428 2594 766 2628 commeatuum
790 2580 837 2627 in
866 2597 920 2627 ea
949 2580 1240 2643 expeditione
1262 2582 1424 2644 passus,
1443 2597 1547 2628 cum
1582 2580 1675 2628 fere
1707 2580 1839 2628 unius
1869 2578 1963 2628 diei
1986 2580 2009 2630 ,Α

200 2644 365 2692 itinere
387 2644 567 2698 abesset,
590 2645 755 2692 certior
772 2646 832 2692 est
850 2645 993 2692 fastus
1014 2645 1197 2692 fratrem
1214 2661 1319 2692 cum
1337 2645 1551 2692 omnibus
1571 2661 1678 2692 eum
1694 2643 1854 2692 secutis
1872 2656 1965 2692 ter·

205 2709 273 2756 tio
293 2709 455 2761 Nonas
477 2708 702 2756 octobres
724 2707 886 2755 caesum
909 2707 1051 2756 fuiffe.
1091 2744 1098 2751 .
1118 2710 1258 2755 Fama
1278 2709 1340 2755 est
1353 2710 1619 2757 Eduardum
1640 2707 1782 2756 nimia
1801 2707 1963 2772 gloriae

203 2772 457 2835 cupiditate
485 2774 712 2837 percitum
744 2788 842 2820 rem
871 2772 1185 2837 praecipitasse,
1208 2788 1266 2819 ne
1287 2788 1393 2820 cum
1418 2773 1556 2821 fratre
1575 2771 1812 2821 vietoriam
1833 2788 1963 2821 com-

200 2837 469 2886 municaret.
1962 2892 1976 2904 θ

236 2909 241 2915 “
270 2902 445 2950 XLIV.
476 2901 577 2950 Rex
588 2898 774 2965 Angliae
794 2915 898 2948 cum
917 2900 1106 2948 resciss'et
1123 2902 1279 2948 florem
1299 2899 1468 2948 virium
1487 2900 1651 2956 scotiae
1671 2900 1720 2948 in
1737 2898 1968 2949 Hibernia

204 2967 296 3014 u'na
317 2982 422 3014 cum
449 2962 616 3015 Bruffio,
638 2965 784 3012 abesse
813 2961 954 3012 domo
974 2965 1151 3027 procul,
1165 2965 1569 3012 commodissimam
1589 2965 1975 3017 occasionem-,uim

204 3029 403 3085 ciscendi
423 3031 590 3087 damna
612 3028 891 3094 superiorum
911 3041 1170 3094 temporum
1193 3030 1275 3079 fibi
1295 3030 1450 3079 datam
1470 3042 1612 3086 ratus,
1627 3045 1814 3094 magnas
1833 3027 1965 3094 copi·

320 3127 326 3130 .
1190 3139 1200 3143 ,
1232 3137 1234 3139 .
1355 3125 1357 3127 -
1377 3139 1378 3142 ,
1769 3141 1774 3145 .
1958 3124 1967 3142 r

224 3166 245 3179 *⁴
260 3165 321 3214 (ι)
341 3163 416 3204 She
446 3166 477 3206 is
499 3168 618 3206 called
648 3167 695 3217 by
724 3164 848 3207 others
871 3166 1060 3216 Margerie
1111 3168 1208 3207 lived
1228 3171 1341 3207 under
1358 3166 1459 3206 their
1474 3180 1560 3206 own
1577 3166 1703 3217 kings,
1723 3167 1820 3208 until
1835 3168 1966 3218 Hem-5

207 3230 250 3255 or
274 3217 469 3270 Manioi-ie,
490 3221 701 3259 afterwards
719 3221 876 3260 married
892 3230 931 3261 to
949 3223 1060 3260 wal-
1113 3224 1167 3260 11.
1190 3223 1285 3272 king
1305 3222 1348 3260 of
1359 3222 1527 3271 England
1551 3221 1604 3259 set
1625 3221 1777 3270 footing
1799 3221 1965 3269 amongst
1994 3224 2003 3251 ·'

208 3278 278 3316 ter,
297 3270 361 3309 the
380 3281 482 3320 great
497 3274 644 3312 steward
663 3275 709 3313 of
719 3275 907 3314 Scotland.
960 3275 1063 3313 Vide
1114 3274 1234 3322 them,
1247 3276 1318 3314 and
1334 3276 1537 3325 conquered
1554 3287 1575 3312 a
1594 3283 1695 3323 great
1712 3281 1791 3325 part
1804 3273 1854 3318 of⁴
1865 3272 1967 3326 their
1981 3304 1987 3319 ,

207 3334 288 3371 cap.
306 3321 366 3374 56.
734 3350 743 3358 -
1107 3338 1276 3378 country.
1331 3327 1403 3365 His
1421 3326 1624 3374 successore,
1640 3326 1740 3376 piece
1758 3327 1827 3363 and
1845 3325 1964 3375 piace,

262 3373 327 3423 (2)
354 3376 442 3414 The
460 3378 639 3428 kingdom
657 3380 701 3419 of
722 3381 866 3419 Ireland
885 3381 957 3419 had
974 3394 1058 3419 ever
1111 3381 1182 3418 had
1201 3380 1358 3429 brought
1375 3379 1441 3418 the
1460 3379 1584 3420 whole
1601 3389 1754 3432 country
1779 3378 1859 3419 into
1879 3375 1916 3417 su

210 3425 303 3486 kept
332 3429 471 3477 perse&
488 3431 685 3483 friendthip
703 3433 796 3471 with
815 3434 1004 3481 Seotland,
1021 3446 1058 3480 ιε,
1106 3434 1249 3487 jection
1269 3433 1313 3485 by
1332 3431 1408 3473 this
1427 3433 1534 3474 time.
1878 3432 1882 3438 ⁸
1930 3430 1936 3455 ³
1962 3431 1973 3457 ’·

211 3478 324 3530 being
336 3481 381 3519 of
392 3493 462 3521 one
474 3484 629 3533 original
643 3487 714 3525 and
733 3487 923 3538 language.
947 3485 1059 3538 They

229 3673 249 3680 ᾳ
492 3677 495 3680 ,
745 3657 748 3660 ’
1235 3665 1240 3669 ,
1809 3663 1827 3684 x
1892 3659 1897 3665 Ι
1943 3655 1945 3657 ,
