2006 3858
242 136 539 201 LIBER
614 134 1584 202 DECIMUSSEPTIMUS.
1674 154 1800 217 493

34 238 131 300 jam
154 232 326 280 viribus
349 232 403 279 in
435 247 643 295 tempore
681 235 887 281 animum
930 246 1235 298 expromeret.
1303 232 1358 280 Id
1401 244 1553 278 autern
1575 245 1676 277 non
1696 231 1809 276 adeo

40 298 224 358 'difficile
247 298 693 346 videbaturconcilio
714 299 994 348 Tridentino
1017 316 1109 348 non
1132 300 1195 346 ita
1209 297 1387 361 pridem
1408 297 1643 347 inchoato,
1660 294 1813 364 specie

40 365 229 428 quidem
251 362 309 407 ad
328 361 625 408 restituendos
644 363 865 426 collapsos
888 365 1086 410 ecclefiae
1106 380 1279 410 mores:
1316 379 1471 409 revera
1494 361 1550 406 ad
1575 360 1816 420 Evangelii

41 428 304 492 professores
326 426 652 481 eliminandos,
674 430 799 488 quod
822 430 972 490 postea
992 445 1049 475 ex
1071 428 1255 474 concilii
1276 426 1527 474 secretioris
1549 425 1733 470 decreto
1754 424 1815 495 est

42 493 339 540 declaratum.
410 491 484 537 Ad
504 490 600 535 hsec
635 494 850 537 avunculi
870 493 1096 555 Reginam
1122 494 1417 539 vehementer
1439 491 1721 542 animabant,
1746 504 1818 533 vl-

42 574 111 610 res
135 557 328 615 Papanae
347 554 556 601 faitionis
579 555 948 611 demonstrando,
990 558 1066 602 cui
1090 557 1184 604 dux
1203 575 1259 604 ex
1277 555 1462 603 concilii
1485 556 1670 602 decreto
1691 553 1820 599 futu-

45 637 118 670 rus
142 620 246 665 effet
268 619 528 674 franciscus
551 618 743 666 fratrum
768 621 1078 667 Gufianorum‘
1103 635 1211 668 natu
1236 621 1460 667 maximus
1487 638 1497 666 t
1532 619 1705 665 interea
1729 618 1823 664 Ca·

45 685 167 735 folus
213 683 470 730 Cz-dinalis
504 684 623 729 inter
665 697 734 730 tot
775 686 984 746 publicas
1009 702 1138 731 curas
1162 685 1226 732 sui
1251 702 1340 732 non
1365 687 1537 732 oblitus
1562 683 1825 730 consulebat

45 750 256 811 Reginae,
285 761 330 794 ut
353 748 698 810 supellectilem,
724 749 1042 812 mundumque
1061 750 1332 797 muliebrem
1359 749 1515 813 magni
1559 748 1700 811 precii
1731 748 1826 793 Re·

47 814 157 876 gina
179 813 304 859 velut
321 813 368 859 in
392 813 531 859 alium
551 814 711 859 orbem
735 814 972 860 tranfitura
992 815 1113 876 apud
1139 815 1179 860 se
1196 815 1464 877 deponeret,
1488 815 1636 861 donec
1671 814 1727 858 de
1761 809 1831 858 sui

45 877 221 923 itineris
245 891 410 924 eventu
433 877 599 923 certius
622 878 931 942 cognosceret.
1002 880 1088 925 Illa
1129 878 1263 926 facile
1286 879 1518 926 intellecta
1558 876 1736 931 fraude,
1778 887 1829 922 ut

46 954 151 1004 qu'ae
175 941 371 988 hominis
395 941 635 1004 ingenium
662 943 802 1004 probe
825 944 983 996 nosset,
999 943 1250 1005 respondit,
1277 960 1383 989 cum
1408 946 1448 989 se
1473 943 1678 1007 periculo
1699 957 1830 988 corn-

47 1005 265 1061 mitteret,
291 1023 383 1052 non
405 1008 578 1061 videre,
605 1022 684 1053 cur
708 1009 881 1054 mundo
897 1011 1046 1071 magia
1066 1026 1202 1072 quam
1228 1009 1309 1055 fibi
1332 1022 1526 1055 caveret.

121 1073 257 1118 Vm.
297 1072 386 1118 His
408 1071 474 1117 ita
498 1072 915 1126 decretis,mittitur
935 1073 980 1119 in
1008 1074 1228 1136 Angliam
1251 1074 1309 1119 ad
1331 1073 1525 1135 Reginae
1546 1071 1831 1118 voluntatem

47 1137 379 1198 explorandam
404 1138 619 1182 Ofelli-us.
689 1140 732 1183 Is
755 1138 1006 1184 honorifice
1027 1139 1084 1184 ab
1105 1140 1261 1201 Angla
1283 1151 1509 1200 receptur„
1534 1153 1586 1182 ac
1611 1136 1756 1182 statim
1779 1136 1829 1182 in

50 1200 256 1247 Galliam
281 1201 482 1247 remiffus
503 1202 639 1248 refert
662 1202 855 1265 Reginae
879 1204 1138 1255 Scotorum,
1176 1212 1210 1231 “
1236 1205 1263 1247 fi
1301 1219 1382 1264 per
1407 1202 1627 1264 Angliam
1650 1201 1834 1246 transire

49 1265 208 1320 vellet,
233 1266 408 1311 nullum
430 1282 527 1312 eam
554 1266 771 1320 officium,
793 1267 918 1329 quod
944 1268 1014 1312 vel
1039 1284 1064 1312 a
1086 1267 1377 1328 propinquis,
1403 1267 1474 1311 vel
1497 1267 1554 1311 ab
1577 1264 1734 1311 amicis
1753 1282 1835 1310 ex·

49 1332 223 1392 peclari
244 1332 449 1385 deberet,
473 1331 823 1377 desideratur-am
850 1349 861 1378 :
895 1331 1029 1393 seque
1053 1331 1242 1378 maximi
1272 1331 1482 1378 beneficii
1506 1332 1609 1376 loco
1631 1330 1677 1375 id
1703 1330 1835 1374 habi-

52 1408 220 1457 turam.
284 1395 363 1442 Sin
398 1395 651 1442 declinaret
673 1395 798 1442 suum
823 1397 1127 1459 congressum,
1167 1395 1461 1444 contumeliae
1491 1396 1596 1441 loco
1620 1408 1836 1455 acceptu‹

52 1461 201 1505 ram.''
267 1461 493 1506 Praeterea
514 1461 690 1506 classem
715 1461 817 1506 satis
840 1461 1040 1523 amplam
1065 1474 1304 1508 ornaverat
1348 1461 1505 1523 Angla
1545 1459 1691 1521 specie
1713 1458 1836 1520 pira-

55 1536 121 1570 tas
145 1524 459 1587 persequendi.
528 1525 581 1571 ld
605 1525 1114 1587 aliiinterpretabantur
1132 1526 1301 1573 fac‘tum
1325 1528 1383 1573 ad
1403 1523 1631 1588 Reginam
1671 1526 1833 1569 Scoto—

59 1606 160 1635 rum
184 1589 524 1651 excipiendam,
557 1590 588 1636 sz
630 1590 671 1637 se
693 1592 841 1637 invita
877 1590 1062 1637 transire
1084 1605 1340 1638 conaretur.
1408 1591 1565 1637 Unam
1590 1599 1743 1635 autem
1767 1587 1843 1634 illi·

55 1670 238 1708 navem,
258 1654 306 1699 in
329 1671 420 1716 qua
431 1654 680 1718 navigabat
702 1656 871 1702 Comes
882 1655 1168 1718 Eglentonii‚
1190 1655 1456 1702 Londinum
1501 1666 1836 1718 pertraxerunt,

56 1734 110 1764 ac
129 1719 256 1765 brevi
280 1719 474 1766 liberam
492 1719 776 1770 dimiserunt.
846 1721 933 1766 Sed
957 1721 1276 1783 qualecunque
1300 1720 1503 1766 fueritin
1525 1719 1655 1766 claffe
1675 1735 1841 1781 paran-

59 1784 120 1829 da
142 1782 397 1837 confilium,
442 1783 644 1839 fortuna,
670 1786 698 1830 ss
722 1784 837 1847 quid
869 1785 1181 1832 intentabatur
1204 1785 1412 1848 periculi,
1436 1783 1646 1832 discuffit.
1714 1783 1842 1830 Nam

58 1848 318 1894 triremibus
335 1848 530 1895 Gallicis
568 1848 615 1894 in
640 1852 782 1896 altum
805 1850 970 1895 evenis
993 1849 1145 1913 cal-ign
1169 1868 1250 1913 per
1270 1850 1452 1913 aliquot
1472 1852 1568 1898 dies
1591 1850 1651 1894 est
1673 1847 1842 1903 secuta,

58 1912 207 1959 donec
242 1913 288 1959 in
325 1914 527 1960 Scotiam
568 1914 627 1959 ad
664 1915 992 1961 duodecimum
1032 1916 1261 1977 Cal-endas
1284 1916 1580 1978 Septembres
1607 1914 1845 1977 applicue-

59 1990 183 2028 runt.

126 2043 211 2096 IX.
248 2043 388 2090 Fama
408 2043 466 2090 de
488 2042 683 2108 Reginae
706 2043 903 2092 adventu
928 2045 1086 2108 passim.
1104 2043 1358 2108 divulgata,
1381 2046 1521 2109 quicq
1529 2044 1607 2091 uid
1645 2055 1741 2092 erat
1763 2060 1849 2090 no·

61 2105 258 2154 bilitatis
280 2125 335 2154 ex
354 2111 568 2156 omnibus
587 2109 718 2173 regni
741 2111 948 2172 partibus
988 2112 1142 2174 paffim
1186 2112 1383 2158 accurrit
1403 2130 1414 2157 2
1433 2111 1617 2174 *partim
1641 2111 1766 2158 velut
1788 2110 1847 2156 ad

62 2172 367 2235 spectaculum
386 2174 644 2236 publicum,
670 2175 837 2236 partim
860 2190 911 2225 ut
933 2175 1136 2223 reditum
1177 2177 1531 2239 gratularentur.
1601 2180 1853 2226 Convene-

62 2249 164 2284 rant
203 2243 243 2292 ὃς
266 2239 496 2294 nonnulli,
542 2252 592 2286 ut
612 2240 762 2287 officia
779 2240 855 2287 sua
884 2257 994 2305 erga
1015 2241 1245 2288 absentem
1288 2254 1722 2294 commemorarent,
1743 2256 1849 2303 gra-

63 2303 268 2366 tiamque
284 2303 323 2364 ej
335 2322 381 2350 us
401 2304 548 2351 statim
571 2317 870 2367 occuparent,
909 2319 990 2353 aut
1011 2305 1305 2352 inimicorum
1329 2305 1582 2366 calumnias
1622 2305 1849 2370 praeveni-

62 2381 179 2414 rent.
248 2368 360 2415 Non
379 2370 533 2431 pauci,
555 2382 604 2416 ut
625 2386 682 2416 ex
700 2369 836 2417 initio
859 2371 968 2418 novi
992 2371 1123 2435 regni
1145 2370 1395 2433 auspicium
1442 2371 1500 2417 de
1523 2373 1658 2420 rebus
1684 2373 1849 2419 futuris

62 2445 315 2495 captarent.
348 2435 402 2480 In
422 2434 491 2480 his
511 2448 605 2481 tam
626 2433 763 2481 variis
803 2436 1065 2483 animorum
1085 2435 1286 2482 motibus
1309 2450 1469 2482 omnes
1492 2453 1548 2482 ex
1572 2454 1704 2502 aequo
1727 2437 1851 2484 suam

64 2497 297 2561 Reginam
315 2498 471 2546 videre
493 2499 756 2561 cupiebant,
779 2501 875 2562 post
898 2512 991 2548 tam
1008 2500 1154 2547 varios
1174 2500 1371 2547 fortunae
1385 2501 1618 2564 utriusque
1635 2515 1850 2556 eventus,

66 2563 196 2609 velut
217 2580 275 2609 ex
288 2563 516 2627 insperato
536 2563 615 2610 sibi
636 2565 837 2611 obla-tam
858 2581 872 2611 t
900 2577 950 2612 ut
966 2565 1203 2628 quaeinter
1220 2565 1471 2612 saeviffimas
1494 2567 1719 2614 bellorum
1737 2580 1856 2613 tem-

67 2628 256 2690 pestates
277 2641 405 2691 patre
427 2629 548 2677 intra
568 2628 741 2677 sextum
765 2646 903 2692 quam
928 2644 1035 2678 nata
1064 2643 1161 2678 erat
1181 2630 1304 2677 diem
1323 2631 1454 2686 orba,
1479 2631 1634 2679 matris
1663 2632 1855 2695 quidem

68 2692 313 2740 lectiffimae
335 2692 543 2740 foeminae
577 2694 753 2741 summa
784 2694 1030 2760 diligentia
1055 2696 1252 2743 educata
1288 2714 1303 2742 :-
1346 2696 1420 2742 sed
1443 2696 1564 2743 inter
1586 2697 1854 2744 domesticas

70 2757 330 2812 seditiones,
355 2765 395 2806 δε
434 2772 623 2806 externa
645 2759 768 2806 bella
788 2776 967 2815 eorum,
988 2760 1070 2823 qui
1092 2762 1195 2824 plus
1220 2760 1397 2823 possent
1419 2763 1587 2824 praedae
1610 2762 1787 2815 relicta,
1814 2770 1855 2808 (ἢν

70 2834 316 2885 antequam
339 2823 510 2871 sensum
535 2824 706 2871 habere
726 2825 952 2872 malorum
976 2828 1135 2889 poffet,
1159 2826 1376 2874 omnibus
1414 2827 1610 2873 fortunae
1633 2826 1856 2873 saevientis

69 2889 276 2950 expolita
297 2889 510 2952 periculis
545 2908 557 2936 t
602 2893 653 2938 ὅ(
682 2889 830 2952 patria
853 2890 1027 2946 relicta,
1053 2892 1183 2938 velut
1205 2890 1253 2937 in
1276 2890 1713 2954 exilium‘relegata,
1739 2891 1860 2937 inter

71 2950 266 3003 hostium
291 2970 432 3008 arma,
459 2958 506 3003 δί
529 2954 753 3001 Ηιιᾶαωη
772 2954 1043 3003 violentiam
1063 2972 1185 3020 aegre
1203 2955 1388 3001 servata.
1457 2955 1530 3002 Ibi
1555 2956 1742 3017 quidem
1764 2955 1859 3001 for-

73 3027 186 3066 tuna
207 3019 446 3079 paululum
467 3018 732 3066 blandiente
753 3019 1050 3067 matrimonio
1073 3020 1262 3082 quidem
1284 3018 1446 3065 illustri
1470 3022 1599 3067 amita
1634 3038 1644 3066 :
1683 3019 1754 3065 sed
1781 3037 1858 3065 ve-

72 3081 143 3127 lut
159 3082 380 3131 ostentato
395 3083 717 3147 magis,{quam
740 3084 949 3132 exhibito
970 3084 1144 3149 gaudio
1162 3083 1371 3131 extinclis
1396 3097 1558 3140 matre,
1577 3084 1786 3147 viroque,
1811 3086 1858 3133 in

72 3144 267 3201 luctum,
293 3153 332 3192 δε
351 3148 594 3194 orbitatem
618 3148 800 3209 rejecta,
825 3165 965 3204 novo,
986 3149 1114 3212 quod
1136 3160 1391 3210 acceperat,
1422 3165 1567 3212 regno
1586 3149 1758 3205 amilso,
1781 3167 1861 3196 ve-

73 3222 170 3261 tere
193 3220 335 3272 prope
351 3211 544 3261 incerto,
612 3206 1042 3262 Commendabatur
1060 3212 1198 3261 etiam
1219 3224 1385 3273 praeter
1404 3212 1717 3260 discriminum
1742 3216 1864 3263 vari»

74 3286 263 3328 etatem,
296 3275 562 3322 excellentis
590 3276 750 3324 formae
786 3277 1010 3328 bonitate,
1045 3281 1095 3328 &c
1120 3275 1459 3323 maturescentis
1483 3276 1569 3324 aevi
1599 3279 1776 3342 vigore,
1810 3285 1863 3332 &

78 3337 260 3400 ingenii
281 3337 510 3402 elegantia
535 3356 546 3385 τ
572 3356 709 3402 quam
733 3341 807 3387 vel
829 3353 1034 3394 auxerat,
1071 3342 1144 3387 vel
1167 3353 1288 3387 certe
1305 3340 1427 3404 falsis
1449 3341 1670 3391 virtutum
1694 3346 1867 3391 colori..

75 3401 160 3448 bus
183 3402 430 3466 gratiorem
456 3402 624 3454 fecerat
645 3403 794 3451 aulica
811 3405 1043 3460 educatio,
1064 3403 1255 3451 minime
1275 3406 1465 3468 quidem
1483 3406 1564 3454 illa
1587 3409 1772 3459 sincera,
1788 3411 1867 3460 scd

75 3468 135 3518 ad
157 3467 330 3514 honesti
353 3467 584 3531 quandam
607 3468 953 3515 fimilitudinem
978 3469 1251 3516 adumbrata
1283 3488 1294 3516 :
1331 3473 1382 3519 &
1402 3488 1507 3534 quae
1533 3486 1704 3520 naturae
1728 3475 1863 3520 boni-

76 3542 215 3587 tatem
237 3533 401 3586 studio,
427 3539 466 3579 &
490 3532 704 3594 placendi
726 3549 834 3579 cura
855 3533 1129 3583 deteriorem
1151 3533 1320 3582 faceret
1345 3551 1357 3581 ι
1383 3542 1422 3582 &
1448 3536 1669 3584 virtutum
1694 3538 1864 3586 semina

0 3613 2 3631 ι
78 3595 394 3654 delinimentis
425 3598 725 3661 voluptatum.
754 3600 1035 3656 retunderet,
1073 3599 1324 3662 quominus
1358 3600 1416 3654 ad
1453 3616 1656 3654 maturos
1689 3603 1862 3650 fructus

1760 3684 1864 3730 pesa.
