2055 3828
1808 6 1860 65 s

204 114 336 182 228
513 117 872 182 RERUM
963 110 1656 178 Sco-menum

209 202 492 252 Randolfum
530 215 633 250 ante
654 213 828 249 certum
849 199 971 246 diem
992 207 1186 246 mortem
1209 197 1462 247 obiturum.
1531 199 1633 246 Rex
1664 199 1713 248 in
1731 213 1831 248 eam
1849 198 1976 263 spem

211 267 390 332 ingenti
411 268 614 315 exercitu
637 276 900 325 comparato
921 278 1025 308 cum
1050 261 1107 308 ad
1130 261 1324 309 limitem
1347 278 1592 325 regnorum
1615 263 1813 318 venisset,
1841 265 1971 310 audi-

210 345 262 378 to
284 334 522 381 Scotorum
546 343 732 391 magnas
745 327 899 389 copias
916 344 1008 373 non
1033 325 1331 388 proculasuis
1354 327 1502 372 castris
1524 326 1684 378 abesse,
1707 328 1975 375 caduceato-
2039 319 2045 361 Ϊ

212 411 329 470 fem,
355 398 478 442 velut
499 393 556 440 ad
591 410 662 441 res
679 391 947 455 repetendas
971 391 1131 445 mittit,
1157 390 1325 452 juffum
1346 389 1581 452 explorare
1619 389 1721 453 quis
1743 388 1809 437 eis
1829 391 1975 452 copiis
2003 441 2012 452 ,
2044 423 2050 447 ·.

209 470 471 524 imperaret.
662 490 666 494 -
715 465 717 468 “
984 458 989 463 ’
2048 455 2050 458 ’

278 527 365 573 111.
398 520 672 576 Randolfus,
691 520 774 584 qui
794 519 956 568 morbo
976 518 1332 584 ingravescente,
1367 535 1419 566 ac
1451 533 1544 566 non
1565 518 1740 567 reverso
1770 518 1829 566 ad
1850 516 1976 565 diem
2049 575 2051 578 Α

213 587 438 635 monacho
459 585 616 649 pejora
635 585 794 633 omnia
828 584 1136 646 suspicaretur,
1161 583 1433 631 dissimulato
1455 582 1609 644 quoad
1630 582 1781 644 potuit
1818 580 1978 630 dolore

211 653 259 698 in
283 652 387 698 sella
407 663 512 697 ante
530 649 871 697 tabernaculum
895 648 1066 703 sedens,
1092 665 1143 695 ac
1164 651 1283 708 vesse
1305 646 1542 711 splendida
1561 645 1746 693 indutus
1769 646 1824 693 ad
1844 644 1978 692 soeci-

212 717 293 761 alis
324 714 546 777 postulata
567 727 785 778 tanquam
809 713 936 760 sanus
960 729 1012 760 ac
1038 713 1193 761 valens
1224 729 1328 774 quae
1349 710 1439 757 visa
1459 722 1589 758 erant
1616 708 1862 772 respondit.
1930 710 1977 756 Is
2051 723 2053 726 ⁴

210 794 315 825 cum
338 779 396 826 ad
419 780 595 842 Regem
619 778 727 833 visa,
752 783 791 825 δι
815 776 970 824 audita
990 777 1221 832 retulisset,
1246 775 1470 823 monacho
1499 773 1625 821 velut
1646 772 1865 821 mendace
1887 788 1978 836 pu·
2051 810 2055 816 .

209 842 309 889 nito
327 855 448 891 retro
470 844 596 904 signa
615 841 858 895 convertit,
879 841 1037 888 relicto
1059 841 1115 887 ad
1134 840 1303 888 limites
1324 839 1532 886 adversus
1552 837 1835 886 excursiones
1858 852 1976 900 prae-
2051 844 2055 851 ⁴

208 907 324 954 fidio
349 926 359 954 :
405 913 445 954 &
469 906 724 954 Randolfus
746 907 842 969 quo
865 905 1015 952 minus
1037 904 1386 969 progrederetur
1408 902 1559 950 morbi
1580 901 1888 948 violentiaim
1925 917 1975 948 e-

209 969 332 1017 ditus
371 972 476 1018 cum
499 970 678 1018 dimisso
700 969 904 1018 exercitu
925 967 1111 1033 rediret,
1155 969 1213 1016 ad
1246 966 1622 1029 Mustelburgum
1654 978 1849 1028 quatuor
1901 981 1975 1012 ere
2045 1001 2055 1020 ,

207 1035 357 1082 millia
377 1036 579 1098 passuum
602 1035 662 1082 ab
682 1033 971 1096 Edimburgo
993 1032 1172 1080 deceffit
1194 1048 1313 1080 anno
1335 1028 1488 1079 salutis
1511 1033 1581 1091 (1)
1608 1028 1847 1076 millesimo
1886 1040 1978 1075 tre·
2051 1044 2055 1050 ·

206 1100 453 1148 centesimo
475 1100 704 1164 trigesimo
721 1099 888 1163 prim0‚
909 1097 1090 1145 decimo
1109 1096 1243 1146 tertio
1261 1095 1488 1144 Calendas
1507 1093 1718 1157 Augusti,
1740 1093 1976 1164 postquam

206 1163 446 1212 biennium
470 1163 496 1210 ἦ
518 1177 663 1212 morte
682 1163 825 1228 Regis
847 1162 1039 1211 Roberti
1060 1162 1331 1226 imperasset,
1351 1160 1422 1206 vir
1442 1157 1729 1213 fortitudine,
1745 1163 1783 1205 δι
1803 1172 1869 1204 rei
1887 1156 1975 1204 mi·

206 1225 351 1279 litaris
371 1228 537 1294 peritia
556 1228 672 1277 nulli
694 1229 876 1293 Regum
899 1229 1137 1274 Scotorum
1157 1226 1371 1273 inferior:
1407 1222 1531 1287 pacis
1553 1225 1662 1270 vero
1681 1219 1975 1269 artibuslon·
2053 1263 2055 1265 .

205 1294 266 1357 ge
288 1295 502 1342 omnibus
522 1292 738 1357 superior.
792 1291 999 1356 Reliquit
1021 1291 1136 1339 duos
1159 1291 1276 1338 filios
1299 1289 1554 1342 Thmuam,
1575 1292 1615 1334 δι
1638 1287 1855 1334 Ioannem
1875 1285 1976 1348 pla-

204 1357 268 1406 ne
290 1370 417 1405 tanto
440 1370 567 1421 patre
589 1358 772 1422 dignos.
825 1356 1016 1411 Mortuo
1036 1355 1269 1402 Randolso
1303 1353 1432 1417 regni
1467 1351 1651 1399 custode
1675 1347 1761 1412 (ita
1778 1362 1874 1397 tum
1896 1364 1975 1397 eos

205 1422 453 1481 vocabant)
488 1423 656 1470 eleftus
690 1421 751 1467 est
784 1420 1036 1467 Duncanus
1060 1419 1245 1467 Marriae
1269 1419 1437 1465 Cornes
1472 1416 1528 1462 ad
1562 1426 1776 1478 quartum
1811 1413 1979 1461 Nonas

204 1486 402 1549 Augusti
435 1488 564 1552 Rege
597 1484 828 1532 decimum
852 1500 1021 1530 annum
1053 1496 1216 1546 agente
1242 1502 1252 1529 :
1284 1498 1379 1546 quo
1408 1480 1482 1528 die
1504 1478 1708 1542 trepidus
1729 1477 1890 1525 allatus
1912 1478 1975 1525 est

204 1550 402 1597 nuncius
435 1551 701 1598 Eduardum
736 1549 980 1596 Balliolum
1018 1548 1167 1610 pridie
1205 1547 1432 1594 Calendas
1468 1544 1515 1590 in
1552 1541 1755 1589 aestuario
1791 1542 1975 1589 Forthae

205 1628 312 1660 cum
335 1615 571 1662 numerosa
591 1614 720 1660 classe
743 1612 868 1659 fuisse
889 1611 1195 1674 conspectum.
1263 1611 1338 1657 De
1376 1607 1473 1670 ejus
1503 1606 1704 1654 adventu
1738 1616 1788 1652 ut
1817 1605 1975 1652 omnia
2032 1654 2043 1661 ,

202 1673 314 1725 fiant
335 1679 483 1744 magis
502 1678 690 1729 illustria
709 1677 779 1724 res
802 1676 939 1740 paulo
959 1674 1094 1723 altius
1116 1676 1176 1723 est
1198 1675 1459 1737 repetenda.

269 1744 359 1790 IV.
395 1746 587 1792 Mortuo
617 1744 745 1805 Rege
764 1741 971 1788 Roberto
992 1753 1086 1788 erat
1107 1739 1293 1804 quidam
1331 1734 1602 1786 Laurentius
1624 1732 1783 1783 Tuina
1805 1736 1882 1796 (ex
1907 1732 1974 1782 eis

204 1807 373 1871 Anglis
395 1809 476 1871 qui
498 1806 712 1870 accceptis
742 1807 789 1854 in
818 1804 997 1852 militia:
1027 1804 1266 1867 praemium
1298 1802 1417 1867 agris
1443 1801 1491 1847 in
1518 1798 1671 1846 Scotia
1696 1798 1971 1858 resederant)
2036 1813 2055 1834 2·-

201 1887 373 1933 genere
394 1873 581 1936 quidem
605 1871 808 1924 honesto,
844 1869 918 1916 sed
951 1868 1048 1916 vita
1084 1867 1321 1934 flagitiosa.
1400 1867 1444 1913 Is
1469 1864 1544 1927 spe
1568 1861 1752 1925 majoris
1775 1861 1974 1910 licentiae
2042 1886 2045 1890 ·

204 1948 441 2000 concaepta
461 1953 519 1983 ex
557 1935 742 1984 alterius
772 1933 914 1997 Regis
953 1945 1117 1988 morte,
1160 1931 1345 1979 alterius
1381 1930 1626 1977 immatura
1662 1937 1794 1975 aetate
1825 1927 1975 1974 multo
2032 1915 2055 1971 ⁵¹5

202 1999 346 2062 quam
366 2012 497 2047 antea
518 2000 706 2048 liberius
729 1997 1041 2060 voluptatibus
1064 1996 1306 2044 inhonestis
1328 1993 1616 2056 indulgebat.
1697 1989 1847 2054 Igitur
1865 2005 1973 2038 cum
2023 2025 2035 2046 ,,

202 2064 254 2110 in
276 2064 502 2113 adulterio
536 2064 652 2127 saepe
673 2062 978 2126 deprehensus
1004 2060 1030 2107 a
1047 2061 1203 2122 judice
1225 2058 1456 2107 causarum
1478 2054 1873 2104 ecclesiasticarum
1895 2052 1975 2101 iti.

160 2124 170 2134 '
203 2128 310 2176 dem
333 2128 595 2176 admonitus
619 2144 710 2176 non
733 2126 990 2180 abstineret,
1026 2126 1083 2171 ab
1114 2123 1328 2188 Episcopi
1350 2120 1634 2170 Glascuenfis
1670 2117 1854 2166 officiali
1889 2116 2003 2180 (ita'

202 2208 311 2241 eum
334 2210 410 2242 ma
443 2193 644 2241 istratum
665 2193 850 2250 vocant)
872 2191 1055 2238 tandem
1079 2188 1122 2236 ei
1144 2188 1295 2243 sacris,
1314 2192 1353 2235 δι
1372 2183 1699 2233 communione
1717 2180 1974 2231 Christiana

201 2258 265 2305 est
284 2209 595 2306 interdictum.
663 2258 750 2304 Ille
781 2257 910 2303 velut
946 2252 1114 2316 injuria
1143 2253 1329 2300 affectus
1342 2249 1549 2312 judicem
1573 2249 1742 2295 Aetam
1773 2244 1972 2310 proficit?-
2015 2303 2022 2312 .

201 2335 383 2369 centem
400 2321 578 2370 insidiis
601 2322 659 2369 ad
688 2320 807 2368 viam
829 2318 984 2383 positis
1017 2317 1214 2380 excrepit
1238 2335 1249 2363 :
1294 2331 1348 2364 ac
1385 2328 1476 2364 tam
1512 2314 1595 2360 diu
1617 2311 1766 2358 tenuit
1785 2310 1907 2373 apud
1928 2307 1974 2357 se

202 2385 458 2449 captivum,
477 2386 625 2433 donec
646 2384 848 2449 impensa
869 2381 1066 2447 pecunia
1087 2381 1129 2430 se
1150 2381 1378 2428 liberaret.
1446 2379 1526 2425 Ob
1546 2376 1594 2424 id
1617 2373 1975 2423 facinusTuina

201 2464 309 2497 cum
332 2448 464 2498 sciret
479 2451 700 2498 Iacobum
723 2448 1009 2513 Duglaffium
1035 2446 1118 2493 fibi
1138 2444 1339 2510 graviter
1358 2441 1604 2495 infensum,
1626 2438 1761 2502 seque
1789 2438 1847 2485 ad
1869 2437 1974 2500 sup-

201 2513 395 2577 plicium
414 2514 576 2576 quatri,
598 2515 695 2575 ejus
718 2512 970 2576 potentiam
992 2509 1163 2557 veritus
1184 2510 1232 2557 in
1255 2507 1434 2556 Gallias
1455 2502 1679 2569 profugit.
1712 2501 1785 2550 Ibi
1802 2501 1860 2548 ad
1879 2501 1972 2550 Ed·
2010 2542 2014 2546 .

202 2579 395 2641 nardum
420 2578 666 2625 Balliolum
694 2576 876 2624 Ioannis
900 2573 1000 2638 (qui
1024 2590 1215 2637 regnum
1240 2572 1418 2636 aliquot
1434 2570 1640 2617 anuosin
1664 2565 1819 2615 Scotia
1840 2577 1974 2613 tenu-

200 2644 318 2701 erat)
346 2642 488 2690 filium
513 2642 554 2690 se
576 2641 774 2688 contulit
799 2659 810 2686 :
862 2639 905 2686 ei
943 2654 1049 2686 cum
1081 2638 1239 2684 statum
1262 2652 1412 2683 rerum
1436 2632 1717 2682 scoticarum
1739 2628 1974 2678 indicasset

201 2706 407 2753 hortatus
430 2707 491 2758 est
513 2722 569 2753 ne
591 2718 763 2753 tantam
785 2703 1065 2750 occasionem
1088 2701 1218 2764 regni
1252 2698 1430 2763 paterni
1461 2694 1759 2758 recuperandi
1787 2691 1973 2742 omitte·

198 2782 289 2818 tet.
355 2771 534 2834 Regem
556 2771 678 2817 enim
697 2783 890 2831 puerum
910 2767 1013 2820 esse,
1036 2765 1276 2828 pluresque
1298 2778 1441 2825 prope
1457 2759 1693 2811 inimicos,
1720 2762 1768 2808 ὅ(
1786 2756 1885 2804 odii
1902 2773 1973 2804 er-

200 2851 264 2898 ga
281 2847 456 2898 patrem
479 2834 699 2886 vindices,
722 2831 864 2893 quam
885 2830 1059 2878 amicos
1077 2827 1258 2874 habere.
1296 2827 1510 2873 Aliorum
1532 2835 1681 2885 patres
1701 2820 1748 2868 in
1770 2836 1975 2868 conven-

201 2912 254 2946 tu
277 2900 466 2963 publico
487 2899 610 2960 apud
629 2897 845 2945 Perthum
867 2893 1135 2944 trucidato&
1156 2891 1268 2937 alios
1287 2889 1439 2936 exules
1461 2887 1591 2936 bonis
1609 2884 1788 2940 amiffis,
1814 2883 1974 2932 multia
2000 2889 2015 2897 “’

202 2980 418 3027 agrorum
442 2963 607 3011 bonam
632 2972 803 3024 partem
824 2958 979 3005 multa:
998 2955 1184 3003 nomine
1199 2955 1460 3016 ademptam
1483 2971 1496 3007 ;
1529 2950 1789 3012 complures
1808 2960 1972 3010 praete·
2003 2952 2010 2969 ¹

203 3044 281 3075 rea
301 3044 467 3090 genere
481 3027 659 3091 Anglos
682 3023 863 3088 praediis
883 3020 910 3066 ὲ
931 3033 1057 3082 patre
1078 3019 1214 3080 ipsius
1237 3019 1429 3065 donatos
1451 3015 1651 3079 privatos
1664 3010 1973 3076 expeditionio
1995 3020 2012 3075 J

203 3094 396 3141 comites
417 3092 615 3141 libenter
634 3089 828 3138 futuros.
893 3084 999 3132 Nec
1032 3083 1270 3129 defuturos
1292 3099 1347 3129 ex
1371 3093 1563 3143 utroque
1584 3093 1729 3141 regno
1760 3075 1971 3123 hominu

203 3172 407 3219 egentes,
433 3161 473 3202 δι
496 3152 770 3204 facinorosos
790 3149 863 3196 vel
882 3147 956 3210 spe
978 3145 1111 3198 lucri,
1132 3147 1202 3192 vel
1214 3145 1496 3208 judiciorum
1517 3154 1639 3188 metu
1659 3155 1878 3188 novarum
1899 3152 1985 3186 re-.

203 3236 306 3266 rum
337 3220 550 3282 cupidos,
583 3216 752 3280 quibus
774 3212 889 3262 nihil
913 3223 1076 3274 praeter
1104 3226 1240 3272 quem
1273 3208 1518 3272 sequantur
1538 3205 1703 3251 ducem
1724 3204 1779 3252 ad
1814 3203 1971 3250 σηπίη
1991 3208 2008 3246 .’

205 3283 435 3332 miscenda
455 3283 581 3329 defit.
628 3281 703 3328 Ad
726 3280 824 3325 baec
845 3275 1014 3324 Iacobo
1034 3273 1269 3336 Duglaflio
1290 3273 1336 3319 in
1359 3266 1584 3333 Hispania
1598 3267 1816 3321 extincto,
1843 3267 1971 3313 Rau·
1993 3287 2000 3293 ·

206 3347 337 3394 dolfo
359 3362 440 3408 per
461 3343 688 3392 adversam
703 3339 1014 3388 valetudinem
1037 3337 1092 3382 ad
1117 3353 1184 3382 res
1207 3335 1427 3400 gerendas
1440 3330 1837 3381 inutilineminem
1853 3344 1971 3392 prae·

207 3421 329 3458 terea
349 3409 584 3472 super-effe,
617 3407 746 3470 cujus
769 3400 1027 3454 auditoritati
1049 3399 1297 3449 multitudo
1319 3397 1487 3447 discors
1520 3395 1564 3445 se
1580 3393 1837 3461 ‘regendam
1867 3404 1980 3469 ΡΨ
1992 3394 1997 3409 ”

259 3539 325 3593 (r)
353 3537 435 3576 Alii
459 3544 573 3587 ¹33²-
