<?xml version="1.0" encoding="UTF-8"?>
<!DOCTYPE html PUBLIC "-//W3C//DTD XHTML 1.0 Transitional//EN"
    "http://www.w3.org/TR/xhtml1/DTD/xhtml1-transitional.dtd">
<html xmlns="http://www.w3.org/1999/xhtml" xml:lang="en" lang="en">
 <head>
  <title>
</title>
<meta http-equiv="Content-Type" content="text/html;charset=utf-8" />
  <meta name='ocr-system' content='tesseract 3.04.00' />
  <meta name='ocr-capabilities' content='ocr_page ocr_carea ocr_par ocr_line ocrx_word'/>
</head>
<body>
  <div class='ocr_page' id='page_1' title='image "./rerumscoticarumh00buch_0214.png"; bbox 0 0 2055 3828; ppageno 0'>
   <div class='ocr_carea' id='block_1_1' title="bbox 239 119 1679 212">
    <p class='ocr_par' dir='ltr' id='par_1_1' title="bbox 239 119 1679 212">
     <span class='ocr_line' id='line_1_1' title="bbox 239 119 1679 212; baseline -0.001 -12"><span class='ocrx_word' id='word_1_1' title='bbox 239 131 428 212; x_wconf 72' lang='lat' dir='ltr'>m8.</span> <span class='ocrx_word' id='word_1_2' title='bbox 532 133 889 197; x_wconf 70' lang='lat' dir='ltr'><strong>RERUM</strong></span> <span class='ocrx_word' id='word_1_3' title='bbox 984 119 1679 200; x_wconf 66' lang='lat' dir='ltr'>Scorrcanum</span> 
     </span>
    </p>
   </div>
   <div class='ocr_carea' id='block_1_2' title="bbox 201 219 2055 2796">
    <p class='ocr_par' dir='ltr' id='par_1_2' title="bbox 214 219 2055 1124">
     <span class='ocr_line' id='line_1_2' title="bbox 225 219 2036 294; baseline 0.002 -17"><span class='ocrx_word' id='word_1_4' title='bbox 225 231 477 286; x_wconf 76' lang='lat' dir='ltr'>crederent,</span> <span class='ocrx_word' id='word_1_5' title='bbox 511 229 775 292; x_wconf 80' lang='lat' dir='ltr'>judicando,</span> <span class='ocrx_word' id='word_1_6' title='bbox 843 225 960 273; x_wconf 85' lang='lat' dir='ltr'>Haec</span> <span class='ocrx_word' id='word_1_7' title='bbox 981 226 1133 288; x_wconf 87' lang='lat' dir='ltr'>palam</span> <span class='ocrx_word' id='word_1_8' title='bbox 1166 225 1426 288; x_wconf 87' lang='lat' dir='ltr'>inspeciem</span> <span class='ocrx_word' id='word_1_9' title='bbox 1449 227 1723 284; x_wconf 80' lang='lat' dir='ltr'>honesta,.&amp;</span> <span class='ocrx_word' id='word_1_10' title='bbox 1742 219 1995 294; x_wconf 59' lang='lat' dir='ltr'>popularia</span> <span class='ocrx_word' id='word_1_11' title='bbox 2033 243 2036 246; x_wconf 78' lang='grc'><em>·</em></span> 
     </span>
     <span class='ocr_line' id='line_1_3' title="bbox 222 288 2031 363; baseline 0 -22"><span class='ocrx_word' id='word_1_12' title='bbox 222 294 358 344; x_wconf 64' lang='lat' dir='ltr'>faeta.</span> <span class='ocrx_word' id='word_1_13' title='bbox 390 294 514 342; x_wconf 90' lang='lat' dir='ltr'>lllud</span> <span class='ocrx_word' id='word_1_14' title='bbox 532 293 714 344; x_wconf 87' lang='lat' dir='ltr'>secreto,</span> <span class='ocrx_word' id='word_1_15' title='bbox 734 295 782 340; x_wconf 74' lang='grc' dir='ltr'>δι</span> <span class='ocrx_word' id='word_1_16' title='bbox 799 288 918 336; x_wconf 88' lang='lat' dir='ltr'>inter</span> <span class='ocrx_word' id='word_1_17' title='bbox 938 305 1106 354; x_wconf 88' lang='lat' dir='ltr'>paucos</span> <span class='ocrx_word' id='word_1_18' title='bbox 1125 291 1397 363; x_wconf 76' lang='lat' dir='ltr'>agitabatur,</span> <span class='ocrx_word' id='word_1_19' title='bbox 1417 293 1654 355; x_wconf 88' lang='lat' dir='ltr'>quomodo</span> <span class='ocrx_word' id='word_1_20' title='bbox 1675 293 1873 343; x_wconf 86' lang='lat' dir='ltr'>Scotiam</span> <span class='ocrx_word' id='word_1_21' title='bbox 1891 296 1979 343; x_wconf 76' lang='lat' dir='ltr'>suae</span> <span class='ocrx_word' id='word_1_22' title='bbox 2024 308 2031 311; x_wconf 17' lang='grc' dir='ltr'>ἢ</span> 
     </span>
     <span class='ocr_line' id='line_1_4' title="bbox 223 353 1982 421; baseline 0.001 -16"><span class='ocrx_word' id='word_1_23' title='bbox 223 357 412 406; x_wconf 86' lang='lat' dir='ltr'>ditionis</span> <span class='ocrx_word' id='word_1_24' title='bbox 436 353 615 403; x_wconf 81' lang='lat' dir='ltr'>faceret.</span> <span class='ocrx_word' id='word_1_25' title='bbox 683 354 737 401; x_wconf 92' lang='lat' dir='ltr'>Id</span> <span class='ocrx_word' id='word_1_26' title='bbox 761 369 868 400; x_wconf 88' lang='lat' dir='ltr'>cum</span> <span class='ocrx_word' id='word_1_27' title='bbox 888 353 1022 402; x_wconf 82' lang='lat' dir='ltr'>facile</span> <span class='ocrx_word' id='word_1_28' title='bbox 1051 354 1376 402; x_wconf 85' lang='lat' dir='ltr'>existimaretur</span> <span class='ocrx_word' id='word_1_29' title='bbox 1396 372 1540 421; x_wconf 85' lang='lat' dir='ltr'>regno</span> <span class='ocrx_word' id='word_1_30' title='bbox 1561 356 1607 403; x_wconf 90' lang='lat' dir='ltr'>in</span> <span class='ocrx_word' id='word_1_31' title='bbox 1632 356 1742 404; x_wconf 82' lang='lat' dir='ltr'>duas</span> <span class='ocrx_word' id='word_1_32' title='bbox 1763 358 1982 406; x_wconf 65' lang='lat' dir='ltr'>sactiones</span> 
     </span>
     <span class='ocr_line' id='line_1_5' title="bbox 220 416 1982 484; baseline -0.001 -14"><span class='ocrx_word' id='word_1_33' title='bbox 220 422 384 476; x_wconf 82' lang='lat' dir='ltr'>diviso,</span> <span class='ocrx_word' id='word_1_34' title='bbox 404 434 552 467; x_wconf 85' lang='lat' dir='ltr'>tamen</span> <span class='ocrx_word' id='word_1_35' title='bbox 571 419 666 479; x_wconf 72' lang='lat' dir='ltr'>quo</span> <span class='ocrx_word' id='word_1_36' title='bbox 688 435 755 465; x_wconf 85' lang='lat' dir='ltr'>res</span> <span class='ocrx_word' id='word_1_37' title='bbox 778 418 884 465; x_wconf 84' lang='lat' dir='ltr'>ess&#39;et</span> <span class='ocrx_word' id='word_1_38' title='bbox 901 416 1176 481; x_wconf 80' lang='lat' dir='ltr'>expeditior,</span> <span class='ocrx_word' id='word_1_39' title='bbox 1198 425 1239 465; x_wconf 76' lang='grc' dir='ltr'>δι</span> <span class='ocrx_word' id='word_1_40' title='bbox 1261 419 1380 467; x_wconf 86' lang='lat' dir='ltr'>fraus</span> <span class='ocrx_word' id='word_1_41' title='bbox 1402 420 1642 476; x_wconf 84' lang='lat' dir='ltr'>occultior,</span> <span class='ocrx_word' id='word_1_42' title='bbox 1667 433 1829 484; x_wconf 84' lang='lat' dir='ltr'>praeter</span> <span class='ocrx_word' id='word_1_43' title='bbox 1853 423 1982 470; x_wconf 87' lang='lat' dir='ltr'>Brus·</span> 
     </span>
     <span class='ocr_line' id='line_1_6' title="bbox 221 481 1982 548; baseline -0.001 -14"><span class='ocrx_word' id='word_1_44' title='bbox 221 485 351 538; x_wconf 71' lang='lat' dir='ltr'>snum,</span> <span class='ocrx_word' id='word_1_45' title='bbox 372 491 411 532; x_wconf 88' lang='lat'>&amp;</span> <span class='ocrx_word' id='word_1_46' title='bbox 431 482 675 531; x_wconf 82' lang='lat' dir='ltr'>Balliolum</span> <span class='ocrx_word' id='word_1_47' title='bbox 698 484 802 529; x_wconf 62' lang='lat' dir='ltr'>octo</span> <span class='ocrx_word' id='word_1_48' title='bbox 819 481 930 529; x_wconf 86' lang='lat' dir='ltr'>alios</span> <span class='ocrx_word' id='word_1_49' title='bbox 954 481 1276 546; x_wconf 83' lang='lat' dir='ltr'>competitores</span> <span class='ocrx_word' id='word_1_50' title='bbox 1297 483 1543 536; x_wconf 83' lang='lat' dir='ltr'>excitavit:</span> <span class='ocrx_word' id='word_1_51' title='bbox 1577 497 1628 533; x_wconf 90' lang='lat' dir='ltr'>ut</span> <span class='ocrx_word' id='word_1_52' title='bbox 1658 485 1682 533; x_wconf 79' lang='grc' dir='ltr'>ὲ·</span> <span class='ocrx_word' id='word_1_53' title='bbox 1704 485 1873 548; x_wconf 86' lang='lat' dir='ltr'>majore</span> <span class='ocrx_word' id='word_1_54' title='bbox 1896 502 1982 533; x_wconf 87' lang='lat' dir='ltr'>nu·-</span> 
     </span>
     <span class='ocr_line' id='line_1_7' title="bbox 219 545 1981 611; baseline 0 -14"><span class='ocrx_word' id='word_1_55' title='bbox 219 566 347 597; x_wconf 86' lang='lat' dir='ltr'>mero</span> <span class='ocrx_word' id='word_1_56' title='bbox 381 547 558 594; x_wconf 81' lang='lat' dir='ltr'>facilius</span> <span class='ocrx_word' id='word_1_57' title='bbox 581 545 685 593; x_wconf 81' lang='lat' dir='ltr'>cffet</span> <span class='ocrx_word' id='word_1_58' title='bbox 718 562 878 602; x_wconf 88' lang='lat' dir='ltr'>unum,</span> <span class='ocrx_word' id='word_1_59' title='bbox 913 559 991 594; x_wconf 88' lang='lat' dir='ltr'>aut</span> <span class='ocrx_word' id='word_1_60' title='bbox 1020 545 1158 594; x_wconf 89' lang='lat' dir='ltr'>etiam</span> <span class='ocrx_word' id='word_1_61' title='bbox 1185 547 1338 611; x_wconf 87' lang='lat' dir='ltr'>plures</span> <span class='ocrx_word' id='word_1_62' title='bbox 1371 547 1420 594; x_wconf 90' lang='lat' dir='ltr'>in</span> <span class='ocrx_word' id='word_1_63' title='bbox 1441 547 1538 602; x_wconf 82' lang='lat' dir='ltr'>suas</span> <span class='ocrx_word' id='word_1_64' title='bbox 1559 558 1707 610; x_wconf 85' lang='lat' dir='ltr'>partes</span> <span class='ocrx_word' id='word_1_65' title='bbox 1730 549 1981 597; x_wconf 84' lang='lat' dir='ltr'>traducere.</span> 
     </span>
     <span class='ocr_line' id='line_1_8' title="bbox 221 610 1980 677; baseline 0.001 -17"><span class='ocrx_word' id='word_1_66' title='bbox 221 615 294 661; x_wconf 83' lang='lat' dir='ltr'>Ac</span> <span class='ocrx_word' id='word_1_67' title='bbox 316 630 371 659; x_wconf 90' lang='lat' dir='ltr'>ne</span> <span class='ocrx_word' id='word_1_68' title='bbox 406 622 530 657; x_wconf 82' lang='lat' dir='ltr'>tanta</span> <span class='ocrx_word' id='word_1_69' title='bbox 562 626 631 657; x_wconf 86' lang='lat' dir='ltr'>res</span> <span class='ocrx_word' id='word_1_70' title='bbox 655 622 824 658; x_wconf 86' lang='lat' dir='ltr'>temere</span> <span class='ocrx_word' id='word_1_71' title='bbox 854 612 952 658; x_wconf 67' lang='lat' dir='ltr'>afta</span> <span class='ocrx_word' id='word_1_72' title='bbox 971 611 1218 666; x_wconf 85' lang='lat' dir='ltr'>videretur,</span> <span class='ocrx_word' id='word_1_73' title='bbox 1249 610 1520 659; x_wconf 84' lang='lat' dir='ltr'>consultatio</span> <span class='ocrx_word' id='word_1_74' title='bbox 1548 611 1613 658; x_wconf 80' lang='lat' dir='ltr'>eis</span> <span class='ocrx_word' id='word_1_75' title='bbox 1645 614 1705 659; x_wconf 82' lang='lat' dir='ltr'>est</span> <span class='ocrx_word' id='word_1_76' title='bbox 1737 613 1980 677; x_wconf 73' lang='lat' dir='ltr'>proposita,</span> 
     </span>
     <span class='ocr_line' id='line_1_9' title="bbox 217 673 1982 740; baseline 0.002 -18"><span class='ocrx_word' id='word_1_77' title='bbox 217 677 300 740; x_wconf 90' lang='lat' dir='ltr'>qui</span> <span class='ocrx_word' id='word_1_78' title='bbox 324 677 373 723; x_wconf 90' lang='lat' dir='ltr'>in</span> <span class='ocrx_word' id='word_1_79' title='bbox 395 673 554 722; x_wconf 86' lang='lat' dir='ltr'>Gallia</span> <span class='ocrx_word' id='word_1_80' title='bbox 568 675 753 737; x_wconf 87' lang='lat' dir='ltr'>pietate,</span> <span class='ocrx_word' id='word_1_81' title='bbox 779 675 1035 738; x_wconf 87' lang='lat' dir='ltr'>prudentia,</span> <span class='ocrx_word' id='word_1_82' title='bbox 1062 681 1102 723; x_wconf 84' lang='lat'>&amp;</span> <span class='ocrx_word' id='word_1_83' title='bbox 1123 673 1236 738; x_wconf 85' lang='lat' dir='ltr'>juris</span> <span class='ocrx_word' id='word_1_84' title='bbox 1271 675 1456 724; x_wconf 85' lang='lat' dir='ltr'>scientia</span> <span class='ocrx_word' id='word_1_85' title='bbox 1476 686 1574 724; x_wconf 88' lang='lat' dir='ltr'>tum</span> <span class='ocrx_word' id='word_1_86' title='bbox 1597 676 1731 740; x_wconf 87' lang='lat' dir='ltr'>primi</span> <span class='ocrx_word' id='word_1_87' title='bbox 1752 677 1982 725; x_wconf 75' lang='lat' dir='ltr'>habeban-</span> 
     </span>
     <span class='ocr_line' id='line_1_10' title="bbox 218 739 1982 804; baseline 0.002 -19"><span class='ocrx_word' id='word_1_88' title='bbox 218 753 305 787; x_wconf 86' lang='lat' dir='ltr'>tur.</span> <span class='ocrx_word' id='word_1_89' title='bbox 375 739 542 802; x_wconf 88' lang='lat' dir='ltr'>Neque</span> <span class='ocrx_word' id='word_1_90' title='bbox 562 739 820 795; x_wconf 87' lang='lat' dir='ltr'>dubitabat,</span> <span class='ocrx_word' id='word_1_91' title='bbox 861 752 911 786; x_wconf 90' lang='lat' dir='ltr'>ut</span> <span class='ocrx_word' id='word_1_92' title='bbox 933 740 993 786; x_wconf 87' lang='lat' dir='ltr'>est</span> <span class='ocrx_word' id='word_1_93' title='bbox 1015 740 1062 786; x_wconf 90' lang='lat' dir='ltr'>id</span> <span class='ocrx_word' id='word_1_94' title='bbox 1088 756 1231 803; x_wconf 89' lang='lat' dir='ltr'>genus</span> <span class='ocrx_word' id='word_1_95' title='bbox 1252 739 1493 788; x_wconf 85' lang='lat' dir='ltr'>hominum</span> <span class='ocrx_word' id='word_1_96' title='bbox 1516 755 1750 804; x_wconf 89' lang='lat' dir='ltr'>nunquam</span> <span class='ocrx_word' id='word_1_97' title='bbox 1783 740 1900 788; x_wconf 87' lang='lat' dir='ltr'>inter</span> <span class='ocrx_word' id='word_1_98' title='bbox 1938 741 1982 788; x_wconf 86' lang='lat' dir='ltr'>se&#39;</span> 
     </span>
     <span class='ocr_line' id='line_1_11' title="bbox 215 801 1982 866; baseline 0.002 -16"><span class='ocrx_word' id='word_1_99' title='bbox 215 804 318 854; x_wconf 86' lang='lat' dir='ltr'>satis</span> <span class='ocrx_word' id='word_1_100' title='bbox 341 818 547 858; x_wconf 77' lang='lat' dir='ltr'>concors,</span> <span class='ocrx_word' id='word_1_101' title='bbox 572 803 759 866; x_wconf 86' lang='lat' dir='ltr'>aliquod</span> <span class='ocrx_word' id='word_1_102' title='bbox 780 801 823 849; x_wconf 92' lang='lat' dir='ltr'>se</span> <span class='ocrx_word' id='word_1_103' title='bbox 845 803 920 850; x_wconf 90' lang='lat' dir='ltr'>res</span> <span class='ocrx_word' id='word_1_104' title='bbox 945 803 1102 851; x_wconf 88' lang='lat' dir='ltr'>onsum</span> <span class='ocrx_word' id='word_1_105' title='bbox 1127 804 1254 866; x_wconf 86' lang='lat' dir='ltr'>quod</span> <span class='ocrx_word' id='word_1_106' title='bbox 1287 804 1332 852; x_wconf 91' lang='lat' dir='ltr'>in</span> <span class='ocrx_word' id='word_1_107' title='bbox 1358 820 1452 852; x_wconf 91' lang='lat' dir='ltr'>rem</span> <span class='ocrx_word' id='word_1_108' title='bbox 1475 805 1597 852; x_wconf 89' lang='lat' dir='ltr'>suam</span> <span class='ocrx_word' id='word_1_109' title='bbox 1629 803 1797 851; x_wconf 85' lang='lat' dir='ltr'>faceret</span> <span class='ocrx_word' id='word_1_110' title='bbox 1813 805 1982 853; x_wconf 88' lang='lat' dir='ltr'>relatu·-</span> 
     </span>
     <span class='ocr_line' id='line_1_12' title="bbox 214 821 1982 945; baseline 0.001 -30"><span class='ocrx_word' id='word_1_111' title='bbox 214 884 332 915; x_wconf 80' lang='lat' dir='ltr'>rum.</span> <span class='ocrx_word' id='word_1_112' title='bbox 401 869 460 915; x_wconf 87' lang='lat' dir='ltr'>Et</span> <span class='ocrx_word' id='word_1_113' title='bbox 479 869 803 931; x_wconf 83' lang='lat' dir='ltr'>competitores</span> <span class='ocrx_word' id='word_1_114' title='bbox 824 821 1012 945; x_wconf 57' lang='lat' dir='ltr'>quigem</span> <span class='ocrx_word' id='word_1_115' title='bbox 1035 866 1144 914; x_wconf 88' lang='lat' dir='ltr'>novi</span> <span class='ocrx_word' id='word_1_116' title='bbox 1166 881 1272 914; x_wconf 88' lang='lat' dir='ltr'>cum</span> <span class='ocrx_word' id='word_1_117' title='bbox 1295 869 1411 916; x_wconf 87' lang='lat' dir='ltr'>nihil</span> <span class='ocrx_word' id='word_1_118' title='bbox 1440 868 1489 916; x_wconf 89' lang='lat' dir='ltr'>in</span> <span class='ocrx_word' id='word_1_119' title='bbox 1516 868 1647 915; x_wconf 83' lang='lat' dir='ltr'>causa</span> <span class='ocrx_word' id='word_1_120' title='bbox 1665 868 1877 930; x_wconf 82' lang='lat' dir='ltr'>suscaepta</span> <span class='ocrx_word' id='word_1_121' title='bbox 1906 870 1982 916; x_wconf 85' lang='lat' dir='ltr'>fir·</span> 
     </span>
     <span class='ocr_line' id='line_1_13' title="bbox 215 931 1983 995; baseline 0.001 -17"><span class='ocrx_word' id='word_1_122' title='bbox 215 932 388 980; x_wconf 82' lang='lat' dir='ltr'>mitatis</span> <span class='ocrx_word' id='word_1_123' title='bbox 406 932 632 986; x_wconf 88' lang='lat' dir='ltr'>viderent,</span> <span class='ocrx_word' id='word_1_124' title='bbox 656 931 811 995; x_wconf 88' lang='lat' dir='ltr'>sponte</span> <span class='ocrx_word' id='word_1_125' title='bbox 834 948 861 976; x_wconf 86' lang='lat' dir='ltr'>a</span> <span class='ocrx_word' id='word_1_126' title='bbox 886 931 1087 995; x_wconf 87' lang='lat' dir='ltr'>petendo</span> <span class='ocrx_word' id='word_1_127' title='bbox 1108 931 1386 979; x_wconf 86' lang='lat' dir='ltr'>destiterunt.</span> <span class='ocrx_word' id='word_1_128' title='bbox 1453 932 1573 994; x_wconf 87' lang='lat' dir='ltr'>Juris</span> <span class='ocrx_word' id='word_1_129' title='bbox 1600 932 1755 994; x_wconf 88' lang='lat' dir='ltr'>peritis</span> <span class='ocrx_word' id='word_1_130' title='bbox 1783 935 1894 981; x_wconf 71' lang='lat' dir='ltr'>vero</span> <span class='ocrx_word' id='word_1_131' title='bbox 1922 934 1983 980; x_wconf 90' lang='lat' dir='ltr'>ab</span> 
     </span>
     <span class='ocr_line' id='line_1_14' title="bbox 220 993 2055 1061; baseline 0.001 -18"><span class='ocrx_word' id='word_1_132' title='bbox 220 997 397 1061; x_wconf 84' lang='lat' dir='ltr'>Anglo,</span> <span class='ocrx_word' id='word_1_133' title='bbox 420 996 503 1061; x_wconf 88' lang='lat' dir='ltr'>qui</span> <span class='ocrx_word' id='word_1_134' title='bbox 538 995 676 1044; x_wconf 88' lang='lat' dir='ltr'>totius</span> <span class='ocrx_word' id='word_1_135' title='bbox 707 994 883 1060; x_wconf 86' lang='lat' dir='ltr'>negotii</span> <span class='ocrx_word' id='word_1_136' title='bbox 911 998 1034 1060; x_wconf 87' lang='lat' dir='ltr'>apud</span> <span class='ocrx_word' id='word_1_137' title='bbox 1067 1012 1144 1043; x_wconf 87' lang='lat' dir='ltr'>eos</span> <span class='ocrx_word' id='word_1_138' title='bbox 1166 998 1336 1052; x_wconf 69' lang='lat' dir='ltr'>au6tor‚</span> <span class='ocrx_word' id='word_1_139' title='bbox 1368 996 1420 1048; x_wconf 73' lang='grc' dir='ltr'>δε</span> <span class='ocrx_word' id='word_1_140' title='bbox 1442 998 1701 1045; x_wconf 85' lang='lat' dir='ltr'>moderator</span> <span class='ocrx_word' id='word_1_141' title='bbox 1731 1009 1843 1051; x_wconf 87' lang='lat' dir='ltr'>erat,</span> <span class='ocrx_word' id='word_1_142' title='bbox 1876 993 1984 1057; x_wconf 61' lang='lat' dir='ltr'>falla</span> <span class='ocrx_word' id='word_1_143' title='bbox 2053 1006 2055 1011; x_wconf 83' lang='lat'>&#39;</span> 
     </span>
     <span class='ocr_line' id='line_1_15' title="bbox 214 1059 1147 1124; baseline 0 -16"><span class='ocrx_word' id='word_1_144' title='bbox 214 1061 384 1124; x_wconf 86' lang='lat' dir='ltr'>species</span> <span class='ocrx_word' id='word_1_145' title='bbox 403 1061 450 1107; x_wconf 90' lang='lat' dir='ltr'>in</span> <span class='ocrx_word' id='word_1_146' title='bbox 473 1062 594 1108; x_wconf 90' lang='lat' dir='ltr'>hunc</span> <span class='ocrx_word' id='word_1_147' title='bbox 616 1059 804 1108; x_wconf 91' lang='lat' dir='ltr'>modum</span> <span class='ocrx_word' id='word_1_148' title='bbox 826 1062 887 1108; x_wconf 87' lang='lat' dir='ltr'>est</span> <span class='ocrx_word' id='word_1_149' title='bbox 905 1062 1147 1124; x_wconf 79' lang='lat' dir='ltr'>proposita.</span> 
     </span>
    </p>

    <p class='ocr_par' dir='ltr' id='par_1_3' title="bbox 211 1123 1980 1624">
     <span class='ocr_line' id='line_1_16' title="bbox 281 1123 1980 1191; baseline -0.001 -18"><span class='ocrx_word' id='word_1_150' title='bbox 281 1127 365 1173; x_wconf 90' lang='lat' dir='ltr'>XI.</span> <span class='ocrx_word' id='word_1_151' title='bbox 396 1127 497 1173; x_wconf 90' lang='lat' dir='ltr'>Rex</span> <span class='ocrx_word' id='word_1_152' title='bbox 513 1124 700 1189; x_wconf 89' lang='lat' dir='ltr'>quidam</span> <span class='ocrx_word' id='word_1_153' title='bbox 724 1139 808 1172; x_wconf 88' lang='lat' dir='ltr'>nec</span> <span class='ocrx_word' id='word_1_154' title='bbox 828 1124 1055 1180; x_wconf 89' lang='lat' dir='ltr'>coronari,</span> <span class='ocrx_word' id='word_1_155' title='bbox 1080 1141 1162 1172; x_wconf 90' lang='lat' dir='ltr'>nec</span> <span class='ocrx_word' id='word_1_156' title='bbox 1192 1124 1356 1191; x_wconf 85' lang='lat' dir='ltr'>inungi</span> <span class='ocrx_word' id='word_1_157' title='bbox 1378 1123 1550 1177; x_wconf 85' lang='lat' dir='ltr'>solitus.</span> <span class='ocrx_word' id='word_1_158' title='bbox 1575 1124 1650 1172; x_wconf 87' lang='lat' dir='ltr'>sed</span> <span class='ocrx_word' id='word_1_159' title='bbox 1671 1123 1720 1171; x_wconf 86' lang='lat' dir='ltr'>in</span> <span class='ocrx_word' id='word_1_160' title='bbox 1745 1123 1846 1172; x_wconf 85' lang='lat' dir='ltr'>sede</span> <span class='ocrx_word' id='word_1_161' title='bbox 1867 1141 1980 1189; x_wconf 83' lang='lat' dir='ltr'>qua-</span> 
     </span>
     <span class='ocr_line' id='line_1_17' title="bbox 213 1188 1980 1254; baseline -0.001 -17"><span class='ocrx_word' id='word_1_162' title='bbox 213 1190 322 1237; x_wconf 87' lang='lat' dir='ltr'>dam</span> <span class='ocrx_word' id='word_1_163' title='bbox 346 1189 373 1236; x_wconf 70' lang='lat' dir='ltr'>a</span> <span class='ocrx_word' id='word_1_164' title='bbox 392 1189 479 1237; x_wconf 88' lang='lat' dir='ltr'>suis</span> <span class='ocrx_word' id='word_1_165' title='bbox 501 1189 734 1244; x_wconf 86' lang='lat' dir='ltr'>collocari,</span> <span class='ocrx_word' id='word_1_166' title='bbox 760 1204 810 1235; x_wconf 85' lang='lat' dir='ltr'>ac</span> <span class='ocrx_word' id='word_1_167' title='bbox 842 1190 943 1237; x_wconf 84' lang='lat' dir='ltr'>Rex</span> <span class='ocrx_word' id='word_1_168' title='bbox 960 1189 1405 1254; x_wconf 89' lang='lat' dir='ltr'>denunciari,neque</span> <span class='ocrx_word' id='word_1_169' title='bbox 1426 1201 1579 1236; x_wconf 88' lang='lat' dir='ltr'>tamen</span> <span class='ocrx_word' id='word_1_170' title='bbox 1603 1188 1667 1236; x_wconf 81' lang='lat' dir='ltr'>i&#39;ta</span> <span class='ocrx_word' id='word_1_171' title='bbox 1688 1188 1832 1236; x_wconf 72' lang='lat' dir='ltr'>libere</span> <span class='ocrx_word' id='word_1_172' title='bbox 1860 1190 1980 1245; x_wconf 88' lang='lat' dir='ltr'>Rex,</span> 
     </span>
     <span class='ocr_line' id='line_1_18' title="bbox 215 1251 1977 1317; baseline -0.001 -16"><span class='ocrx_word' id='word_1_173' title='bbox 215 1266 267 1302; x_wconf 87' lang='lat' dir='ltr'>ut</span> <span class='ocrx_word' id='word_1_174' title='bbox 301 1270 392 1303; x_wconf 80' lang='lat' dir='ltr'>non</span> <span class='ocrx_word' id='word_1_175' title='bbox 421 1253 470 1302; x_wconf 90' lang='lat' dir='ltr'>in</span> <span class='ocrx_word' id='word_1_176' title='bbox 508 1253 720 1302; x_wconf 82' lang='lat' dir='ltr'>clientela</span> <span class='ocrx_word' id='word_1_177' title='bbox 757 1253 809 1300; x_wconf 74' lang='lat' dir='ltr'>sit</span> <span class='ocrx_word' id='word_1_178' title='bbox 846 1255 916 1302; x_wconf 91' lang='lat' dir='ltr'>Re</span> <span class='ocrx_word' id='word_1_179' title='bbox 951 1253 988 1299; x_wconf 80' lang='lat' dir='ltr'>is</span> <span class='ocrx_word' id='word_1_180' title='bbox 1021 1253 1222 1309; x_wconf 85' lang='lat' dir='ltr'>alterius,</span> <span class='ocrx_word' id='word_1_181' title='bbox 1243 1254 1372 1317; x_wconf 84' lang='lat' dir='ltr'>cujus</span> <span class='ocrx_word' id='word_1_182' title='bbox 1399 1254 1442 1301; x_wconf 91' lang='lat' dir='ltr'>se</span> <span class='ocrx_word' id='word_1_183' title='bbox 1484 1251 1825 1301; x_wconf 80' lang='lat' dir='ltr'>beneficiarium</span> <span class='ocrx_word' id='word_1_184' title='bbox 1861 1253 1977 1301; x_wconf 87' lang='lat' dir='ltr'>fate-</span> 
     </span>
     <span class='ocr_line' id='line_1_19' title="bbox 213 1317 1980 1392; baseline -0.001 -26"><span class='ocrx_word' id='word_1_185' title='bbox 213 1332 317 1366; x_wconf 78' lang='lat' dir='ltr'>atur</span> <span class='ocrx_word' id='word_1_186' title='bbox 349 1319 440 1366; x_wconf 86' lang='lat' dir='ltr'>fine</span> <span class='ocrx_word' id='word_1_187' title='bbox 478 1318 634 1366; x_wconf 90' lang='lat' dir='ltr'>liberis</span> <span class='ocrx_word' id='word_1_188' title='bbox 660 1319 852 1366; x_wconf 84' lang='lat' dir='ltr'>deceffit.</span> <span class='ocrx_word' id='word_1_189' title='bbox 974 1333 1031 1365; x_wconf 90' lang='lat' dir='ltr'>uo</span> <span class='ocrx_word' id='word_1_190' title='bbox 1053 1319 1301 1392; x_wconf 75' lang='lat' dir='ltr'>propinqui</span> <span class='ocrx_word' id='word_1_191' title='bbox 1337 1321 1408 1381; x_wconf 89' lang='grc' dir='ltr'>(ι)</span> <span class='ocrx_word' id='word_1_192' title='bbox 1434 1317 1460 1365; x_wconf 79' lang='grc' dir='ltr'>ὲ</span> <span class='ocrx_word' id='word_1_193' title='bbox 1498 1317 1770 1381; x_wconf 89' lang='lat' dir='ltr'>Sempronio</span> <span class='ocrx_word' id='word_1_194' title='bbox 1809 1334 1980 1381; x_wconf 84' lang='lat' dir='ltr'>magno</span> 
     </span>
     <span class='ocr_line' id='line_1_20' title="bbox 215 1380 1978 1449; baseline -0.002 -17"><span class='ocrx_word' id='word_1_195' title='bbox 215 1383 358 1448; x_wconf 87' lang='lat' dir='ltr'>Regis</span> <span class='ocrx_word' id='word_1_196' title='bbox 393 1383 599 1432; x_wconf 72' lang='lat' dir='ltr'>defunffl</span> <span class='ocrx_word' id='word_1_197' title='bbox 635 1395 798 1449; x_wconf 88' lang='lat' dir='ltr'>patruo</span> <span class='ocrx_word' id='word_1_198' title='bbox 837 1382 1052 1447; x_wconf 87' lang='lat' dir='ltr'>prognati</span> <span class='ocrx_word' id='word_1_199' title='bbox 1085 1383 1397 1434; x_wconf 81' lang='lat' dir='ltr'>haeredttatem</span> <span class='ocrx_word' id='word_1_200' title='bbox 1439 1394 1618 1445; x_wconf 88' lang='lat' dir='ltr'>petunt,</span> <span class='ocrx_word' id='word_1_201' title='bbox 1660 1380 1816 1428; x_wconf 79' lang='lat' dir='ltr'>Titius</span> <span class='ocrx_word' id='word_1_202' title='bbox 1848 1382 1978 1429; x_wconf 86' lang='lat' dir='ltr'>vide-</span> 
     </span>
     <span class='ocr_line' id='line_1_21' title="bbox 214 1445 1979 1519; baseline -0.002 -23"><span class='ocrx_word' id='word_1_203' title='bbox 214 1449 322 1496; x_wconf 84' lang='lat' dir='ltr'>licet</span> <span class='ocrx_word' id='word_1_204' title='bbox 354 1464 410 1496; x_wconf 87' lang='lat' dir='ltr'>ex</span> <span class='ocrx_word' id='word_1_205' title='bbox 442 1448 611 1509; x_wconf 85' lang='lat' dir='ltr'>majore</span> <span class='ocrx_word' id='word_1_206' title='bbox 647 1447 903 1512; x_wconf 84' lang='lat' dir='ltr'>Sempronii</span> <span class='ocrx_word' id='word_1_207' title='bbox 934 1446 1027 1494; x_wconf 84' lang='lat' dir='ltr'>filia</span> <span class='ocrx_word' id='word_1_208' title='bbox 1062 1462 1306 1519; x_wconf 85' lang='lat' dir='ltr'>pronepos,</span> <span class='ocrx_word' id='word_1_209' title='bbox 1331 1446 1457 1494; x_wconf 87' lang='lat' dir='ltr'>Seius</span> <span class='ocrx_word' id='word_1_210' title='bbox 1478 1461 1536 1492; x_wconf 90' lang='lat' dir='ltr'>ex</span> <span class='ocrx_word' id='word_1_211' title='bbox 1566 1445 1742 1492; x_wconf 89' lang='lat' dir='ltr'>minore</span> <span class='ocrx_word' id='word_1_212' title='bbox 1785 1445 1876 1492; x_wconf 87' lang='lat' dir='ltr'>filia</span> <span class='ocrx_word' id='word_1_213' title='bbox 1898 1462 1979 1493; x_wconf 87' lang='lat' dir='ltr'>ne·</span> 
     </span>
     <span class='ocr_line' id='line_1_22' title="bbox 211 1509 1975 1624; baseline 0 -67"><span class='ocrx_word' id='word_1_214' title='bbox 211 1527 297 1624; x_wconf 53' lang='lat' dir='ltr'>{fs</span> <span class='ocrx_word' id='word_1_215' title='bbox 327 1531 337 1558; x_wconf 92' lang='lat'><strong>:</strong></span> <span class='ocrx_word' id='word_1_216' title='bbox 373 1529 471 1559; x_wconf 88' lang='lat' dir='ltr'>uter</span> <span class='ocrx_word' id='word_1_217' title='bbox 508 1515 556 1560; x_wconf 91' lang='lat' dir='ltr'>in</span> <span class='ocrx_word' id='word_1_218' title='bbox 588 1512 853 1559; x_wconf 69' lang='lat' dir='ltr'>haereditate</span> <span class='ocrx_word' id='word_1_219' title='bbox 891 1511 1163 1574; x_wconf 78' lang='lat' dir='ltr'>impartibili</span> <span class='ocrx_word' id='word_1_220' title='bbox 1200 1511 1406 1558; x_wconf 85' lang='lat' dir='ltr'>adeunda</span> <span class='ocrx_word' id='word_1_221' title='bbox 1443 1510 1571 1557; x_wconf 83' lang='lat' dir='ltr'>alteri</span> <span class='ocrx_word' id='word_1_222' title='bbox 1607 1509 1914 1573; x_wconf 73' lang='lat' dir='ltr'>praeferendus</span> <span class='ocrx_word' id='word_1_223' title='bbox 1957 1514 1975 1557; x_wconf 90' lang='lat'>?</span> 
     </span>
    </p>

    <p class='ocr_par' dir='ltr' id='par_1_4' title="bbox 208 1573 2055 2153">
     <span class='ocr_line' id='line_1_23' title="bbox 268 1573 1976 1639; baseline -0.001 -18"><span class='ocrx_word' id='word_1_224' title='bbox 268 1592 317 1623; x_wconf 86' lang='lat' dir='ltr'>ac</span> <span class='ocrx_word' id='word_1_225' title='bbox 339 1576 667 1624; x_wconf 87' lang='lat' dir='ltr'>consultatione</span> <span class='ocrx_word' id='word_1_226' title='bbox 697 1576 769 1622; x_wconf 89' lang='lat' dir='ltr'>his</span> <span class='ocrx_word' id='word_1_227' title='bbox 804 1576 895 1621; x_wconf 85' lang='lat' dir='ltr'>fere</span> <span class='ocrx_word' id='word_1_228' title='bbox 926 1575 1073 1622; x_wconf 89' lang='lat' dir='ltr'>verbis</span> <span class='ocrx_word' id='word_1_229' title='bbox 1095 1576 1330 1639; x_wconf 76' lang='lat' dir='ltr'>proposita</span> <span class='ocrx_word' id='word_1_230' title='bbox 1364 1590 1507 1637; x_wconf 85' lang='lat' dir='ltr'>prope</span> <span class='ocrx_word' id='word_1_231' title='bbox 1538 1589 1698 1620; x_wconf 80' lang='lat' dir='ltr'>omnes</span> <span class='ocrx_word' id='word_1_232' title='bbox 1736 1573 1976 1636; x_wconf 87' lang='lat' dir='ltr'>responde-</span> 
     </span>
     <span class='ocr_line' id='line_1_24' title="bbox 211 1635 1976 1704; baseline -0.003 -16"><span class='ocrx_word' id='word_1_233' title='bbox 211 1654 318 1688; x_wconf 87' lang='lat' dir='ltr'>runt</span> <span class='ocrx_word' id='word_1_234' title='bbox 353 1640 383 1687; x_wconf 84' lang='lat' dir='ltr'>st</span> <span class='ocrx_word' id='word_1_235' title='bbox 412 1655 505 1704; x_wconf 89' lang='lat' dir='ltr'>qua</span> <span class='ocrx_word' id='word_1_236' title='bbox 531 1641 622 1695; x_wconf 89' lang='lat' dir='ltr'>lex,</span> <span class='ocrx_word' id='word_1_237' title='bbox 647 1642 718 1686; x_wconf 88' lang='lat' dir='ltr'>vel</span> <span class='ocrx_word' id='word_1_238' title='bbox 739 1639 1020 1686; x_wconf 84' lang='lat' dir='ltr'>consuetudo</span> <span class='ocrx_word' id='word_1_239' title='bbox 1056 1655 1110 1685; x_wconf 88' lang='lat' dir='ltr'>ea</span> <span class='ocrx_word' id='word_1_240' title='bbox 1127 1640 1184 1685; x_wconf 85' lang='lat' dir='ltr'>de</span> <span class='ocrx_word' id='word_1_241' title='bbox 1207 1654 1251 1684; x_wconf 92' lang='lat' dir='ltr'>re</span> <span class='ocrx_word' id='word_1_242' title='bbox 1270 1638 1315 1685; x_wconf 93' lang='lat' dir='ltr'>in</span> <span class='ocrx_word' id='word_1_243' title='bbox 1340 1654 1483 1702; x_wconf 88' lang='lat' dir='ltr'>regno</span> <span class='ocrx_word' id='word_1_244' title='bbox 1501 1638 1625 1699; x_wconf 87' lang='lat' dir='ltr'>quod</span> <span class='ocrx_word' id='word_1_245' title='bbox 1649 1635 1834 1699; x_wconf 87' lang='lat' dir='ltr'>petitur,</span> <span class='ocrx_word' id='word_1_246' title='bbox 1853 1637 1976 1691; x_wconf 81' lang='lat' dir='ltr'>esset,</span> 
     </span>
     <span class='ocr_line' id='line_1_25' title="bbox 211 1699 1978 1763; baseline -0.002 -11"><span class='ocrx_word' id='word_1_247' title='bbox 211 1705 256 1752; x_wconf 87' lang='lat' dir='ltr'>ei</span> <span class='ocrx_word' id='word_1_248' title='bbox 280 1704 482 1752; x_wconf 84' lang='lat' dir='ltr'>standum</span> <span class='ocrx_word' id='word_1_249' title='bbox 509 1723 519 1751; x_wconf 75' lang='grc' dir='ltr'><strong><em>ε</em></strong></span> <span class='ocrx_word' id='word_1_250' title='bbox 546 1704 609 1752; x_wconf 86' lang='lat' dir='ltr'>fin</span> <span class='ocrx_word' id='word_1_251' title='bbox 633 1703 782 1752; x_wconf 89' lang='lat' dir='ltr'>minus</span> <span class='ocrx_word' id='word_1_252' title='bbox 805 1720 961 1750; x_wconf 89' lang='lat' dir='ltr'>verum</span> <span class='ocrx_word' id='word_1_253' title='bbox 985 1703 1070 1751; x_wconf 89' lang='lat' dir='ltr'>esse</span> <span class='ocrx_word' id='word_1_254' title='bbox 1099 1701 1471 1750; x_wconf 87' lang='lat' dir='ltr'>consuetudinem</span> <span class='ocrx_word' id='word_1_255' title='bbox 1495 1700 1619 1763; x_wconf 82' lang='lat' dir='ltr'>sequi</span> <span class='ocrx_word' id='word_1_256' title='bbox 1642 1700 1755 1761; x_wconf 87' lang='lat' dir='ltr'>ejus,</span> <span class='ocrx_word' id='word_1_257' title='bbox 1779 1700 1826 1747; x_wconf 90' lang='lat' dir='ltr'>in</span> <span class='ocrx_word' id='word_1_258' title='bbox 1848 1699 1978 1761; x_wconf 79' lang='lat' dir='ltr'>cujus</span> 
     </span>
     <span class='ocr_line' id='line_1_26' title="bbox 209 1763 2055 1833; baseline -0.003 -17"><span class='ocrx_word' id='word_1_259' title='bbox 209 1769 423 1817; x_wconf 88' lang='lat' dir='ltr'>clientela</span> <span class='ocrx_word' id='word_1_260' title='bbox 452 1769 569 1815; x_wconf 87' lang='lat' dir='ltr'>sunt.</span> <span class='ocrx_word' id='word_1_261' title='bbox 637 1769 777 1833; x_wconf 84' lang='lat' dir='ltr'>Qod</span> <span class='ocrx_word' id='word_1_262' title='bbox 807 1768 856 1815; x_wconf 91' lang='lat' dir='ltr'>in</span> <span class='ocrx_word' id='word_1_263' title='bbox 891 1767 1036 1814; x_wconf 84' lang='lat' dir='ltr'>feodis</span> <span class='ocrx_word' id='word_1_264' title='bbox 1071 1766 1377 1828; x_wconf 82' lang='lat' dir='ltr'>dijudicandis</span> <span class='ocrx_word' id='word_1_265' title='bbox 1409 1764 1688 1813; x_wconf 88' lang='lat' dir='ltr'>consuetudo</span> <span class='ocrx_word' id='word_1_266' title='bbox 1716 1763 1975 1821; x_wconf 86' lang='lat' dir='ltr'>descendat,</span> <span class='ocrx_word' id='word_1_267' title='bbox 2048 1794 2055 1810; x_wconf 83' lang='grc'><strong><em>,</em></strong></span> 
     </span>
     <span class='ocr_line' id='line_1_27' title="bbox 211 1827 1977 1894; baseline -0.003 -12"><span class='ocrx_word' id='word_1_268' title='bbox 211 1848 304 1882; x_wconf 84' lang='lat' dir='ltr'>non</span> <span class='ocrx_word' id='word_1_269' title='bbox 326 1845 477 1881; x_wconf 89' lang='lat' dir='ltr'>autem</span> <span class='ocrx_word' id='word_1_270' title='bbox 499 1832 709 1882; x_wconf 84' lang='lat' dir='ltr'>ascendat</span> <span class='ocrx_word' id='word_1_271' title='bbox 737 1851 746 1880; x_wconf 92' lang='lat'><strong>:</strong></span> <span class='ocrx_word' id='word_1_272' title='bbox 781 1833 869 1879; x_wconf 88' lang='lat' dir='ltr'>hoc</span> <span class='ocrx_word' id='word_1_273' title='bbox 890 1833 950 1879; x_wconf 86' lang='lat' dir='ltr'>est</span> <span class='ocrx_word' id='word_1_274' title='bbox 971 1831 1250 1879; x_wconf 86' lang='lat' dir='ltr'>consuetudo</span> <span class='ocrx_word' id='word_1_275' title='bbox 1274 1829 1514 1893; x_wconf 80' lang='lat' dir='ltr'>superioris</span> <span class='ocrx_word' id='word_1_276' title='bbox 1535 1827 1741 1877; x_wconf 77' lang='lat' dir='ltr'>inferiori</span> <span class='ocrx_word' id='word_1_277' title='bbox 1764 1845 1847 1892; x_wconf 88' lang='lat' dir='ltr'>pro</span> <span class='ocrx_word' id='word_1_278' title='bbox 1869 1830 1977 1894; x_wconf 80' lang='lat' dir='ltr'>lege</span> 
     </span>
     <span class='ocr_line' id='line_1_28' title="bbox 209 1893 1971 1961; baseline -0.002 -16"><span class='ocrx_word' id='word_1_279' title='bbox 209 1898 422 1945; x_wconf 89' lang='lat' dir='ltr'>habenda</span> <span class='ocrx_word' id='word_1_280' title='bbox 443 1898 520 1952; x_wconf 87' lang='lat' dir='ltr'>est,</span> <span class='ocrx_word' id='word_1_281' title='bbox 537 1914 630 1945; x_wconf 92' lang='lat' dir='ltr'>non</span> <span class='ocrx_word' id='word_1_282' title='bbox 652 1911 824 1944; x_wconf 89' lang='lat' dir='ltr'>contra.</span> <span class='ocrx_word' id='word_1_283' title='bbox 892 1896 1107 1961; x_wconf 88' lang='lat' dir='ltr'>Longum</span> <span class='ocrx_word' id='word_1_284' title='bbox 1129 1895 1234 1942; x_wconf 89' lang='lat' dir='ltr'>esset</span> <span class='ocrx_word' id='word_1_285' title='bbox 1251 1896 1457 1942; x_wconf 89' lang='lat' dir='ltr'>omnium</span> <span class='ocrx_word' id='word_1_286' title='bbox 1479 1893 1718 1943; x_wconf 79' lang='lat' dir='ltr'>sententias</span> <span class='ocrx_word' id='word_1_287' title='bbox 1740 1893 1971 1957; x_wconf 70' lang='lat' dir='ltr'>sigillatim</span> 
     </span>
     <span class='ocr_line' id='line_1_29' title="bbox 208 1955 2048 2026; baseline -0.003 -16"><span class='ocrx_word' id='word_1_288' title='bbox 208 1962 392 2010; x_wconf 82' lang='lat' dir='ltr'>referre.</span> <span class='ocrx_word' id='word_1_289' title='bbox 461 1962 551 2009; x_wconf 86' lang='lat' dir='ltr'>Sed</span> <span class='ocrx_word' id='word_1_290' title='bbox 574 1975 623 2009; x_wconf 85' lang='lat' dir='ltr'>ut</span> <span class='ocrx_word' id='word_1_291' title='bbox 655 1960 812 2026; x_wconf 89' lang='lat' dir='ltr'>paucis</span> <span class='ocrx_word' id='word_1_292' title='bbox 845 1960 954 2007; x_wconf 88' lang='lat' dir='ltr'>colli</span> <span class='ocrx_word' id='word_1_293' title='bbox 991 1976 1081 2014; x_wconf 84' lang='lat' dir='ltr'>am,</span> <span class='ocrx_word' id='word_1_294' title='bbox 1105 1975 1250 2023; x_wconf 88' lang='lat' dir='ltr'>prope</span> <span class='ocrx_word' id='word_1_295' title='bbox 1274 1957 1465 2005; x_wconf 81' lang='lat' dir='ltr'>universi</span> <span class='ocrx_word' id='word_1_296' title='bbox 1488 1957 1663 2017; x_wconf 88' lang='lat' dir='ltr'>dejure</span> <span class='ocrx_word' id='word_1_297' title='bbox 1694 1955 1976 2020; x_wconf 76' lang='lat' dir='ltr'>litigantium</span> <span class='ocrx_word' id='word_1_298' title='bbox 2041 1977 2048 1981; x_wconf 97' lang='lat'>·</span> 
     </span>
     <span class='ocr_line' id='line_1_30' title="bbox 208 1977 1968 2086; baseline -0.002 -13"><span class='ocrx_word' id='word_1_299' title='bbox 208 2027 460 2080; x_wconf 84' lang='lat' dir='ltr'>incerta‚&amp;</span> <span class='ocrx_word' id='word_1_300' title='bbox 478 2024 763 2073; x_wconf 88' lang='lat' dir='ltr'>controversa</span> <span class='ocrx_word' id='word_1_301' title='bbox 782 1977 1124 2086; x_wconf 49' lang='lat' dir='ltr'>responferunt.</span> <span class='ocrx_word' id='word_1_302' title='bbox 1178 2024 1445 2071; x_wconf 85' lang='lat' dir='ltr'>Potestatem</span> <span class='ocrx_word' id='word_1_303' title='bbox 1467 2026 1573 2068; x_wconf 80' lang='lat' dir='ltr'>vero</span> <span class='ocrx_word' id='word_1_304' title='bbox 1589 2019 1829 2082; x_wconf 85' lang='lat' dir='ltr'>judicandi</span> <span class='ocrx_word' id='word_1_305' title='bbox 1849 2020 1968 2069; x_wconf 86' lang='lat' dir='ltr'>sum·</span> 
     </span>
     <span class='ocr_line' id='line_1_31' title="bbox 211 2086 1805 2153; baseline -0.004 -15"><span class='ocrx_word' id='word_1_306' title='bbox 211 2107 332 2138; x_wconf 85' lang='lat' dir='ltr'>mam</span> <span class='ocrx_word' id='word_1_307' title='bbox 349 2090 484 2152; x_wconf 87' lang='lat' dir='ltr'>juxta</span> <span class='ocrx_word' id='word_1_308' title='bbox 507 2091 576 2153; x_wconf 83' lang='lat'>(2)</span> <span class='ocrx_word' id='word_1_309' title='bbox 606 2089 757 2142; x_wconf 74' lang='lat' dir='ltr'>falsam</span> <span class='ocrx_word' id='word_1_310' title='bbox 777 2089 971 2151; x_wconf 85' lang='lat' dir='ltr'>speciem</span> <span class='ocrx_word' id='word_1_311' title='bbox 994 2087 1268 2152; x_wconf 81' lang='lat' dir='ltr'>propositam</span> <span class='ocrx_word' id='word_1_312' title='bbox 1292 2086 1506 2135; x_wconf 81' lang='lat' dir='ltr'>Eduardo</span> <span class='ocrx_word' id='word_1_313' title='bbox 1533 2086 1805 2132; x_wconf 88' lang='lat' dir='ltr'>tribuerunt.</span> 
     </span>
    </p>

    <p class='ocr_par' dir='ltr' id='par_1_5' title="bbox 208 2148 2046 2539">
     <span class='ocr_line' id='line_1_32' title="bbox 277 2148 1972 2218; baseline -0.003 -15"><span class='ocrx_word' id='word_1_314' title='bbox 277 2156 385 2203; x_wconf 89' lang='lat' dir='ltr'><strong>XII.</strong></span> <span class='ocrx_word' id='word_1_315' title='bbox 417 2156 490 2202; x_wconf 89' lang='lat' dir='ltr'>Ita</span> <span class='ocrx_word' id='word_1_316' title='bbox 521 2170 569 2201; x_wconf 90' lang='lat' dir='ltr'>re</span> <span class='ocrx_word' id='word_1_317' title='bbox 601 2154 745 2218; x_wconf 77' lang='lat' dir='ltr'>magis</span> <span class='ocrx_word' id='word_1_318' title='bbox 779 2153 843 2200; x_wconf 85' lang='lat' dir='ltr'>im</span> <span class='ocrx_word' id='word_1_319' title='bbox 880 2152 1032 2207; x_wconf 88' lang='lat' dir='ltr'>licata,</span> <span class='ocrx_word' id='word_1_320' title='bbox 1056 2157 1096 2199; x_wconf 73' lang='grc' dir='ltr'>δι</span> <span class='ocrx_word' id='word_1_321' title='bbox 1130 2152 1351 2205; x_wconf 89' lang='lat' dir='ltr'>involuta,</span> <span class='ocrx_word' id='word_1_322' title='bbox 1383 2149 1519 2214; x_wconf 67' lang='lat' dir='ltr'>quam</span> <span class='ocrx_word' id='word_1_323' title='bbox 1555 2148 1680 2212; x_wconf 86' lang='lat' dir='ltr'>prius</span> <span class='ocrx_word' id='word_1_324' title='bbox 1715 2162 1827 2203; x_wconf 87' lang='lat' dir='ltr'>erat,</span> <span class='ocrx_word' id='word_1_325' title='bbox 1851 2165 1972 2198; x_wconf 86' lang='lat' dir='ltr'>anno</span> 
     </span>
     <span class='ocr_line' id='line_1_33' title="bbox 210 2213 1977 2283; baseline -0.004 -16"><span class='ocrx_word' id='word_1_326' title='bbox 210 2221 424 2283; x_wconf 88' lang='lat' dir='ltr'>proximo</span> <span class='ocrx_word' id='word_1_327' title='bbox 446 2218 718 2266; x_wconf 73' lang='lat' dir='ltr'>convenitur</span> <span class='ocrx_word' id='word_1_328' title='bbox 735 2217 791 2265; x_wconf 90' lang='lat' dir='ltr'>ad</span> <span class='ocrx_word' id='word_1_329' title='bbox 866 2232 1083 2264; x_wconf 90' lang='lat' dir='ltr'>oramam.</span> <span class='ocrx_word' id='word_1_330' title='bbox 1125 2216 1197 2263; x_wconf 87' lang='lat' dir='ltr'>lbi</span> <span class='ocrx_word' id='word_1_331' title='bbox 1219 2214 1454 2263; x_wconf 85' lang='lat' dir='ltr'>Eduardus</span> <span class='ocrx_word' id='word_1_332' title='bbox 1484 2231 1565 2277; x_wconf 83' lang='lat' dir='ltr'>per</span> <span class='ocrx_word' id='word_1_333' title='bbox 1587 2213 1793 2260; x_wconf 83' lang='lat' dir='ltr'>homines</span> <span class='ocrx_word' id='word_1_334' title='bbox 1814 2213 1977 2260; x_wconf 85' lang='lat' dir='ltr'>idone·</span> 
     </span>
     <span class='ocr_line' id='line_1_34' title="bbox 209 2276 1974 2344; baseline -0.003 -14"><span class='ocrx_word' id='word_1_335' title='bbox 209 2301 262 2330; x_wconf 88' lang='lat' dir='ltr'>os</span> <span class='ocrx_word' id='word_1_336' title='bbox 280 2283 442 2332; x_wconf 89' lang='lat' dir='ltr'>leniter</span> <span class='ocrx_word' id='word_1_337' title='bbox 459 2284 698 2330; x_wconf 87' lang='lat' dir='ltr'>Scotorum</span> <span class='ocrx_word' id='word_1_338' title='bbox 715 2282 890 2329; x_wconf 88' lang='lat' dir='ltr'>animos</span> <span class='ocrx_word' id='word_1_339' title='bbox 908 2292 1152 2344; x_wconf 83' lang='lat' dir='ltr'>pertentat,</span> <span class='ocrx_word' id='word_1_340' title='bbox 1170 2296 1278 2327; x_wconf 90' lang='lat' dir='ltr'>num</span> <span class='ocrx_word' id='word_1_341' title='bbox 1294 2280 1449 2342; x_wconf 82' lang='lat' dir='ltr'>sponte</span> <span class='ocrx_word' id='word_1_342' title='bbox 1469 2278 1514 2326; x_wconf 92' lang='lat' dir='ltr'>in</span> <span class='ocrx_word' id='word_1_343' title='bbox 1534 2276 1758 2325; x_wconf 88' lang='lat' dir='ltr'>ditionem</span> <span class='ocrx_word' id='word_1_344' title='bbox 1771 2276 1867 2339; x_wconf 82' lang='lat' dir='ltr'>ejus</span> <span class='ocrx_word' id='word_1_345' title='bbox 1880 2279 1974 2324; x_wconf 88' lang='lat' dir='ltr'>vel-</span> 
     </span>
     <span class='ocr_line' id='line_1_35' title="bbox 208 2341 2042 2410; baseline -0.005 -14"><span class='ocrx_word' id='word_1_346' title='bbox 208 2348 577 2397; x_wconf 78' lang='lat' dir='ltr'>lentconcedere</span> <span class='ocrx_word' id='word_1_347' title='bbox 599 2366 608 2393; x_wconf 95' lang='lat'><strong>:</strong></span> <span class='ocrx_word' id='word_1_348' title='bbox 630 2346 755 2410; x_wconf 87' lang='lat' dir='ltr'>quod</span> <span class='ocrx_word' id='word_1_349' title='bbox 780 2346 840 2392; x_wconf 89' lang='lat' dir='ltr'>ab</span> <span class='ocrx_word' id='word_1_350' title='bbox 859 2361 1017 2393; x_wconf 89' lang='lat' dir='ltr'>eorum</span> <span class='ocrx_word' id='word_1_351' title='bbox 1041 2344 1287 2406; x_wconf 78' lang='lat' dir='ltr'>majoribus</span> <span class='ocrx_word' id='word_1_352' title='bbox 1311 2343 1425 2406; x_wconf 81' lang='lat' dir='ltr'>saepe</span> <span class='ocrx_word' id='word_1_353' title='bbox 1447 2343 1616 2389; x_wconf 61' lang='lat' dir='ltr'>factum</span> <span class='ocrx_word' id='word_1_354' title='bbox 1641 2341 1767 2387; x_wconf 78' lang='lat' dir='ltr'>fuiffe</span> <span class='ocrx_word' id='word_1_355' title='bbox 1786 2354 1976 2390; x_wconf 79' lang='lat' dir='ltr'>conten·</span> <span class='ocrx_word' id='word_1_356' title='bbox 2037 2369 2042 2379; x_wconf 86' lang='lat'><strong>·</strong></span> 
     </span>
     <span class='ocr_line' id='line_1_36' title="bbox 209 2399 2025 2522; baseline -0.004 -63"><span class='ocrx_word' id='word_1_357' title='bbox 209 2399 612 2522; x_wconf 40' lang='lat' dir='ltr'>debiam-&amp;Lu</span> <span class='ocrx_word' id='word_1_358' title='bbox 633 2411 885 2457; x_wconf 85' lang='lat' dir='ltr'>constanter</span> <span class='ocrx_word' id='word_1_359' title='bbox 904 2425 1063 2457; x_wconf 86' lang='lat' dir='ltr'>omnes</span> <span class='ocrx_word' id='word_1_360' title='bbox 1085 2408 1352 2462; x_wconf 85' lang='lat' dir='ltr'>abnuerent,</span> <span class='ocrx_word' id='word_1_361' title='bbox 1376 2408 1445 2470; x_wconf 83' lang='lat'>(3)</span> <span class='ocrx_word' id='word_1_362' title='bbox 1470 2404 1848 2468; x_wconf 86' lang='lat' dir='ltr'>competitoribus</span> <span class='ocrx_word' id='word_1_363' title='bbox 1871 2422 1976 2469; x_wconf 88' lang='lat' dir='ltr'>reg·</span> <span class='ocrx_word' id='word_1_364' title='bbox 2019 2418 2025 2425; x_wconf 87' lang='lat'>·</span> 
     </span>
     <span class='ocr_line' id='line_1_37' title="bbox 208 2465 2046 2539; baseline -0.004 -16"><span class='ocrx_word' id='word_1_365' title='bbox 208 2476 277 2532; x_wconf 85' lang='lat' dir='ltr'>ni,</span> <span class='ocrx_word' id='word_1_366' title='bbox 299 2491 416 2539; x_wconf 75' lang='lat' dir='ltr'>quos</span> <span class='ocrx_word' id='word_1_367' title='bbox 445 2474 496 2537; x_wconf 89' lang='lat' dir='ltr'>ip</span> <span class='ocrx_word' id='word_1_368' title='bbox 570 2465 864 2529; x_wconf 73' lang='lat' dir='ltr'>ex‘citaverat,</span> <span class='ocrx_word' id='word_1_369' title='bbox 887 2472 1147 2520; x_wconf 86' lang='lat' dir='ltr'>convocatis</span> <span class='ocrx_word' id='word_1_370' title='bbox 1177 2472 1396 2535; x_wconf 77' lang='lat' dir='ltr'>promissis</span> <span class='ocrx_word' id='word_1_371' title='bbox 1429 2471 1695 2533; x_wconf 76' lang='lat' dir='ltr'>ingentibus</span> <span class='ocrx_word' id='word_1_372' title='bbox 1717 2469 1774 2514; x_wconf 89' lang='lat' dir='ltr'>ab</span> <span class='ocrx_word' id='word_1_373' title='bbox 1807 2467 1872 2516; x_wconf 88' lang='lat' dir='ltr'>eis</span> <span class='ocrx_word' id='word_1_374' title='bbox 1892 2485 1972 2517; x_wconf 89' lang='lat' dir='ltr'>ex·</span> <span class='ocrx_word' id='word_1_375' title='bbox 2035 2502 2046 2521; x_wconf 84' lang='lat'>-‚</span> 
     </span>
    </p>

    <p class='ocr_par' dir='ltr' id='par_1_6' title="bbox 201 2533 2055 2796">
     <span class='ocr_line' id='line_1_38' title="bbox 246 2533 2038 2602; baseline -0.004 -16"><span class='ocrx_word' id='word_1_376' title='bbox 246 2538 387 2592; x_wconf 87' lang='lat' dir='ltr'>rimit,</span> <span class='ocrx_word' id='word_1_377' title='bbox 408 2552 458 2585; x_wconf 87' lang='lat' dir='ltr'>ut</span> <span class='ocrx_word' id='word_1_378' title='bbox 476 2539 558 2602; x_wconf 84' lang='lat' dir='ltr'>ipsi</span> <span class='ocrx_word' id='word_1_379' title='bbox 581 2539 629 2585; x_wconf 89' lang='lat' dir='ltr'>in</span> <span class='ocrx_word' id='word_1_380' title='bbox 651 2538 790 2585; x_wconf 89' lang='lat' dir='ltr'>verba</span> <span class='ocrx_word' id='word_1_381' title='bbox 806 2539 902 2600; x_wconf 87' lang='lat' dir='ltr'>ejus</span> <span class='ocrx_word' id='word_1_382' title='bbox 926 2537 1083 2599; x_wconf 82' lang='lat' dir='ltr'>jurent</span> <span class='ocrx_word' id='word_1_383' title='bbox 1107 2554 1118 2582; x_wconf 90' lang='lat'>:</span> <span class='ocrx_word' id='word_1_384' title='bbox 1152 2537 1328 2584; x_wconf 83' lang='lat' dir='ltr'>caeteris</span> <span class='ocrx_word' id='word_1_385' title='bbox 1362 2533 1614 2599; x_wconf 65' lang='lat' dir='ltr'>persuadete,</span> <span class='ocrx_word' id='word_1_386' title='bbox 1641 2545 1688 2579; x_wconf 89' lang='lat' dir='ltr'>ut</span> <span class='ocrx_word' id='word_1_387' title='bbox 1721 2546 1971 2580; x_wconf 75' lang='lat' dir='ltr'>conventus</span> <span class='ocrx_word' id='word_1_388' title='bbox 2036 2535 2038 2538; x_wconf 71' lang='grc'>’</span> 
     </span>
     <span class='ocr_line' id='line_1_39' title="bbox 208 2556 2055 2666; baseline -0.004 -13"><span class='ocrx_word' id='word_1_389' title='bbox 208 2556 450 2653; x_wconf 53' lang='lat' dir='ltr'>{eraricum</span> <span class='ocrx_word' id='word_1_390' title='bbox 471 2603 519 2650; x_wconf 88' lang='lat' dir='ltr'>in</span> <span class='ocrx_word' id='word_1_391' title='bbox 541 2603 695 2650; x_wconf 84' lang='lat' dir='ltr'>locum</span> <span class='ocrx_word' id='word_1_392' title='bbox 718 2602 864 2666; x_wconf 79' lang='lat' dir='ltr'>magis</span> <span class='ocrx_word' id='word_1_393' title='bbox 884 2601 1102 2649; x_wconf 90' lang='lat' dir='ltr'>idoneum</span> <span class='ocrx_word' id='word_1_394' title='bbox 1125 2600 1431 2648; x_wconf 85' lang='lat' dir='ltr'>transferatur.</span> <span class='ocrx_word' id='word_1_395' title='bbox 1499 2598 1572 2646; x_wconf 85' lang='lat' dir='ltr'>Ibi</span> <span class='ocrx_word' id='word_1_396' title='bbox 1591 2595 1757 2661; x_wconf 88' lang='lat' dir='ltr'>viginti</span> <span class='ocrx_word' id='word_1_397' title='bbox 1779 2607 1977 2660; x_wconf 89' lang='lat' dir='ltr'>quatuor</span> <span class='ocrx_word' id='word_1_398' title='bbox 2032 2600 2055 2652; x_wconf 71' lang='grc' dir='ltr'>Δςὲ</span> 
     </span>
     <span class='ocr_line' id='line_1_40' title="bbox 201 2661 2055 2730; baseline -0.004 -17"><span class='ocrx_word' id='word_1_399' title='bbox 201 2666 382 2730; x_wconf 88' lang='lat' dir='ltr'>judices</span> <span class='ocrx_word' id='word_1_400' title='bbox 407 2666 512 2714; x_wconf 77' lang='lat' dir='ltr'>illos</span> <span class='ocrx_word' id='word_1_401' title='bbox 535 2667 716 2714; x_wconf 69' lang='lat' dir='ltr'>seleRos</span> <span class='ocrx_word' id='word_1_402' title='bbox 738 2665 786 2712; x_wconf 90' lang='lat' dir='ltr'>in</span> <span class='ocrx_word' id='word_1_403' title='bbox 809 2666 1032 2727; x_wconf 87' lang='lat' dir='ltr'>templum</span> <span class='ocrx_word' id='word_1_404' title='bbox 1055 2666 1145 2711; x_wconf 81' lang='lat' dir='ltr'>fine</span> <span class='ocrx_word' id='word_1_405' title='bbox 1168 2664 1347 2711; x_wconf 86' lang='lat' dir='ltr'>arbitris</span> <span class='ocrx_word' id='word_1_406' title='bbox 1369 2661 1562 2710; x_wconf 76' lang='lat' dir='ltr'>inclusos</span> <span class='ocrx_word' id='word_1_407' title='bbox 1592 2661 1649 2707; x_wconf 91' lang='lat' dir='ltr'>de</span> <span class='ocrx_word' id='word_1_408' title='bbox 1671 2661 1973 2707; x_wconf 74' lang='lat' dir='ltr'>controversia</span> <span class='ocrx_word' id='word_1_409' title='bbox 2048 2671 2055 2723; x_wconf 60' lang='lat' dir='ltr'><em>g</em></span> 
     </span>
     <span class='ocr_line' id='line_1_41' title="bbox 208 2723 2046 2796; baseline -0.004 -19"><span class='ocrx_word' id='word_1_410' title='bbox 208 2729 627 2796; x_wconf 76' lang='lat' dir='ltr'>cognoscerejubet</span> <span class='ocrx_word' id='word_1_411' title='bbox 652 2749 663 2777; x_wconf 90' lang='lat'>:</span> <span class='ocrx_word' id='word_1_412' title='bbox 695 2730 839 2777; x_wconf 89' lang='lat' dir='ltr'>vetito</span> <span class='ocrx_word' id='word_1_413' title='bbox 857 2728 1032 2776; x_wconf 88' lang='lat' dir='ltr'>interea</span> <span class='ocrx_word' id='word_1_414' title='bbox 1053 2745 1109 2794; x_wconf 84' lang='lat' dir='ltr'>ne</span> <span class='ocrx_word' id='word_1_415' title='bbox 1126 2727 1369 2793; x_wconf 84' lang='lat' dir='ltr'>quisquam·</span> <span class='ocrx_word' id='word_1_416' title='bbox 1386 2726 1444 2772; x_wconf 89' lang='lat' dir='ltr'>ad</span> <span class='ocrx_word' id='word_1_417' title='bbox 1461 2741 1538 2773; x_wconf 86' lang='lat' dir='ltr'>eos</span> <span class='ocrx_word' id='word_1_418' title='bbox 1559 2723 1750 2789; x_wconf 74' lang='lat' dir='ltr'>propius</span> <span class='ocrx_word' id='word_1_419' title='bbox 1767 2724 1968 2772; x_wconf 86' lang='lat' dir='ltr'>accedat.</span> <span class='ocrx_word' id='word_1_420' title='bbox 2043 2728 2046 2730; x_wconf 83' lang='grc'><strong>’</strong></span> 
     </span>
    </p>
   </div>
   <div class='ocr_carea' id='block_1_3' title="bbox 209 2853 2055 3748">
    <p class='ocr_par' dir='ltr' id='par_1_7' title="bbox 210 2853 2055 3176">
     <span class='ocr_line' id='line_1_42' title="bbox 266 2853 2055 2912; baseline -0.004 -13"><span class='ocrx_word' id='word_1_421' title='bbox 266 2861 328 2912; x_wconf 82' lang='lat' dir='ltr'>(r)</span> <span class='ocrx_word' id='word_1_422' title='bbox 356 2860 608 2912; x_wconf 82' lang='lat' dir='ltr'>Sempronius,</span> <span class='ocrx_word' id='word_1_423' title='bbox 628 2859 770 2905; x_wconf 72' lang='lat' dir='ltr'>Titius,</span> <span class='ocrx_word' id='word_1_424' title='bbox 785 2859 855 2897; x_wconf 85' lang='lat' dir='ltr'>and</span> <span class='ocrx_word' id='word_1_425' title='bbox 876 2857 981 2896; x_wconf 86' lang='lat' dir='ltr'>Seius</span> <span class='ocrx_word' id='word_1_426' title='bbox 1004 2870 1065 2896; x_wconf 86' lang='lat' dir='ltr'>are</span> <span class='ocrx_word' id='word_1_427' title='bbox 1115 2857 1300 2902; x_wconf 74' lang='lat' dir='ltr'>nouand,</span> <span class='ocrx_word' id='word_1_428' title='bbox 1326 2855 1522 2893; x_wconf 79' lang='lat' dir='ltr'>dest-ended</span> <span class='ocrx_word' id='word_1_429' title='bbox 1550 2854 1596 2893; x_wconf 85' lang='lat' dir='ltr'>of</span> <span class='ocrx_word' id='word_1_430' title='bbox 1620 2855 1780 2901; x_wconf 83' lang='lat' dir='ltr'>Adama,</span> <span class='ocrx_word' id='word_1_431' title='bbox 1816 2853 1904 2892; x_wconf 78' lang='lat' dir='ltr'>wife</span> <span class='ocrx_word' id='word_1_432' title='bbox 1934 2862 1975 2892; x_wconf 79' lang='lat' dir='ltr'>to</span> <span class='ocrx_word' id='word_1_433' title='bbox 2042 2864 2055 2900; x_wconf 66' lang='lat'>³,</span> 
     </span>
     <span class='ocr_line' id='line_1_43' title="bbox 210 2902 2055 2962; baseline -0.005 -8"><span class='ocrx_word' id='word_1_434' title='bbox 210 2914 316 2954; x_wconf 81' lang='lat' dir='ltr'>three</span> <span class='ocrx_word' id='word_1_435' title='bbox 335 2927 463 2953; x_wconf 82' lang='lat' dir='ltr'>names</span> <span class='ocrx_word' id='word_1_436' title='bbox 480 2913 605 2960; x_wconf 56' lang='lat' dir='ltr'>uhich</span> <span class='ocrx_word' id='word_1_437' title='bbox 624 2912 689 2950; x_wconf 86' lang='lat' dir='ltr'>the</span> <span class='ocrx_word' id='word_1_438' title='bbox 705 2913 857 2962; x_wconf 78' lang='lat' dir='ltr'>lawyers</span> <span class='ocrx_word' id='word_1_439' title='bbox 874 2911 934 2949; x_wconf 83' lang='lat' dir='ltr'>use</span> <span class='ocrx_word' id='word_1_440' title='bbox 953 2911 1010 2949; x_wconf 86' lang='lat' dir='ltr'>sor</span> <span class='ocrx_word' id='word_1_441' title='bbox 1024 2925 1063 2948; x_wconf 90' lang='lat' dir='ltr'>e-</span> <span class='ocrx_word' id='word_1_442' title='bbox 1117 2910 1293 2947; x_wconf 73' lang='lat' dir='ltr'>florente</span> <span class='ocrx_word' id='word_1_443' title='bbox 1311 2910 1386 2947; x_wconf 86' lang='lat' dir='ltr'>earl</span> <span class='ocrx_word' id='word_1_444' title='bbox 1412 2908 1456 2945; x_wconf 75' lang='lat' dir='ltr'>of</span> <span class='ocrx_word' id='word_1_445' title='bbox 1470 2909 1650 2952; x_wconf 70' lang='lat' dir='ltr'>Holhnd,</span> <span class='ocrx_word' id='word_1_446' title='bbox 1668 2907 1756 2945; x_wconf 74' lang='lat' dir='ltr'>who</span> <span class='ocrx_word' id='word_1_447' title='bbox 1781 2920 1854 2945; x_wconf 81' lang='lat' dir='ltr'>was</span> <span class='ocrx_word' id='word_1_448' title='bbox 1877 2907 1975 2944; x_wconf 65' lang='lat' dir='ltr'>sister</span> <span class='ocrx_word' id='word_1_449' title='bbox 2032 2902 2055 2947; x_wconf 61' lang='lat'>³²,</span> 
     </span>
     <span class='ocr_line' id='line_1_44' title="bbox 211 2957 2055 3018; baseline -0.007 -12"><span class='ocrx_word' id='word_1_450' title='bbox 211 2970 378 3018; x_wconf 78' lang='lat' dir='ltr'>xamples</span> <span class='ocrx_word' id='word_1_451' title='bbox 396 2969 434 3006; x_wconf 85' lang='lat' dir='ltr'>in</span> <span class='ocrx_word' id='word_1_452' title='bbox 451 2967 596 3017; x_wconf 72' lang='lat' dir='ltr'>general</span> <span class='ocrx_word' id='word_1_453' title='bbox 615 2965 710 3004; x_wconf 72' lang='lat' dir='ltr'>enses</span> <span class='ocrx_word' id='word_1_454' title='bbox 743 2979 752 3002; x_wconf 93' lang='lat'><strong>:</strong></span> <span class='ocrx_word' id='word_1_455' title='bbox 792 2965 881 3002; x_wconf 86' lang='lat' dir='ltr'>here</span> <span class='ocrx_word' id='word_1_456' title='bbox 908 2964 998 3002; x_wconf 87' lang='lat' dir='ltr'>then</span> <span class='ocrx_word' id='word_1_457' title='bbox 1020 2964 1065 3012; x_wconf 81' lang='lat' dir='ltr'>by</span> <span class='ocrx_word' id='word_1_458' title='bbox 1118 2971 1157 3000; x_wconf 88' lang='lat' dir='ltr'>to</span> <span class='ocrx_word' id='word_1_459' title='bbox 1175 2962 1269 3010; x_wconf 79' lang='lat' dir='ltr'>king</span> <span class='ocrx_word' id='word_1_460' title='bbox 1285 2961 1474 2999; x_wconf 82' lang='lat' dir='ltr'>William.</span> <span class='ocrx_word' id='word_1_461' title='bbox 1531 2961 1576 2999; x_wconf 65' lang='grc' dir='ltr'>εἴ</span> <span class='ocrx_word' id='word_1_462' title='bbox 1591 2959 1692 3012; x_wconf 87' lang='lat' dir='ltr'>John</span> <span class='ocrx_word' id='word_1_463' title='bbox 1712 2961 1875 2999; x_wconf 81' lang='lat' dir='ltr'>Cumine</span> <span class='ocrx_word' id='word_1_464' title='bbox 1892 2961 1971 2998; x_wconf 83' lang='lat' dir='ltr'>lord</span> <span class='ocrx_word' id='word_1_465' title='bbox 2028 2957 2055 3012; x_wconf 55' lang='lat'>33¹.</span> 
     </span>
     <span class='ocr_line' id='line_1_45' title="bbox 211 3012 2055 3071; baseline -0.006 -12"><span class='ocrx_word' id='word_1_466' title='bbox 211 3020 449 3071; x_wconf 82' lang='lat' dir='ltr'>Sempronius</span> <span class='ocrx_word' id='word_1_467' title='bbox 460 3017 801 3058; x_wconf 72' lang='lat' dir='ltr'>understandDavid</span> <span class='ocrx_word' id='word_1_468' title='bbox 816 3017 888 3054; x_wconf 86' lang='lat' dir='ltr'>eatl</span> <span class='ocrx_word' id='word_1_469' title='bbox 904 3016 947 3053; x_wconf 85' lang='lat' dir='ltr'>of</span> <span class='ocrx_word' id='word_1_470' title='bbox 953 3018 1064 3054; x_wconf 83' lang='lat' dir='ltr'>Hun-</span> <span class='ocrx_word' id='word_1_471' title='bbox 1119 3014 1163 3052; x_wconf 82' lang='lat' dir='ltr'>of</span> <span class='ocrx_word' id='word_1_472' title='bbox 1188 3015 1438 3053; x_wconf 82' lang='lat' dir='ltr'>Cumbernald</span> <span class='ocrx_word' id='word_1_473' title='bbox 1468 3015 1538 3052; x_wconf 82' lang='lat' dir='ltr'>:md</span> <span class='ocrx_word' id='word_1_474' title='bbox 1564 3012 1774 3051; x_wconf 83' lang='lat' dir='ltr'>Badenoch.</span> <span class='ocrx_word' id='word_1_475' title='bbox 1833 3024 1867 3064; x_wconf 85' lang='lat'>3.</span> <span class='ocrx_word' id='word_1_476' title='bbox 1900 3012 1971 3049; x_wconf 81' lang='lat' dir='ltr'>Pa·</span> <span class='ocrx_word' id='word_1_477' title='bbox 2024 3013 2055 3071; x_wconf 48' lang='grc' dir='ltr'>*ὅ</span> 
     </span>
     <span class='ocr_line' id='line_1_46' title="bbox 211 3063 2055 3142; baseline -0.005 -32"><span class='ocrx_word' id='word_1_478' title='bbox 211 3075 383 3123; x_wconf 76' lang='lat' dir='ltr'>tington5</span> <span class='ocrx_word' id='word_1_479' title='bbox 405 3075 448 3123; x_wconf 80' lang='lat' dir='ltr'>by</span> <span class='ocrx_word' id='word_1_480' title='bbox 467 3072 609 3118; x_wconf 80' lang='lat' dir='ltr'>Titius,</span> <span class='ocrx_word' id='word_1_481' title='bbox 627 3070 730 3124; x_wconf 80' lang='lat' dir='ltr'>John</span> <span class='ocrx_word' id='word_1_482' title='bbox 746 3070 865 3109; x_wconf 78' lang='lat' dir='ltr'>Baliol</span> <span class='ocrx_word' id='word_1_483' title='bbox 881 3083 1063 3118; x_wconf 73' lang='lat' dir='ltr'>younger3</span> <span class='ocrx_word' id='word_1_484' title='bbox 1118 3067 1219 3106; x_wconf 86' lang='lat' dir='ltr'>trick</span> <span class='ocrx_word' id='word_1_485' title='bbox 1239 3069 1392 3106; x_wconf 83' lang='lat' dir='ltr'>Dunbar</span> <span class='ocrx_word' id='word_1_486' title='bbox 1407 3067 1480 3104; x_wconf 84' lang='lat' dir='ltr'>earl</span> <span class='ocrx_word' id='word_1_487' title='bbox 1498 3066 1543 3104; x_wconf 87' lang='lat' dir='ltr'>os</span> <span class='ocrx_word' id='word_1_488' title='bbox 1555 3065 1705 3110; x_wconf 87' lang='lat' dir='ltr'>March,</span> <span class='ocrx_word' id='word_1_489' title='bbox 1719 3065 1913 3103; x_wconf 78' lang='lat' dir='ltr'>descended</span> <span class='ocrx_word' id='word_1_490' title='bbox 1931 3063 1977 3102; x_wconf 83' lang='lat' dir='ltr'>os</span> <span class='ocrx_word' id='word_1_491' title='bbox 2029 3076 2055 3142; x_wconf 54' lang='grc' dir='ltr'>ᾂ</span> 
     </span>
     <span class='ocr_line' id='line_1_47' title="bbox 213 3117 2031 3176; baseline -0.005 -13"><span class='ocrx_word' id='word_1_492' title='bbox 213 3127 258 3176; x_wconf 78' lang='lat' dir='ltr'>by</span> <span class='ocrx_word' id='word_1_493' title='bbox 277 3127 397 3172; x_wconf 87' lang='lat' dir='ltr'>Seius,</span> <span class='ocrx_word' id='word_1_494' title='bbox 413 3127 558 3165; x_wconf 81' lang='lat' dir='ltr'>Robert</span> <span class='ocrx_word' id='word_1_495' title='bbox 570 3125 701 3170; x_wconf 78' lang='lat' dir='ltr'>Brute,</span> <span class='ocrx_word' id='word_1_496' title='bbox 719 3125 792 3161; x_wconf 81' lang='lat' dir='ltr'>carl</span> <span class='ocrx_word' id='word_1_497' title='bbox 811 3123 855 3160; x_wconf 84' lang='lat' dir='ltr'>of</span> <span class='ocrx_word' id='word_1_498' title='bbox 865 3122 1038 3159; x_wconf 75' lang='lat' dir='ltr'>Carrick.</span> <span class='ocrx_word' id='word_1_499' title='bbox 1119 3123 1205 3158; x_wconf 79' lang='lat' dir='ltr'>Ada</span> <span class='ocrx_word' id='word_1_500' title='bbox 1220 3121 1398 3169; x_wconf 79' lang='lat' dir='ltr'>daughter</span> <span class='ocrx_word' id='word_1_501' title='bbox 1430 3128 1470 3158; x_wconf 87' lang='lat' dir='ltr'>to</span> <span class='ocrx_word' id='word_1_502' title='bbox 1486 3118 1664 3156; x_wconf 66' lang='lat' dir='ltr'>william</span> <span class='ocrx_word' id='word_1_503' title='bbox 1688 3117 1781 3167; x_wconf 78' lang='lat' dir='ltr'>king</span> <span class='ocrx_word' id='word_1_504' title='bbox 1797 3117 1842 3155; x_wconf 84' lang='lat' dir='ltr'>of</span> <span class='ocrx_word' id='word_1_505' title='bbox 1865 3118 1972 3155; x_wconf 83' lang='lat' dir='ltr'>Scot-</span> <span class='ocrx_word' id='word_1_506' title='bbox 2027 3117 2031 3122; x_wconf 86' lang='lat'>&#39;</span> 
     </span>
    </p>

    <p class='ocr_par' dir='ltr' id='par_1_8' title="bbox 209 3150 2055 3589">
     <span class='ocr_line' id='line_1_48' title="bbox 265 3150 2055 3228; baseline -0.006 -12"><span class='ocrx_word' id='word_1_507' title='bbox 265 3177 328 3225; x_wconf 85' lang='lat'>(2)</span> <span class='ocrx_word' id='word_1_508' title='bbox 355 3179 442 3216; x_wconf 82' lang='lat' dir='ltr'>&#39;l&#39;he</span> <span class='ocrx_word' id='word_1_509' title='bbox 460 3177 624 3228; x_wconf 80' lang='lat' dir='ltr'>question</span> <span class='ocrx_word' id='word_1_510' title='bbox 656 3189 732 3214; x_wconf 80' lang='lat' dir='ltr'>was</span> <span class='ocrx_word' id='word_1_511' title='bbox 758 3184 823 3214; x_wconf 86' lang='lat' dir='ltr'>not</span> <span class='ocrx_word' id='word_1_512' title='bbox 842 3174 983 3224; x_wconf 81' lang='lat' dir='ltr'>rightlv</span> <span class='ocrx_word' id='word_1_513' title='bbox 1012 3174 1065 3211; x_wconf 87' lang='lat' dir='ltr'>set</span> <span class='ocrx_word' id='word_1_514' title='bbox 1119 3175 1219 3211; x_wconf 73' lang='lat' dir='ltr'>land.</span> <span class='ocrx_word' id='word_1_515' title='bbox 1271 3186 1310 3222; x_wconf 84' lang='lat'>4.</span> <span class='ocrx_word' id='word_1_516' title='bbox 1328 3172 1480 3210; x_wconf 80' lang='lat' dir='ltr'>Nicotas</span> <span class='ocrx_word' id='word_1_517' title='bbox 1496 3173 1541 3208; x_wconf 89' lang='lat' dir='ltr'>de</span> <span class='ocrx_word' id='word_1_518' title='bbox 1559 3171 1687 3209; x_wconf 73' lang='lat' dir='ltr'>Soules</span> <span class='ocrx_word' id='word_1_519' title='bbox 1705 3170 1783 3208; x_wconf 90' lang='lat' dir='ltr'>lord</span> <span class='ocrx_word' id='word_1_520' title='bbox 1802 3170 1846 3207; x_wconf 86' lang='lat' dir='ltr'>of</span> <span class='ocrx_word' id='word_1_521' title='bbox 1855 3169 1967 3207; x_wconf 67' lang='lat' dir='ltr'>Nidf·</span> <span class='ocrx_word' id='word_1_522' title='bbox 2021 3150 2055 3200; x_wconf 48' lang='lat'><strong><em>⁴</em></strong></span> 
     </span>
     <span class='ocr_line' id='line_1_49' title="bbox 213 3221 2055 3280; baseline -0.005 -12"><span class='ocrx_word' id='word_1_523' title='bbox 213 3233 321 3268; x_wconf 88' lang='lat' dir='ltr'>down</span> <span class='ocrx_word' id='word_1_524' title='bbox 350 3244 392 3267; x_wconf 87' lang='lat' dir='ltr'>or</span> <span class='ocrx_word' id='word_1_525' title='bbox 421 3232 530 3268; x_wconf 79' lang='lat' dir='ltr'>stated</span> <span class='ocrx_word' id='word_1_526' title='bbox 556 3245 569 3280; x_wconf 64' lang='grc' dir='ltr'><strong><em>ς</em></strong></span> <span class='ocrx_word' id='word_1_527' title='bbox 594 3230 651 3268; x_wconf 84' lang='lat' dir='ltr'>for</span> <span class='ocrx_word' id='word_1_528' title='bbox 669 3229 833 3267; x_wconf 76' lang='lat' dir='ltr'>whereas</span> <span class='ocrx_word' id='word_1_529' title='bbox 859 3228 909 3266; x_wconf 84' lang='lat' dir='ltr'>he</span> <span class='ocrx_word' id='word_1_530' title='bbox 934 3227 1064 3265; x_wconf 72' lang='lat' dir='ltr'>should</span> <span class='ocrx_word' id='word_1_531' title='bbox 1117 3227 1213 3263; x_wconf 75' lang='lat' dir='ltr'>dale.</span> <span class='ocrx_word' id='word_1_532' title='bbox 1273 3241 1308 3278; x_wconf 83' lang='lat'>5.</span> <span class='ocrx_word' id='word_1_533' title='bbox 1331 3226 1391 3264; x_wconf 91' lang='lat' dir='ltr'>Sir</span> <span class='ocrx_word' id='word_1_534' title='bbox 1403 3224 1506 3279; x_wconf 82' lang='lat' dir='ltr'>John</span> <span class='ocrx_word' id='word_1_535' title='bbox 1520 3221 1915 3272; x_wconf 74' lang='lat' dir='ltr'>Hastings,descended</span> <span class='ocrx_word' id='word_1_536' title='bbox 1931 3221 1978 3260; x_wconf 81' lang='lat' dir='ltr'>of</span> <span class='ocrx_word' id='word_1_537' title='bbox 2029 3222 2055 3267; x_wconf 54' lang='lat'><em>3</em></span> 
     </span>
     <span class='ocr_line' id='line_1_50' title="bbox 210 3274 2055 3333; baseline -0.006 -11"><span class='ocrx_word' id='word_1_538' title='bbox 210 3284 305 3322; x_wconf 84' lang='lat' dir='ltr'>have</span> <span class='ocrx_word' id='word_1_539' title='bbox 333 3296 373 3331; x_wconf 75' lang='grc' dir='ltr'>μ’</span> <span class='ocrx_word' id='word_1_540' title='bbox 397 3285 563 3333; x_wconf 75' lang='lat' dir='ltr'>pounded</span> <span class='ocrx_word' id='word_1_541' title='bbox 581 3283 645 3320; x_wconf 82' lang='lat' dir='ltr'>the</span> <span class='ocrx_word' id='word_1_542' title='bbox 673 3280 904 3329; x_wconf 82' lang='lat' dir='ltr'>controversy</span> <span class='ocrx_word' id='word_1_543' title='bbox 926 3279 1060 3319; x_wconf 85' lang='lat' dir='ltr'>touch·</span> <span class='ocrx_word' id='word_1_544' title='bbox 1113 3280 1236 3329; x_wconf 48' lang='lat' dir='ltr'>fidula</span> <span class='ocrx_word' id='word_1_545' title='bbox 1255 3292 1296 3317; x_wconf 90' lang='lat' dir='ltr'>or</span> <span class='ocrx_word' id='word_1_546' title='bbox 1312 3280 1411 3324; x_wconf 77' lang='lat' dir='ltr'>Ada,</span> <span class='ocrx_word' id='word_1_547' title='bbox 1432 3277 1606 3326; x_wconf 68' lang='lat' dir='ltr'>youngest</span> <span class='ocrx_word' id='word_1_548' title='bbox 1633 3275 1813 3323; x_wconf 73' lang='lat' dir='ltr'>daughter</span> <span class='ocrx_word' id='word_1_549' title='bbox 1827 3274 1872 3313; x_wconf 85' lang='lat' dir='ltr'>of</span> <span class='ocrx_word' id='word_1_550' title='bbox 1891 3275 1973 3312; x_wconf 85' lang='lat' dir='ltr'>Da·</span> <span class='ocrx_word' id='word_1_551' title='bbox 2012 3297 2055 3326; x_wconf 55' lang='grc' dir='ltr'>..ἔ</span> 
     </span>
     <span class='ocr_line' id='line_1_51' title="bbox 211 3324 2050 3384; baseline -0.003 -12"><span class='ocrx_word' id='word_1_552' title='bbox 211 3337 277 3384; x_wconf 77' lang='lat' dir='ltr'>ing</span> <span class='ocrx_word' id='word_1_553' title='bbox 294 3334 359 3371; x_wconf 79' lang='lat' dir='ltr'>the</span> <span class='ocrx_word' id='word_1_554' title='bbox 389 3335 518 3373; x_wconf 87' lang='lat' dir='ltr'>lawful</span> <span class='ocrx_word' id='word_1_555' title='bbox 537 3336 619 3373; x_wconf 86' lang='lat' dir='ltr'>heir</span> <span class='ocrx_word' id='word_1_556' title='bbox 644 3335 687 3373; x_wconf 83' lang='lat' dir='ltr'>of</span> <span class='ocrx_word' id='word_1_557' title='bbox 711 3348 731 3371; x_wconf 87' lang='lat' dir='ltr'>a</span> <span class='ocrx_word' id='word_1_558' title='bbox 759 3335 945 3382; x_wconf 72' lang='lat' dir='ltr'>sovereign</span> <span class='ocrx_word' id='word_1_559' title='bbox 966 3332 1063 3381; x_wconf 81' lang='lat' dir='ltr'>king</span> <span class='ocrx_word' id='word_1_560' title='bbox 1113 3331 1177 3373; x_wconf 66' lang='lat' dir='ltr'>,vid</span> <span class='ocrx_word' id='word_1_561' title='bbox 1196 3331 1271 3369; x_wconf 85' lang='lat' dir='ltr'>carl</span> <span class='ocrx_word' id='word_1_562' title='bbox 1283 3330 1592 3377; x_wconf 70' lang='lat' dir='ltr'>nfflunungton.</span> <span class='ocrx_word' id='word_1_563' title='bbox 1634 3329 1672 3366; x_wconf 87' lang='grc'>6.</span> <span class='ocrx_word' id='word_1_564' title='bbox 1686 3326 1862 3366; x_wconf 81' lang='lat' dir='ltr'>william</span> <span class='ocrx_word' id='word_1_565' title='bbox 1873 3325 1968 3365; x_wconf 81' lang='lat' dir='ltr'>ves·</span> <span class='ocrx_word' id='word_1_566' title='bbox 2023 3324 2050 3367; x_wconf 64' lang='lat'>&#39;3¹</span> 
     </span>
     <span class='ocr_line' id='line_1_52' title="bbox 212 3362 2055 3438; baseline -0.005 -12"><span class='ocrx_word' id='word_1_567' title='bbox 212 3387 351 3434; x_wconf 69' lang='lat' dir='ltr'>having</span> <span class='ocrx_word' id='word_1_568' title='bbox 370 3401 417 3423; x_wconf 86' lang='lat' dir='ltr'>no</span> <span class='ocrx_word' id='word_1_569' title='bbox 436 3387 607 3437; x_wconf 80' lang='lat' dir='ltr'>superior,</span> <span class='ocrx_word' id='word_1_570' title='bbox 624 3387 673 3425; x_wconf 84' lang='lat' dir='ltr'>he</span> <span class='ocrx_word' id='word_1_571' title='bbox 687 3387 920 3438; x_wconf 69' lang='lat' dir='ltr'>propontide-d</span> <span class='ocrx_word' id='word_1_572' title='bbox 937 3385 969 3423; x_wconf 88' lang='lat' dir='ltr'>it</span> <span class='ocrx_word' id='word_1_573' title='bbox 984 3385 1030 3423; x_wconf 84' lang='lat' dir='ltr'>of</span> <span class='ocrx_word' id='word_1_574' title='bbox 1039 3398 1063 3422; x_wconf 79' lang='lat' dir='ltr'>a</span> <span class='ocrx_word' id='word_1_575' title='bbox 1114 3385 1184 3430; x_wconf 84' lang='lat' dir='ltr'>cie,</span> <span class='ocrx_word' id='word_1_576' title='bbox 1197 3383 1393 3431; x_wconf 66' lang='lat' dir='ltr'>descended</span> <span class='ocrx_word' id='word_1_577' title='bbox 1405 3381 1453 3422; x_wconf 83' lang='lat' dir='ltr'>of</span> <span class='ocrx_word' id='word_1_578' title='bbox 1460 3382 1662 3429; x_wconf 82' lang='lat' dir='ltr'>Margaret,</span> <span class='ocrx_word' id='word_1_579' title='bbox 1677 3380 1810 3418; x_wconf 83' lang='lat' dir='ltr'>bastard</span> <span class='ocrx_word' id='word_1_580' title='bbox 1823 3378 1965 3428; x_wconf 66' lang='lat' dir='ltr'>daugb-</span> <span class='ocrx_word' id='word_1_581' title='bbox 2024 3362 2055 3422; x_wconf 63' lang='lat' dir='ltr'>ef</span> 
     </span>
     <span class='ocr_line' id='line_1_53' title="bbox 209 3425 2055 3487; baseline -0.006 -8"><span class='ocrx_word' id='word_1_582' title='bbox 209 3441 306 3487; x_wconf 82' lang='lat' dir='ltr'>king</span> <span class='ocrx_word' id='word_1_583' title='bbox 323 3438 511 3486; x_wconf 72' lang='lat' dir='ltr'>homager,</span> <span class='ocrx_word' id='word_1_584' title='bbox 539 3452 577 3476; x_wconf 84' lang='lat' dir='ltr'>as</span> <span class='ocrx_word' id='word_1_585' title='bbox 601 3439 637 3476; x_wconf 84' lang='lat' dir='ltr'>is</span> <span class='ocrx_word' id='word_1_586' title='bbox 648 3440 712 3477; x_wconf 83' lang='lat' dir='ltr'>the</span> <span class='ocrx_word' id='word_1_587' title='bbox 729 3452 857 3477; x_wconf 85' lang='lat' dir='ltr'>erown</span> <span class='ocrx_word' id='word_1_588' title='bbox 886 3436 929 3476; x_wconf 79' lang='lat' dir='ltr'>of</span> <span class='ocrx_word' id='word_1_589' title='bbox 953 3439 1059 3475; x_wconf 85' lang='lat' dir='ltr'>Scot-</span> <span class='ocrx_word' id='word_1_590' title='bbox 1114 3446 1171 3475; x_wconf 88' lang='lat' dir='ltr'>ter</span> <span class='ocrx_word' id='word_1_591' title='bbox 1181 3445 1220 3474; x_wconf 89' lang='lat' dir='ltr'>to</span> <span class='ocrx_word' id='word_1_592' title='bbox 1234 3436 1328 3484; x_wconf 70' lang='lat' dir='ltr'>king</span> <span class='ocrx_word' id='word_1_593' title='bbox 1338 3434 1530 3473; x_wconf 83' lang='lat' dir='ltr'>Wiuiam.</span> <span class='ocrx_word' id='word_1_594' title='bbox 1555 3432 1777 3483; x_wconf 84' lang='lat' dir='ltr'>7.William</span> <span class='ocrx_word' id='word_1_595' title='bbox 1790 3430 1968 3476; x_wconf 80' lang='lat' dir='ltr'>osRoss‘e,</span> <span class='ocrx_word' id='word_1_596' title='bbox 2024 3425 2055 3484; x_wconf 54' lang='grc' dir='ltr'>ζ·</span> 
     </span>
     <span class='ocr_line' id='line_1_54' title="bbox 209 3483 2050 3575; baseline -0.006 -44"><span class='ocrx_word' id='word_1_597' title='bbox 209 3495 296 3533; x_wconf 83' lang='lat' dir='ltr'>lanu</span> <span class='ocrx_word' id='word_1_598' title='bbox 327 3502 418 3529; x_wconf 70' lang='lat' dir='ltr'>»veie</span> <span class='ocrx_word' id='word_1_599' title='bbox 445 3492 584 3529; x_wconf 73' lang='lat' dir='ltr'>holden</span> <span class='ocrx_word' id='word_1_600' title='bbox 600 3491 645 3529; x_wconf 81' lang='lat' dir='ltr'>of</span> <span class='ocrx_word' id='word_1_601' title='bbox 665 3491 730 3529; x_wconf 85' lang='lat' dir='ltr'>the</span> <span class='ocrx_word' id='word_1_602' title='bbox 749 3505 874 3531; x_wconf 62' lang='lat' dir='ltr'>crowd</span> <span class='ocrx_word' id='word_1_603' title='bbox 901 3490 946 3529; x_wconf 83' lang='lat' dir='ltr'>of</span> <span class='ocrx_word' id='word_1_604' title='bbox 957 3492 1057 3539; x_wconf 82' lang='lat' dir='ltr'>Eug·</span> <span class='ocrx_word' id='word_1_605' title='bbox 1111 3489 1200 3526; x_wconf 90' lang='lat' dir='ltr'>who</span> <span class='ocrx_word' id='word_1_606' title='bbox 1219 3487 1332 3526; x_wconf 74' lang='lat' dir='ltr'>seems</span> <span class='ocrx_word' id='word_1_607' title='bbox 1349 3495 1389 3526; x_wconf 86' lang='lat' dir='ltr'>to</span> <span class='ocrx_word' id='word_1_608' title='bbox 1414 3489 1509 3527; x_wconf 79' lang='lat' dir='ltr'>have</span> <span class='ocrx_word' id='word_1_609' title='bbox 1530 3485 1724 3524; x_wconf 77' lang='lat' dir='ltr'>deseended</span> <span class='ocrx_word' id='word_1_610' title='bbox 1741 3484 1787 3523; x_wconf 83' lang='lat' dir='ltr'>of</span> <span class='ocrx_word' id='word_1_611' title='bbox 1808 3483 1971 3522; x_wconf 79' lang='lat' dir='ltr'>another</span> <span class='ocrx_word' id='word_1_612' title='bbox 2018 3488 2050 3575; x_wconf 54' lang='grc' dir='ltr'>,ξ</span> 
     </span>
     <span class='ocr_line' id='line_1_55' title="bbox 210 3535 2055 3589; baseline -0.006 -6"><span class='ocrx_word' id='word_1_613' title='bbox 210 3549 310 3585; x_wconf 71' lang='lat' dir='ltr'>land.</span> <span class='ocrx_word' id='word_1_614' title='bbox 1111 3541 1291 3589; x_wconf 83' lang='lat' dir='ltr'>daughter</span> <span class='ocrx_word' id='word_1_615' title='bbox 1301 3539 1346 3579; x_wconf 87' lang='lat' dir='ltr'>of</span> <span class='ocrx_word' id='word_1_616' title='bbox 1352 3538 1643 3589; x_wconf 76' lang='lat' dir='ltr'>kingWinim.</span> <span class='ocrx_word' id='word_1_617' title='bbox 1659 3537 1697 3577; x_wconf 82' lang='lat'>8.</span> <span class='ocrx_word' id='word_1_618' title='bbox 1711 3537 1835 3586; x_wconf 71' lang='lat' dir='ltr'>Roget</span> <span class='ocrx_word' id='word_1_619' title='bbox 1847 3535 1964 3574; x_wconf 78' lang='lat' dir='ltr'>Man-</span> <span class='ocrx_word' id='word_1_620' title='bbox 1998 3542 2014 3582; x_wconf 55' lang='lat'>,¹</span> <span class='ocrx_word' id='word_1_621' title='bbox 2042 3569 2055 3589; x_wconf 62' lang='grc'><strong><em>,</em></strong></span> 
     </span>
    </p>

    <p class='ocr_par' dir='ltr' id='par_1_9' title="bbox 265 3586 2055 3649">
     <span class='ocr_line' id='line_1_56' title="bbox 265 3586 2055 3649; baseline -0.005 -12"><span class='ocrx_word' id='word_1_622' title='bbox 265 3621 277 3649; x_wconf 74' lang='lat' dir='ltr'>t</span> <span class='ocrx_word' id='word_1_623' title='bbox 287 3599 330 3649; x_wconf 84' lang='lat'>3)</span> <span class='ocrx_word' id='word_1_624' title='bbox 356 3592 478 3634; x_wconf 82' lang='lat' dir='ltr'>These</span> <span class='ocrx_word' id='word_1_625' title='bbox 507 3607 617 3641; x_wconf 80' lang='lat' dir='ltr'>were,</span> <span class='ocrx_word' id='word_1_626' title='bbox 657 3606 690 3635; x_wconf 87' lang='lat'>1.</span> <span class='ocrx_word' id='word_1_627' title='bbox 719 3596 895 3636; x_wconf 76' lang='lat' dir='ltr'>Floreuce</span> <span class='ocrx_word' id='word_1_628' title='bbox 913 3596 987 3636; x_wconf 70' lang='lat' dir='ltr'>carl</span> <span class='ocrx_word' id='word_1_629' title='bbox 1020 3595 1063 3634; x_wconf 83' lang='lat' dir='ltr'>of</span> <span class='ocrx_word' id='word_1_630' title='bbox 1112 3595 1223 3632; x_wconf 72' lang='lat' dir='ltr'>dcvii.</span> <span class='ocrx_word' id='word_1_631' title='bbox 2027 3586 2055 3634; x_wconf 51' lang='grc' dir='ltr'><em>Γ</em></span> 
     </span>
    </p>

    <p class='ocr_par' dir='ltr' id='par_1_10' title="bbox 1848 3645 2054 3748">
     <span class='ocr_line' id='line_1_57' title="bbox 1848 3645 2053 3714; baseline -0.01 -13"><span class='ocrx_word' id='word_1_632' title='bbox 1848 3653 1970 3701; x_wconf 85' lang='lat' dir='ltr'>Cum</span> <span class='ocrx_word' id='word_1_633' title='bbox 2014 3645 2053 3714; x_wconf 60' lang='lat' dir='ltr'>L?</span> 
     </span>
     <span class='ocr_line' id='line_1_58' title="bbox 2042 3720 2054 3748; baseline 0 0"><span class='ocrx_word' id='word_1_634' title='bbox 2042 3720 2054 3748; x_wconf 68' lang='lat' dir='ltr'>d</span> 
     </span>
    </p>
   </div>
  </div>
 </body>
</html>
