1994 3833
1700 144 1720 163 ἢ

133 153 268 218 544
451 136 810 201 Renum
901 115 1586 212 Seorr-CARUM

127 234 200 280 dis
220 232 552 296 impedimenta
573 244 762 278 conatur
795 231 991 280 amoliri.
1060 233 1127 280 Hi
1150 244 1303 278 autern
1339 245 1481 286 erant,
1519 234 1598 296 qui
1621 247 1698 284 aut
1721 255 1811 288 non
1834 241 1892 289 li-

128 297 289 345 benter
313 298 461 344 sceleri
501 298 594 357 ejus
619 295 978 358 subscripserant,
1006 309 1083 344 aut
1102 313 1192 343 non
1218 295 1352 342 facile
1375 298 1570 344 consiliis
1594 300 1688 358 ejus
1710 305 1892 366 acquie-

121 363 217 408 turi
242 362 516 407 viderentur.
599 362 650 406 In
678 359 835 421 primis
864 373 1018 407 autem
1041 377 1115 406 eos
1140 361 1318 415 oderat,
1339 361 1418 422 qui
1443 378 1549 406 cum
1573 362 1772 410 animum
1798 368 1892 427 ejus

124 426 270 472 nihilo
313 426 534 471 mitiorem
579 441 687 487 erga
710 424 873 476 filium,
919 441 1056 486 quam
1101 424 1247 470 fuiffet
1286 442 1393 487 erga
1429 426 1641 471 maritum
1665 427 1889 484 viderent,

125 490 309 539 Sterlini
332 489 681 548 conjuraverant
702 488 748 533 in
774 489 952 535 nullum
978 489 1162 551 quidem
1190 488 1347 542 scelus,
1376 488 1450 534 sed
1475 504 1649 535 tantum
1675 493 1732 553 de
1764 495 1895 552 pueri

117 552 439 600 ⁴incolumitate
484 553 666 598 tuenda.
735 553 855 597 Eum
877 552 1000 598 enim
1039 552 1253 613 cupiebat
1279 566 1420 598 mater
1443 553 1488 599 in
1513 553 1666 600 vitrici
1702 558 1893 616 potesta-

122 630 212 663 tum
241 617 428 661 tradere.
498 617 541 661 Is
565 631 715 662 autem
740 632 875 661 nemo
899 616 1154 669 dubitabat,
1180 617 1291 677 quin
1318 633 1508 678 puerum
1536 617 1683 678 primo
1706 635 1893 682 quoque

120 696 326 740 tempore
350 697 428 737 per
450 681 729 725 occasionem
758 681 814 725 de
840 681 993 726 medio
1017 681 1229 726 tolleret:
1258 697 1312 726 ne
1332 681 1402 726 vel
1427 681 1562 726 caedis
1589 681 1746 744 Regiae
1767 683 1895 731 ‘ultor

112 745 370 806 superesset,
409 745 481 789 vel
504 761 557 790 ne
581 746 702 799 effer,
726 744 806 806 qui
829 744 995 791 liberos
1019 745 1116 790 suos
1151 745 1196 790 in
1221 745 1486 791 haereditate
1511 746 1639 808 regni
1684 748 1893 797 adeunda

117 810 299 869 praeiret
348 807 581 869 Principes
602 808 695 868 ejus
715 809 1038 867 conjurationis
1061 808 1104 853 hi
1131 821 1257 854 erant
1281 825 1291 855 :
1329 807 1535 854 Comites
1577 810 1891 872 Argathelius,

118 873 403 925 Mortonius‚
443 872 658 925 Martius,
703 872 936 926 Atholius,
965 872 1290 926 Glencarnius,
1326 873 1436 918 item
1461 872 1660 930 eiusdem
1692 874 1886 933 ordinis,

118 936 192 982 sed
218 937 412 997 proximi
439 938 605 998 gradus
628 935 847 983 Patricius
875 936 1127 997 Lin-defiuS,
1151 942 1188 983 δι
1214 937 1442 983 Robertns
1465 936 1638 983 Bodius
1663 956 1674 984 :
1708 937 1818 984 item
1839 955 1893 986 a·

117 1000 246 1054 mici,
272 1003 339 1049 v&
377 1001 583 1053 clienta,
610 1001 691 1064 qui
714 1000 753 1046 se
777 1001 840 1046 eis
864 1001 1181 1060 adjunxerant.
1251 1002 1338 1047 Sed
1377 1001 1670 1063 Argathelius
1710 1003 1889 1061 eadem,

116 1082 207 1127 qua
230 1064 508 1111 consenserat
529 1065 714 1111 levitate
732 1064 918 1111 consilia
938 1077 1208 1111 caeterorum
1247 1065 1462 1126 perendie
1481 1065 1608 1112 illius
1631 1066 1723 1112 diei
1748 1067 1891 1130 Regi.

116 1145 187 1174 nae
213 1128 450 1187 prodidit:
497 1135 535 1176 &
560 1128 731 1176 Bodius
767 1128 944 1192 magnis
983 1127 1396 1191 pollicitationibus
1429 1129 1477 1176 in
1517 1142 1664 1192 partes
1687 1130 1889 1181 adversas

113 1194 346 1303 tragffifts
366 1194 579 1303 iiiitoxime
603 1258 696 1319 post
720 1258 802 1304 hos
827 1229 1181 1318 erantisuspefii,
1206 1257 1285 1318 qui
1309 1256 1366 1302 ad
1389 1256 1575 1320 Angliae
1593 1256 1788 1304 limitem
1808 1258 1890 1307 ha·

114 1321 322 1368 bitabant
362 1322 660 1375 Huminrum,
687 1323 927 1374 Carorum,
966 1325 1013 1368 ὅ(
1040 1323 1299 1368 Scottorum
1321 1321 1510 1367 familiae
1536 1339 1547 1368 :
1580 1338 1776 1383 quorum
1802 1340 1892 1385 po-

114 1386 302 1431 tentiam
323 1386 450 1430 omni
481 1387 654 1432 ratione
677 1385 1039 1432 imminuendam
1063 1385 1394 1432 existimabant.
1463 1386 1539 1431 Ad
1563 1385 1609 1431 id
1634 1399 1782 1433 autem
1809 1396 1887 1434 oc-

113 1450 228 1495 casio
253 1450 342 1495 visa
365 1451 423 1495 est
448 1464 802 1512 peropportuna.
871 1450 993 1495 Nam
1020 1467 1122 1496 cum
1148 1449 1414 1501 Bothuelius
1439 1450 1779 1510 expeditionem
1805 1468 1886 1513 pa-

112 1528 230 1558 raret
249 1516 292 1559 in
319 1515 564 1566 Lidaliam‚
592 1528 640 1559 ut
671 1521 708 1560 &
728 1512 1032 1576 ignominiam
1056 1514 1120 1559 ibi
1146 1513 1370 1575 superiore
1407 1527 1627 1570 autumno
1649 1529 1884 1576 acceptam

111 1577 330 1631 aboleret,
374 1585 410 1623 &
439 1577 613 1623 mintiae
650 1578 783 1623 laude
825 1591 952 1637 parta
975 1577 1198 1623 invidiam
1223 1578 1381 1640 Regiae
1405 1578 1542 1623 caedis
1567 1577 1879 1634 imminueret,

109 1658 267 1696 omnes
291 1641 567 1687 familiarum
594 1642 822 1687 Teviotiae
847 1641 1183 1703 principesjussi
1205 1658 1228 1685 a
1254 1640 1428 1703 Regina
1454 1640 1622 1687 suntin
1649 1659 1796 1689 arcem
1822 1644 1884 1689 E-

109 1705 476 1769 (limburgensem
502 1705 700 1767 ingredi,
742 1720 791 1750 ut
813 1705 875 1750 ibi
899 1706 956 1750 ad
982 1719 1115 1752 oreve
1140 1720 1318 1766 tempus
1350 1704 1396 1750 in
1430 1704 1572 1750 libera
1597 1706 1797 1753 custodia
1819 1707 1884 1753 es-

109 1768 222 1822 sent,
250 1784 467 1830 praetextu
492 1771 697 1832 quidem.
725 1787 779 1814 ne
798 1769 843 1815 in
870 1770 1230 1830 expeditionem,
1253 1785 1355 1831 quae
1373 1767 1437 1814 eis
1460 1767 1615 1815 invitis
1641 1785 1731 1816 non
1755 1770 1882 1816 vide-
1927 1793 1929 1795 ¹

110 1833 241 1879 batur
266 1851 432 1897 magno
454 1851 556 1880 cum
585 1834 772 1880 successu
799 1835 916 1896 posse
937 1834 1119 1879 confieri
1141 1834 1428 1885 ducerentur,
1455 1850 1642 1894 remque
1658 1851 1738 1895 per
1762 1834 1884 1880 invi-

107 1898 230 1944 diam
253 1899 485 1951 turbarent
511 1918 520 1945 ;
560 1905 599 1944 &
623 1898 685 1944 eis
708 1898 968 1944 absentibus
990 1898 1179 1944 clientes
1218 1914 1374 1943 eorum
1399 1898 1687 1943 assuescerent
1721 1898 1881 1946 alienis

106 1960 330 2024 imperiis,
361 1969 397 2008 ἃ
426 1962 643 2025 paulatim
668 1976 962 2024 patronorum
987 1963 1218 2008 caritatem
1244 1973 1479 2007 exuerent.
1547 1962 1633 2007 Sed
1652 1962 1722 2008 illi
1745 1964 1881 2010 altius

107 2026 284 2088 aliquid
325 2026 405 2073 sub
440 2043 494 2073 eo
519 2027 712 2088 imperio
737 2025 876 2072 latere
901 2025 1002 2079 rati,
1047 2028 1179 2071 nocte
1205 2026 1365 2071 domos
1389 2024 1690 2080 discesserunt,
1717 2040 1880 2087 praeter

110 2094 181 2151 (1)
211 2090 439 2137 Andreatn
467 2093 656 2144 Carum,
681 2091 761 2153 qui
796 2089 1028 2150 parricidii
1048 2105 1138 2135 non
1161 2088 1344 2151 ignarus
1369 2090 1509 2150 vulgo
1531 2091 1815 2146 credebatur,
1837 2096 1879 2139 Sc
1948 2102 1952 2103 ’

105 2155 347 2202 Valterum
365 2158 533 2202 Carum
549 2154 828 2201 Sessordium
855 2154 1086 2200 hominem
1102 2154 1162 2198 ob
1185 2154 1407 2198 summam
1433 2155 1535 2199 vitae
1565 2152 1877 2217 integritatem

106 2219 231 2276 nihil
248 2218 558 2281 suspicantem.
603 2219 805 2265 Humius
828 2217 1071 2282 aliquoties
1094 2234 1120 2264 a
1142 2214 1386 2264 Bothuelio
1407 2231 1594 2262 ‚vocatus
1638 2218 1682 2264 in
1729 2221 1881 2266 aulam

104 2296 251 2329 certus
275 2283 331 2329 de
351 2283 446 2344 ejus
470 2300 579 2347 erga
612 2283 652 2329 se
675 2285 911 2329 voluntate
934 2281 1094 2328 abnuit
1116 2280 1284 2327 venire.
1355 2281 1608 2327 Consilium
1641 2281 1880 2328 nihilomi-

105 2365 189 2394 nus
213 2349 268 2395 de
291 2349 584 2409 expeditione
607 2347 831 2408 procedit,
863 2345 1046 2409 Regina
1067 2345 1123 2392 ad
1159 2344 1456 2392 Borthuic'um
1488 2360 1658 2400 arcem,
1697 2345 1878 2395 circiter

105 2415 208 2458 οξὶο
232 2412 288 2458 ab
306 2412 596 2475 Edimburgo
613 2412 756 2458 millia
776 2411 981 2458 substitit.

170 2477 350 2524 XLIII.
422 2479 600 2523 Interea
622 2477 700 2538 qui
725 2478 780 2522 de
801 2475 944 2537 Regis
968 2473 1284 2521 incolumitate
1303 2473 1473 2520 tuenda
1491 2472 1872 2537 conspiraverant,
1930 2471 1935 2475 ’
1965 2460 1971 2464 .
1993 2455 1994 2469 ἵ

57 2580 60 2582 ,
101 2556 205 2586 cum
233 2541 437 2587 animum
463 2541 694 2588 Bothuelii
712 2557 821 2604 erga
843 2540 884 2586 se
905 2556 995 2585 non
1019 2540 1298 2602 ignorarent,
1320 2537 1494 2601 aliquid
1519 2538 1785 2585 tentandum
1805 2555 1876 2585 ra·
1920 2574 1950 2598 ,ψ
1971 2545 1973 2553 ⁴

102 2603 136 2649 ti
156 2605 288 2650 simul
312 2606 398 2651 suae
421 2604 669 2652 recutitatis
693 2604 839 2659 causa,
865 2604 995 2650 fimul
1022 2618 1069 2649 ut
1091 2603 1148 2650 de
1171 2605 1352 2649 auctore
1383 2602 1520 2648 caedis
1543 2603 1704 2666 Regiae
1734 2619 1875 2665 expe·
1936 2659 1938 2661 ‚

99 2667 185 2716 tita
208 2686 343 2730 poena
379 2668 613 2729 publicam
637 2668 805 2715 Scotici
829 2667 1026 2714 nominis
1050 2667 1171 2730 apud
1193 2680 1368 2714 exteras
1397 2678 1556 2730 gentes
1579 2667 1782 2715 levarent
1803 2666 1876 2714 in·
1932 2687 1939 2724 ᾗ

97 2732 303 2780 famiam.
373 2735 534 2795 Itaque
573 2733 701 2795 vulgi
724 2733 928 2779 favorem
952 2732 1048 2777 suos
1088 2743 1240 2778 motus
1263 2731 1520 2777 secuturum
1558 2731 1781 2785 arbitrati,
1816 2730 1876 2778 ad
1934 2726 1963 2784 ssg

99 2798 194 2844 duo
236 2797 384 2845 millia
420 2796 630 2860 equitum
653 2796 717 2843 ita
737 2797 919 2843 occulte
961 2808 1302 2850 contraxerunt,
1349 2807 1399 2841 ut
1436 2794 1617 2858 Regina
1638 2794 1683 2841 id
1708 2794 1881 2858 agitari

97 2861 291 2909 omnino
329 2876 419 2909 non
442 2861 638 2916 senserit,
683 2861 828 2906 donec
853 2859 1055 2907 Humius
1078 2874 1205 2922 parte
1227 2858 1450 2906 exercitus
1470 2858 1768 2906 Borthuicum
1790 2858 1895 2905 adn
1939 2876 1944 2887 ⁸

97 2938 241 2980 mota,
266 2943 366 2973 eam
388 2925 478 2972 una
499 2941 604 2972 cum
628 2923 873 2973 Bothuelio
896 2924 1136 2970 obsideret.
1205 2924 1293 2972 Sed
1316 2924 1421 2969 cum
1463 2922 1641 2985 reliqua
1661 2922 1876 2984 conjura·
1924 2939 1971 2982 f„

98 3002 249 3036 torum
274 3008 375 3053 pars
399 2991 456 3037 ad
474 2991 649 3037 dietum
672 3000 852 3051 tempus
867 3005 959 3035 non
984 2987 1275 3041 convenisset,
1295 3003 1380 3032 nec
1402 2984 1495 3049 ipse
1518 2998 1690 3033 tantam
1730 2987 1874 3047 habef

96 3067 166 3101 ret
188 3054 552 3109 multitudinem,
599 3066 646 3100 ut
669 3069 826 3100 omnes
869 3052 1016 3099 exitus
1058 3051 1291 3098 clauderet
1315 3069 1326 3096 :
1361 3056 1401 3097 δε
1425 3049 1604 3114 segnius
1629 3066 1768 3123 quarn
1791 3066 1874 3112 par

95 3130 194 3165 erat
210 3120 365 3165 omnia
384 3131 670 3182 gererentur,
685 3117 809 3180 quod
832 3133 926 3164 rem
941 3133 967 3162 a
988 3114 1175 3178 reliquis
1195 3115 1396 3163 omiffam
1417 3114 1673 3167 crederent,
1697 3129 1872 3176 primus
1907 3166 1935 3187 a

98 3183 389 3237 Bothuelius,
409 3183 576 3230 deinde
598 3183 779 3246 Regina
802 3182 916 3228 veste
938 3179 1063 3227 virili
1087 3181 1265 3242 sumpta
1284 3179 1422 3226 evasit
1448 3196 1460 3226 z
1492 3194 1544 3224 ac
1578 3179 1700 3224 reela
1719 3177 1878 3225 Dum-v

96 3245 258 3292 barum
279 3248 527 3297 abierunt„
551 3245 795 3309 ,Conjurati
816 3258 966 3292 autem
988 3243 1237 3308 quominus
1260 3244 1306 3291 in
1330 3256 1536 3305 tempore
1555 3240 1868 3296 convenirent,

1929 2958 1943 2976 η

1930 3016 1945 3042 :⁵

1931 3140 1942 3162 δ

1929 3240 1946 3263 ,ό

96 3325 180 3371 per
219 3311 463 3357 Atholium
501 3309 635 3358 stetit.
709 3311 746 3356 [s
769 3309 893 3356 enim
915 3309 989 3356 vel
1027 3307 1239 3370 susceptae
1261 3308 1324 3355 rei
1348 3304 1667 3378 magnitudine
1688 3305 1868 3368 percul-
1932 3349 1936 3358 s

98 3373 186 3427 sus,
220 3375 291 3419 vel
313 3374 490 3438 ingenii
513 3373 804 3420 cunctatione
828 3387 1028 3420 retentus
1049 3372 1248 3435 reliquos
1291 3369 1476 3419 Sterlini
1519 3366 1717 3416 detinuit
1741 3388 1750 3413 ε
1783 3362 1873 3426 dis-s

99 3452 183 3483 nec
204 3439 375 3484 occasio
398 3439 460 3484 rei
484 3438 697 3502 gerendae
722 3438 838 3489 foret
861 3438 886 3487 ὲ
906 3437 1113 3486 manibus
1128 3435 1292 3501 elapsa.
1359 3435 1536 3485 Verum
1551 3449 1609 3482 ne
1632 3430 1748 3482 nihil
1769 3443 1881 3480 tan·-

115 3613 118 3616 ἱ
153 3553 214 3605 (1)
241 3553 327 3592 The
347 3553 437 3593 laird
455 3555 500 3594 of
513 3555 716 3596 Farnihcst.
1819 3606 1868 3644 to
