<?xml version="1.0" encoding="UTF-8"?>
<!DOCTYPE html PUBLIC "-//W3C//DTD XHTML 1.0 Transitional//EN"
    "http://www.w3.org/TR/xhtml1/DTD/xhtml1-transitional.dtd">
<html xmlns="http://www.w3.org/1999/xhtml" xml:lang="en" lang="en">
 <head>
  <title>
</title>
<meta http-equiv="Content-Type" content="text/html;charset=utf-8" />
  <meta name='ocr-system' content='tesseract 3.04.00' />
  <meta name='ocr-capabilities' content='ocr_page ocr_carea ocr_par ocr_line ocrx_word'/>
</head>
<body>
  <div class='ocr_page' id='page_1' title='image "./rerumscoticarumh00buch_0445.png"; bbox 0 0 2006 3858; ppageno 0'>
   <div class='ocr_carea' id='block_1_1' title="bbox 1842 174 1853 190">
    <p class='ocr_par' dir='ltr' id='par_1_1' title="bbox 1842 174 1853 190">
     <span class='ocr_line' id='line_1_1' title="bbox 1842 174 1853 190; baseline 0 -6"><span class='ocrx_word' id='word_1_1' title='bbox 1842 174 1853 190; x_wconf 57' lang='grc' dir='ltr'>ξ.</span> 
     </span>
    </p>
   </div>
   <div class='ocr_carea' id='block_1_2' title="bbox 268 156 1871 256">
    <p class='ocr_par' dir='ltr' id='par_1_2' title="bbox 268 156 1871 256">
     <span class='ocr_line' id='line_1_2' title="bbox 268 156 1871 256; baseline -0.003 -18"><span class='ocrx_word' id='word_1_2' title='bbox 268 195 284 244; x_wconf 64' lang='lat'><em>5</em></span> <span class='ocrx_word' id='word_1_3' title='bbox 337 173 638 238; x_wconf 67' lang='lat' dir='ltr'>Lmen</span> <span class='ocrx_word' id='word_1_4' title='bbox 711 156 1596 245; x_wconf 69' lang='lat' dir='ltr'><strong>DECIMUSQUINTUS.</strong></span> <span class='ocrx_word' id='word_1_5' title='bbox 1656 243 1665 248; x_wconf 45' lang='grc'><em>,</em></span> <span class='ocrx_word' id='word_1_6' title='bbox 1731 176 1871 256; x_wconf 72' lang='lat'>42‘9</span> 
     </span>
    </p>
   </div>
   <div class='ocr_carea' id='block_1_3' title="bbox 36 263 1936 3748">
    <p class='ocr_par' dir='ltr' id='par_1_3' title="bbox 36 263 1936 2403">
     <span class='ocr_line' id='line_1_3' title="bbox 106 263 1869 336; baseline -0.003 -17"><span class='ocrx_word' id='word_1_7' title='bbox 106 266 361 336; x_wconf 83' lang='lat' dir='ltr'>postularet,</span> <span class='ocrx_word' id='word_1_8' title='bbox 379 269 611 319; x_wconf 82' lang='lat' dir='ltr'>intellexit</span> <span class='ocrx_word' id='word_1_9' title='bbox 627 271 811 316; x_wconf 87' lang='lat' dir='ltr'>demum</span> <span class='ocrx_word' id='word_1_10' title='bbox 828 275 870 319; x_wconf 91' lang='lat' dir='ltr'>se</span> <span class='ocrx_word' id='word_1_11' title='bbox 891 270 1050 319; x_wconf 84' lang='lat' dir='ltr'>fraude</span> <span class='ocrx_word' id='word_1_12' title='bbox 1065 268 1427 319; x_wconf 84' lang='lat' dir='ltr'>circumventum</span> <span class='ocrx_word' id='word_1_13' title='bbox 1450 263 1652 312; x_wconf 85' lang='lat' dir='ltr'>ludibrio</span> <span class='ocrx_word' id='word_1_14' title='bbox 1674 263 1829 311; x_wconf 86' lang='lat' dir='ltr'>haberi</span> <span class='ocrx_word' id='word_1_15' title='bbox 1850 267 1869 314; x_wconf 70' lang='lat' dir='ltr'>i</span> 
     </span>
     <span class='ocr_line' id='line_1_4' title="bbox 104 329 1868 398; baseline -0.005 -13"><span class='ocrx_word' id='word_1_16' title='bbox 104 336 348 385; x_wconf 75' lang='lat' dir='ltr'>inimicum</span> <span class='ocrx_word' id='word_1_17' title='bbox 371 337 500 383; x_wconf 86' lang='lat' dir='ltr'>suum</span> <span class='ocrx_word' id='word_1_18' title='bbox 522 334 871 385; x_wconf 82' lang='lat' dir='ltr'>Hamiltonium</span> <span class='ocrx_word' id='word_1_19' title='bbox 905 351 983 398; x_wconf 89' lang='lat' dir='ltr'>per</span> <span class='ocrx_word' id='word_1_20' title='bbox 1019 352 1095 384; x_wconf 85' lang='lat' dir='ltr'>eos</span> <span class='ocrx_word' id='word_1_21' title='bbox 1136 337 1191 382; x_wconf 90' lang='lat' dir='ltr'>ad</span> <span class='ocrx_word' id='word_1_22' title='bbox 1228 351 1356 398; x_wconf 86' lang='lat' dir='ltr'>opes,</span> <span class='ocrx_word' id='word_1_23' title='bbox 1393 329 1725 384; x_wconf 62' lang='lat' dir='ltr'>auctoritatem,</span> <span class='ocrx_word' id='word_1_24' title='bbox 1748 330 1868 396; x_wconf 68' lang='lat' dir='ltr'>&amp;in</span> 
     </span>
     <span class='ocr_line' id='line_1_5' title="bbox 107 395 1870 465; baseline -0.005 -18"><span class='ocrx_word' id='word_1_25' title='bbox 107 400 313 455; x_wconf 76' lang='lat' dir='ltr'>omnium</span> <span class='ocrx_word' id='word_1_26' title='bbox 335 401 496 454; x_wconf 89' lang='lat' dir='ltr'>vitam,</span> <span class='ocrx_word' id='word_1_27' title='bbox 537 405 577 447; x_wconf 76' lang='grc' dir='ltr'>δι</span> <span class='ocrx_word' id='word_1_28' title='bbox 601 398 803 447; x_wconf 75' lang='lat' dir='ltr'>fortunas</span> <span class='ocrx_word' id='word_1_29' title='bbox 822 401 1084 465; x_wconf 86' lang='lat' dir='ltr'>potestatem</span> <span class='ocrx_word' id='word_1_30' title='bbox 1110 399 1386 464; x_wconf 77' lang='lat' dir='ltr'>promoveri.</span> <span class='ocrx_word' id='word_1_31' title='bbox 1433 395 1618 443; x_wconf 83' lang='lat' dir='ltr'>Iuvenis</span> <span class='ocrx_word' id='word_1_32' title='bbox 1643 398 1870 445; x_wconf 76' lang='lat' dir='ltr'>malarum</span> 
     </span>
     <span class='ocr_line' id='line_1_6' title="bbox 51 459 1870 528; baseline -0.002 -17"><span class='ocrx_word' id='word_1_33' title='bbox 51 520 53 523; x_wconf 21' lang='lat'><strong><em>¹</em></strong></span> <span class='ocrx_word' id='word_1_34' title='bbox 107 466 270 512; x_wconf 87' lang='lat' dir='ltr'>artium</span> <span class='ocrx_word' id='word_1_35' title='bbox 298 466 510 518; x_wconf 68' lang='lat' dir='ltr'>insolen8‚</span> <span class='ocrx_word' id='word_1_36' title='bbox 536 471 574 513; x_wconf 87' lang='lat'>&amp;</span> <span class='ocrx_word' id='word_1_37' title='bbox 597 465 679 525; x_wconf 85' lang='lat' dir='ltr'>qui</span> <span class='ocrx_word' id='word_1_38' title='bbox 702 466 896 512; x_wconf 83' lang='lat' dir='ltr'>aliorum</span> <span class='ocrx_word' id='word_1_39' title='bbox 916 465 1102 528; x_wconf 88' lang='lat' dir='ltr'>ingenia</span> <span class='ocrx_word' id='word_1_40' title='bbox 1123 467 1180 512; x_wconf 91' lang='lat' dir='ltr'>de</span> <span class='ocrx_word' id='word_1_41' title='bbox 1203 465 1280 510; x_wconf 86' lang='lat' dir='ltr'>suo</span> <span class='ocrx_word' id='word_1_42' title='bbox 1295 462 1546 516; x_wconf 63' lang='lat' dir='ltr'>aestimaret,</span> <span class='ocrx_word' id='word_1_43' title='bbox 1569 460 1634 507; x_wconf 81' lang='lat' dir='ltr'>ita</span> <span class='ocrx_word' id='word_1_44' title='bbox 1650 459 1718 505; x_wconf 82' lang='lat' dir='ltr'>ira</span> <span class='ocrx_word' id='word_1_45' title='bbox 1738 477 1870 508; x_wconf 81' lang='lat' dir='ltr'>exar-</span> 
     </span>
     <span class='ocr_line' id='line_1_7' title="bbox 46 523 1867 589; baseline -0.002 -14"><span class='ocrx_word' id='word_1_46' title='bbox 46 527 48 530; x_wconf 66' lang='grc'>’</span> <span class='ocrx_word' id='word_1_47' title='bbox 108 530 176 584; x_wconf 78' lang='lat' dir='ltr'>fit,</span> <span class='ocrx_word' id='word_1_48' title='bbox 204 542 252 575; x_wconf 81' lang='lat' dir='ltr'>ut</span> <span class='ocrx_word' id='word_1_49' title='bbox 272 547 353 576; x_wconf 89' lang='lat' dir='ltr'>nec</span> <span class='ocrx_word' id='word_1_50' title='bbox 376 530 619 576; x_wconf 85' lang='lat' dir='ltr'>verborum</span> <span class='ocrx_word' id='word_1_51' title='bbox 643 529 886 576; x_wconf 75' lang='lat' dir='ltr'>acerbitate</span> <span class='ocrx_word' id='word_1_52' title='bbox 909 531 1174 577; x_wconf 81' lang='lat' dir='ltr'>abstineret:</span> <span class='ocrx_word' id='word_1_53' title='bbox 1209 544 1259 574; x_wconf 86' lang='lat' dir='ltr'>ae</span> <span class='ocrx_word' id='word_1_54' title='bbox 1277 527 1627 588; x_wconf 63' lang='lat' dir='ltr'>sanctejuraret,</span> <span class='ocrx_word' id='word_1_55' title='bbox 1651 523 1692 572; x_wconf 89' lang='lat' dir='ltr'>se</span> <span class='ocrx_word' id='word_1_56' title='bbox 1713 525 1867 589; x_wconf 81' lang='lat' dir='ltr'>iuopi-</span> 
     </span>
     <span class='ocr_line' id='line_1_8' title="bbox 107 589 1869 657; baseline -0.001 -18"><span class='ocrx_word' id='word_1_57' title='bbox 107 611 197 648; x_wconf 89' lang='lat' dir='ltr'>am,</span> <span class='ocrx_word' id='word_1_58' title='bbox 222 594 428 648; x_wconf 79' lang='lat' dir='ltr'>exilium,</span> <span class='ocrx_word' id='word_1_59' title='bbox 453 606 666 648; x_wconf 86' lang='lat' dir='ltr'>mortem,</span> <span class='ocrx_word' id='word_1_60' title='bbox 706 593 906 656; x_wconf 81' lang='lat' dir='ltr'>denique</span> <span class='ocrx_word' id='word_1_61' title='bbox 929 599 1080 657; x_wconf 86' lang='lat' dir='ltr'>potius</span> <span class='ocrx_word' id='word_1_62' title='bbox 1103 592 1285 657; x_wconf 86' lang='lat' dir='ltr'>quidvis</span> <span class='ocrx_word' id='word_1_63' title='bbox 1308 593 1632 654; x_wconf 74' lang='lat' dir='ltr'>perpessurum,</span> <span class='ocrx_word' id='word_1_64' title='bbox 1653 589 1792 653; x_wconf 65' lang='lat' dir='ltr'>quam</span> <span class='ocrx_word' id='word_1_65' title='bbox 1818 606 1869 638; x_wconf 73' lang='lat' dir='ltr'>ut</span> 
     </span>
     <span class='ocr_line' id='line_1_9' title="bbox 107 654 1869 721; baseline -0.002 -18"><span class='ocrx_word' id='word_1_66' title='bbox 107 670 278 704; x_wconf 82' lang='lat' dir='ltr'>tantam</span> <span class='ocrx_word' id='word_1_67' title='bbox 302 659 627 705; x_wconf 81' lang='lat' dir='ltr'>contumeliam</span> <span class='ocrx_word' id='word_1_68' title='bbox 651 657 844 704; x_wconf 79' lang='lat' dir='ltr'>inultam</span> <span class='ocrx_word' id='word_1_69' title='bbox 870 661 1162 721; x_wconf 84' lang='lat' dir='ltr'>relinqueret.</span> <span class='ocrx_word' id='word_1_70' title='bbox 1231 659 1391 718; x_wconf 80' lang='lat' dir='ltr'>Itaque</span> <span class='ocrx_word' id='word_1_71' title='bbox 1425 672 1530 702; x_wconf 87' lang='lat' dir='ltr'>cum</span> <span class='ocrx_word' id='word_1_72' title='bbox 1554 668 1675 721; x_wconf 74' lang='lat' dir='ltr'>totus</span> <span class='ocrx_word' id='word_1_73' title='bbox 1698 655 1745 700; x_wconf 87' lang='lat' dir='ltr'>in</span> <span class='ocrx_word' id='word_1_74' title='bbox 1766 654 1869 701; x_wconf 81' lang='lat' dir='ltr'>vin-</span> 
     </span>
     <span class='ocr_line' id='line_1_10' title="bbox 107 721 1868 785; baseline 0.001 -18"><span class='ocrx_word' id='word_1_75' title='bbox 107 721 240 768; x_wconf 69' lang='lat' dir='ltr'>di-ftae</span> <span class='ocrx_word' id='word_1_76' title='bbox 260 723 557 785; x_wconf 70' lang='lat' dir='ltr'>cogitatione,</span> <span class='ocrx_word' id='word_1_77' title='bbox 578 722 651 769; x_wconf 84' lang='lat' dir='ltr'>sed</span> <span class='ocrx_word' id='word_1_78' title='bbox 669 723 844 769; x_wconf 77' lang='lat' dir='ltr'>consilii</span> <span class='ocrx_word' id='word_1_79' title='bbox 866 724 1016 770; x_wconf 85' lang='lat' dir='ltr'>adhuc</span> <span class='ocrx_word' id='word_1_80' title='bbox 1039 722 1204 769; x_wconf 86' lang='lat' dir='ltr'>dubius</span> <span class='ocrx_word' id='word_1_81' title='bbox 1240 721 1636 767; x_wconf 85' lang='lat' dir='ltr'>Britannodunum</span> <span class='ocrx_word' id='word_1_82' title='bbox 1659 721 1700 767; x_wconf 89' lang='lat' dir='ltr'>se</span> <span class='ocrx_word' id='word_1_83' title='bbox 1720 736 1868 768; x_wconf 85' lang='lat' dir='ltr'>remo-</span> 
     </span>
     <span class='ocr_line' id='line_1_11' title="bbox 103 785 1870 852; baseline -0.001 -21"><span class='ocrx_word' id='word_1_84' title='bbox 103 786 336 841; x_wconf 55' lang='lat' dir='ltr'>vissenibi</span> <span class='ocrx_word' id='word_1_85' title='bbox 363 787 419 833; x_wconf 78' lang='lat' dir='ltr'>a&#39;d</span> <span class='ocrx_word' id='word_1_86' title='bbox 440 805 545 833; x_wconf 87' lang='lat' dir='ltr'>eum</span> <span class='ocrx_word' id='word_1_87' title='bbox 569 788 836 834; x_wconf 79' lang='lat' dir='ltr'>deferuntur</span> <span class='ocrx_word' id='word_1_88' title='bbox 858 788 1045 852; x_wconf 78' lang='lat' dir='ltr'>triginta</span> <span class='ocrx_word' id='word_1_89' title='bbox 1065 787 1338 833; x_wconf 81' lang='lat' dir='ltr'>scutatorum</span> <span class='ocrx_word' id='word_1_90' title='bbox 1363 786 1507 831; x_wconf 84' lang='lat' dir='ltr'>millia</span> <span class='ocrx_word' id='word_1_91' title='bbox 1529 804 1555 831; x_wconf 85' lang='lat' dir='ltr'>a</span> <span class='ocrx_word' id='word_1_92' title='bbox 1587 787 1717 848; x_wconf 75' lang='lat' dir='ltr'>Rege</span> <span class='ocrx_word' id='word_1_93' title='bbox 1751 785 1870 832; x_wconf 82' lang='lat' dir='ltr'>Gal-</span> 
     </span>
     <span class='ocr_line' id='line_1_12' title="bbox 104 850 1872 916; baseline -0.001 -18"><span class='ocrx_word' id='word_1_94' title='bbox 104 852 252 898; x_wconf 79' lang='lat' dir='ltr'>lorum</span> <span class='ocrx_word' id='word_1_95' title='bbox 280 854 506 912; x_wconf 87' lang='lat' dir='ltr'>(nondum</span> <span class='ocrx_word' id='word_1_96' title='bbox 529 852 653 898; x_wconf 82' lang='lat' dir='ltr'>enim</span> <span class='ocrx_word' id='word_1_97' title='bbox 687 861 810 898; x_wconf 83' lang='lat' dir='ltr'>certo</span> <span class='ocrx_word' id='word_1_98' title='bbox 843 863 1143 916; x_wconf 77' lang='lat' dir='ltr'>compererat,</span> <span class='ocrx_word' id='word_1_99' title='bbox 1183 850 1346 914; x_wconf 89' lang='lat' dir='ltr'>quoin</span> <span class='ocrx_word' id='word_1_100' title='bbox 1368 851 1479 896; x_wconf 84' lang='lat' dir='ltr'>statu</span> <span class='ocrx_word' id='word_1_101' title='bbox 1518 852 1758 897; x_wconf 85' lang='lat' dir='ltr'>Scotorum</span> <span class='ocrx_word' id='word_1_102' title='bbox 1799 862 1872 897; x_wconf 75' lang='lat' dir='ltr'>res</span> 
     </span>
     <span class='ocr_line' id='line_1_13' title="bbox 103 915 1871 980; baseline -0.001 -18"><span class='ocrx_word' id='word_1_103' title='bbox 103 916 228 974; x_wconf 78' lang='lat' dir='ltr'>effet)</span> <span class='ocrx_word' id='word_1_104' title='bbox 257 917 394 971; x_wconf 63' lang='lat' dir='ltr'>missa,</span> <span class='ocrx_word' id='word_1_105' title='bbox 418 930 466 963; x_wconf 88' lang='lat' dir='ltr'>ut</span> <span class='ocrx_word' id='word_1_106' title='bbox 489 917 572 963; x_wconf 82' lang='lat' dir='ltr'>hac</span> <span class='ocrx_word' id='word_1_107' title='bbox 593 917 787 980; x_wconf 84' lang='lat' dir='ltr'>pecunia</span> <span class='ocrx_word' id='word_1_108' title='bbox 808 918 925 964; x_wconf 83' lang='lat' dir='ltr'>vires</span> <span class='ocrx_word' id='word_1_109' title='bbox 948 916 1157 964; x_wconf 65' lang='lat' dir='ltr'>factionis·</span> <span class='ocrx_word' id='word_1_110' title='bbox 1175 926 1378 978; x_wconf 85' lang='lat' dir='ltr'>augeret.</span> <span class='ocrx_word' id='word_1_111' title='bbox 1445 915 1512 960; x_wconf 87' lang='lat' dir='ltr'>Ea</span> <span class='ocrx_word' id='word_1_112' title='bbox 1533 931 1600 961; x_wconf 84' lang='lat' dir='ltr'>res</span> <span class='ocrx_word' id='word_1_113' title='bbox 1621 931 1793 978; x_wconf 65' lang='lat' dir='ltr'>aegrum</span> <span class='ocrx_word' id='word_1_114' title='bbox 1819 930 1871 961; x_wconf 83' lang='lat' dir='ltr'>a·</span> 
     </span>
     <span class='ocr_line' id='line_1_14' title="bbox 106 979 1871 1044; baseline -0.002 -18"><span class='ocrx_word' id='word_1_115' title='bbox 106 980 280 1026; x_wconf 82' lang='lat' dir='ltr'>nimum</span> <span class='ocrx_word' id='word_1_116' title='bbox 309 983 464 1043; x_wconf 79' lang='lat' dir='ltr'>aliqua</span> <span class='ocrx_word' id='word_1_117' title='bbox 483 998 539 1027; x_wconf 79' lang='lat' dir='ltr'>ex</span> <span class='ocrx_word' id='word_1_118' title='bbox 563 996 690 1044; x_wconf 85' lang='lat' dir='ltr'>parte</span> <span class='ocrx_word' id='word_1_119' title='bbox 712 983 872 1037; x_wconf 82' lang='lat' dir='ltr'>erexit,</span> <span class='ocrx_word' id='word_1_120' title='bbox 914 984 1041 1044; x_wconf 73' lang='lat' dir='ltr'>quod</span> <span class='ocrx_word' id='word_1_121' title='bbox 1066 981 1091 1027; x_wconf 71' lang='lat' dir='ltr'>a</span> <span class='ocrx_word' id='word_1_122' title='bbox 1112 983 1242 1042; x_wconf 84' lang='lat' dir='ltr'>Rege</span> <span class='ocrx_word' id='word_1_123' title='bbox 1265 979 1407 1026; x_wconf 89' lang='lat' dir='ltr'>Gallo</span> <span class='ocrx_word' id='word_1_124' title='bbox 1430 979 1469 1024; x_wconf 84' lang='lat' dir='ltr'>se</span> <span class='ocrx_word' id='word_1_125' title='bbox 1492 979 1698 1025; x_wconf 84' lang='lat' dir='ltr'>nondum</span> <span class='ocrx_word' id='word_1_126' title='bbox 1723 980 1871 1027; x_wconf 84' lang='lat' dir='ltr'>deser..</span> 
     </span>
     <span class='ocr_line' id='line_1_15' title="bbox 108 1043 1872 1109; baseline 0.001 -19"><span class='ocrx_word' id='word_1_127' title='bbox 108 1057 206 1090; x_wconf 82' lang='lat' dir='ltr'>tum</span> <span class='ocrx_word' id='word_1_128' title='bbox 226 1047 444 1092; x_wconf 80' lang='lat' dir='ltr'>crederet.</span> <span class='ocrx_word' id='word_1_129' title='bbox 515 1048 634 1093; x_wconf 89' lang='lat' dir='ltr'>Cum</span> <span class='ocrx_word' id='word_1_130' title='bbox 657 1059 808 1094; x_wconf 86' lang='lat' dir='ltr'>autem</span> <span class='ocrx_word' id='word_1_131' title='bbox 831 1047 877 1093; x_wconf 90' lang='lat' dir='ltr'>in</span> <span class='ocrx_word' id='word_1_132' title='bbox 899 1047 1090 1109; x_wconf 87' lang='lat' dir='ltr'>pecunia</span> <span class='ocrx_word' id='word_1_133' title='bbox 1114 1043 1670 1104; x_wconf 82' lang='lat' dir='ltr'>distribuendajuberetur</span> <span class='ocrx_word' id='word_1_134' title='bbox 1695 1045 1760 1090; x_wconf 88' lang='lat' dir='ltr'>uti</span> <span class='ocrx_word' id='word_1_135' title='bbox 1777 1047 1872 1092; x_wconf 83' lang='lat' dir='ltr'>Re-</span> 
     </span>
     <span class='ocr_line' id='line_1_16' title="bbox 105 1107 1874 1174; baseline -0.001 -20"><span class='ocrx_word' id='word_1_136' title='bbox 105 1108 227 1171; x_wconf 82' lang='lat' dir='ltr'>ginae</span> <span class='ocrx_word' id='word_1_137' title='bbox 248 1110 417 1164; x_wconf 81' lang='lat' dir='ltr'>viduae‚</span> <span class='ocrx_word' id='word_1_138' title='bbox 436 1116 474 1156; x_wconf 71' lang='grc' dir='ltr'>δε</span> <span class='ocrx_word' id='word_1_139' title='bbox 497 1111 756 1158; x_wconf 75' lang='lat' dir='ltr'>cardinalis</span> <span class='ocrx_word' id='word_1_140' title='bbox 776 1111 1159 1174; x_wconf 84' lang='lat' dir='ltr'>confili0‚partim</span> <span class='ocrx_word' id='word_1_141' title='bbox 1183 1108 1277 1172; x_wconf 86' lang='lat' dir='ltr'>ipse</span> <span class='ocrx_word' id='word_1_142' title='bbox 1298 1108 1383 1154; x_wconf 85' lang='lat' dir='ltr'>suis</span> <span class='ocrx_word' id='word_1_143' title='bbox 1406 1107 1563 1154; x_wconf 78' lang='lat' dir='ltr'>amicis</span> <span class='ocrx_word' id='word_1_144' title='bbox 1585 1107 1751 1161; x_wconf 60' lang='lat' dir='ltr'>divisit,</span> <span class='ocrx_word' id='word_1_145' title='bbox 1768 1126 1874 1172; x_wconf 79' lang='lat' dir='ltr'>par.</span> 
     </span>
     <span class='ocr_line' id='line_1_17' title="bbox 104 1172 1872 1239; baseline 0.001 -21"><span class='ocrx_word' id='word_1_146' title='bbox 104 1174 187 1219; x_wconf 86' lang='lat' dir='ltr'>tim</span> <span class='ocrx_word' id='word_1_147' title='bbox 205 1175 260 1220; x_wconf 84' lang='lat' dir='ltr'>ad</span> <span class='ocrx_word' id='word_1_148' title='bbox 283 1175 509 1237; x_wconf 82' lang='lat' dir='ltr'>Reginam</span> <span class='ocrx_word' id='word_1_149' title='bbox 531 1177 666 1223; x_wconf 70' lang='lat' dir='ltr'>misit.</span> <span class='ocrx_word' id='word_1_150' title='bbox 682 1177 959 1231; x_wconf 80' lang='lat' dir='ltr'>Cardinalis,</span> <span class='ocrx_word' id='word_1_151' title='bbox 985 1175 1066 1239; x_wconf 86' lang='lat' dir='ltr'>qui</span> <span class='ocrx_word' id='word_1_152' title='bbox 1088 1187 1232 1221; x_wconf 85' lang='lat' dir='ltr'>totam</span> <span class='ocrx_word' id='word_1_153' title='bbox 1254 1188 1354 1220; x_wconf 85' lang='lat' dir='ltr'>eam</span> <span class='ocrx_word' id='word_1_154' title='bbox 1368 1173 1570 1235; x_wconf 73' lang='lat' dir='ltr'>praedam</span> <span class='ocrx_word' id='word_1_155' title='bbox 1594 1172 1669 1237; x_wconf 87' lang='lat' dir='ltr'>spe</span> <span class='ocrx_word' id='word_1_156' title='bbox 1682 1173 1872 1220; x_wconf 82' lang='lat' dir='ltr'>devora-</span> 
     </span>
     <span class='ocr_line' id='line_1_18' title="bbox 36 1237 1878 1303; baseline 0.001 -19"><span class='ocrx_word' id='word_1_157' title='bbox 36 1269 38 1271; x_wconf 58' lang='lat'>&gt;</span> <span class='ocrx_word' id='word_1_158' title='bbox 103 1251 245 1294; x_wconf 81' lang='lat' dir='ltr'>verat,</span> <span class='ocrx_word' id='word_1_159' title='bbox 273 1245 311 1285; x_wconf 74' lang='grc' dir='ltr'>ἅτ</span> <span class='ocrx_word' id='word_1_160' title='bbox 335 1240 424 1285; x_wconf 78' lang='lat' dir='ltr'>hoc</span> <span class='ocrx_word' id='word_1_161' title='bbox 447 1242 575 1286; x_wconf 88' lang='lat' dir='ltr'>lucro</span> <span class='ocrx_word' id='word_1_162' title='bbox 600 1240 640 1286; x_wconf 83' lang='lat' dir='ltr'>se</span> <span class='ocrx_word' id='word_1_163' title='bbox 663 1242 940 1294; x_wconf 85' lang='lat' dir='ltr'>fraudatum,</span> <span class='ocrx_word' id='word_1_164' title='bbox 967 1247 1006 1287; x_wconf 71' lang='grc' dir='ltr'>δι</span> <span class='ocrx_word' id='word_1_165' title='bbox 1038 1237 1298 1303; x_wconf 75' lang='lat' dir='ltr'>ignominia</span> <span class='ocrx_word' id='word_1_166' title='bbox 1333 1239 1545 1284; x_wconf 62' lang='lat' dir='ltr'>affectum</span> <span class='ocrx_word' id='word_1_167' title='bbox 1582 1238 1781 1301; x_wconf 72' lang='lat' dir='ltr'>graviter</span> <span class='ocrx_word' id='word_1_168' title='bbox 1803 1238 1878 1290; x_wconf 40' lang='lat' dir='ltr'>fea</span> 
     </span>
     <span class='ocr_line' id='line_1_19' title="bbox 105 1303 1873 1367; baseline 0.001 -17"><span class='ocrx_word' id='word_1_169' title='bbox 105 1319 224 1356; x_wconf 87' lang='lat' dir='ltr'>rens,</span> <span class='ocrx_word' id='word_1_170' title='bbox 251 1305 437 1367; x_wconf 77' lang='lat' dir='ltr'>Proregi</span> <span class='ocrx_word' id='word_1_171' title='bbox 472 1308 630 1352; x_wconf 57' lang='lat' dir='ltr'>auctor</span> <span class='ocrx_word' id='word_1_172' title='bbox 663 1306 767 1361; x_wconf 86' lang='lat' dir='ltr'>fuit,</span> <span class='ocrx_word' id='word_1_173' title='bbox 810 1318 860 1353; x_wconf 92' lang='lat' dir='ltr'>ut</span> <span class='ocrx_word' id='word_1_174' title='bbox 879 1304 1083 1352; x_wconf 84' lang='lat' dir='ltr'>exercitu</span> <span class='ocrx_word' id='word_1_175' title='bbox 1126 1303 1271 1350; x_wconf 81' lang='lat' dir='ltr'>statim</span> <span class='ocrx_word' id='word_1_176' title='bbox 1314 1304 1598 1364; x_wconf 83' lang='lat' dir='ltr'>comparato,</span> <span class='ocrx_word' id='word_1_177' title='bbox 1624 1303 1873 1352; x_wconf 83' lang='lat' dir='ltr'>Glascuam&#39;</span> 
     </span>
     <span class='ocr_line' id='line_1_20' title="bbox 104 1365 1874 1432; baseline 0.001 -19"><span class='ocrx_word' id='word_1_178' title='bbox 104 1368 463 1431; x_wconf 84' lang='lat' dir='ltr'>proficisceretur</span> <span class='ocrx_word' id='word_1_179' title='bbox 487 1389 498 1415; x_wconf 75' lang='grc' dir='ltr'>ι</span> <span class='ocrx_word' id='word_1_180' title='bbox 532 1387 624 1416; x_wconf 87' lang='lat' dir='ltr'>non</span> <span class='ocrx_word' id='word_1_181' title='bbox 647 1371 812 1417; x_wconf 87' lang='lat' dir='ltr'>dubius</span> <span class='ocrx_word' id='word_1_182' title='bbox 832 1375 878 1420; x_wconf 63' lang='grc' dir='ltr'>ὃς</span> <span class='ocrx_word' id='word_1_183' title='bbox 904 1370 1167 1422; x_wconf 85' lang='lat' dir='ltr'>Levinium,</span> <span class='ocrx_word' id='word_1_184' title='bbox 1194 1367 1486 1430; x_wconf 84' lang='lat' dir='ltr'>&amp;pecuniam</span> <span class='ocrx_word' id='word_1_185' title='bbox 1508 1365 1576 1413; x_wconf 81' lang='lat' dir='ltr'>ibi</span> <span class='ocrx_word' id='word_1_186' title='bbox 1599 1367 1768 1429; x_wconf 86' lang='lat' dir='ltr'>pariter</span> <span class='ocrx_word' id='word_1_187' title='bbox 1788 1385 1874 1432; x_wconf 41' lang='grc' dir='ltr'>ορ,</span> 
     </span>
     <span class='ocr_line' id='line_1_21' title="bbox 101 1432 1875 1498; baseline 0.001 -20"><span class='ocrx_word' id='word_1_188' title='bbox 101 1432 241 1498; x_wconf 85' lang='lat' dir='ltr'>primi</span> <span class='ocrx_word' id='word_1_189' title='bbox 265 1435 401 1495; x_wconf 82' lang='lat' dir='ltr'>poffe.</span> <span class='ocrx_word' id='word_1_190' title='bbox 469 1435 641 1481; x_wconf 89' lang='lat' dir='ltr'>Eorum</span> <span class='ocrx_word' id='word_1_191' title='bbox 664 1435 852 1482; x_wconf 73' lang='lat' dir='ltr'>consilio</span> <span class='ocrx_word' id='word_1_192' title='bbox 874 1437 931 1481; x_wconf 87' lang='lat' dir='ltr'>ad</span> <span class='ocrx_word' id='word_1_193' title='bbox 954 1433 1197 1481; x_wconf 83' lang='lat' dir='ltr'>Levinium</span> <span class='ocrx_word' id='word_1_194' title='bbox 1221 1433 1413 1496; x_wconf 86' lang='lat' dir='ltr'>perlato,</span> <span class='ocrx_word' id='word_1_195' title='bbox 1434 1432 1513 1479; x_wconf 89' lang='lat' dir='ltr'>ille</span> <span class='ocrx_word' id='word_1_196' title='bbox 1535 1448 1593 1478; x_wconf 83' lang='lat' dir='ltr'>ex</span> <span class='ocrx_word' id='word_1_197' title='bbox 1630 1432 1808 1488; x_wconf 81' lang='lat' dir='ltr'>amicis,</span> <span class='ocrx_word' id='word_1_198' title='bbox 1833 1440 1875 1480; x_wconf 80' lang='grc' dir='ltr'>δε</span> 
     </span>
     <span class='ocr_line' id='line_1_22' title="bbox 104 1497 1873 1562; baseline 0.002 -20"><span class='ocrx_word' id='word_1_199' title='bbox 104 1497 353 1545; x_wconf 79' lang='lat' dir='ltr'>clientibus</span> <span class='ocrx_word' id='word_1_200' title='bbox 372 1499 500 1546; x_wconf 89' lang='lat' dir='ltr'>brevi</span> <span class='ocrx_word' id='word_1_201' title='bbox 523 1500 655 1562; x_wconf 87' lang='lat' dir='ltr'>supra</span> <span class='ocrx_word' id='word_1_202' title='bbox 690 1501 848 1547; x_wconf 89' lang='lat' dir='ltr'>decem</span> <span class='ocrx_word' id='word_1_203' title='bbox 875 1499 1020 1546; x_wconf 84' lang='lat' dir='ltr'>millia</span> <span class='ocrx_word' id='word_1_204' title='bbox 1041 1498 1281 1545; x_wconf 87' lang='lat' dir='ltr'>hominum</span> <span class='ocrx_word' id='word_1_205' title='bbox 1324 1498 1495 1560; x_wconf 72' lang='lat' dir='ltr'>coegit.</span> <span class='ocrx_word' id='word_1_206' title='bbox 1563 1498 1701 1544; x_wconf 86' lang='lat' dir='ltr'>Hanc</span> <span class='ocrx_word' id='word_1_207' title='bbox 1721 1502 1873 1546; x_wconf 80' lang='lat' dir='ltr'>autem</span> 
     </span>
     <span class='ocr_line' id='line_1_23' title="bbox 108 1562 1877 1626; baseline -0.001 -19"><span class='ocrx_word' id='word_1_208' title='bbox 108 1562 519 1611; x_wconf 81' lang='lat' dir='ltr'>utmultitudinem</span> <span class='ocrx_word' id='word_1_209' title='bbox 543 1564 724 1611; x_wconf 81' lang='lat' dir='ltr'>facilius</span> <span class='ocrx_word' id='word_1_210' title='bbox 743 1565 1003 1620; x_wconf 86' lang='lat' dir='ltr'>conficeret,</span> <span class='ocrx_word' id='word_1_211' title='bbox 1046 1564 1243 1610; x_wconf 88' lang='lat' dir='ltr'>multum</span> <span class='ocrx_word' id='word_1_212' title='bbox 1261 1562 1386 1625; x_wconf 88' lang='lat' dir='ltr'>juvit</span> <span class='ocrx_word' id='word_1_213' title='bbox 1406 1571 1647 1626; x_wconf 80' lang='lat' dir='ltr'>procerum</span> <span class='ocrx_word' id='word_1_214' title='bbox 1671 1579 1877 1624; x_wconf 86' lang='lat' dir='ltr'>quorun-</span> 
     </span>
     <span class='ocr_line' id='line_1_24' title="bbox 106 1625 1877 1692; baseline 0.002 -20"><span class='ocrx_word' id='word_1_215' title='bbox 106 1627 211 1688; x_wconf 85' lang='lat' dir='ltr'>dam</span> <span class='ocrx_word' id='word_1_216' title='bbox 234 1625 513 1690; x_wconf 81' lang='lat' dir='ltr'>indignatio,</span> <span class='ocrx_word' id='word_1_217' title='bbox 538 1628 621 1692; x_wconf 89' lang='lat' dir='ltr'>qui</span> <span class='ocrx_word' id='word_1_218' title='bbox 644 1630 702 1676; x_wconf 88' lang='lat' dir='ltr'>ab</span> <span class='ocrx_word' id='word_1_219' title='bbox 723 1629 856 1676; x_wconf 85' lang='lat' dir='ltr'>initio</span> <span class='ocrx_word' id='word_1_220' title='bbox 879 1637 928 1678; x_wconf 64' lang='grc' dir='ltr'>ὅτ</span> <span class='ocrx_word' id='word_1_221' title='bbox 966 1628 1203 1692; x_wconf 78' lang='lat' dir='ltr'>religionis</span> <span class='ocrx_word' id='word_1_222' title='bbox 1227 1626 1392 1683; x_wconf 80' lang='lat' dir='ltr'>studio,</span> <span class='ocrx_word' id='word_1_223' title='bbox 1412 1631 1461 1676; x_wconf 74' lang='grc' dir='ltr'>ὅῑ</span> <span class='ocrx_word' id='word_1_224' title='bbox 1485 1626 1743 1673; x_wconf 81' lang='lat' dir='ltr'>Cardinalis</span> <span class='ocrx_word' id='word_1_225' title='bbox 1766 1629 1877 1675; x_wconf 87' lang='lat' dir='ltr'>odio</span> 
     </span>
     <span class='ocr_line' id='line_1_25' title="bbox 102 1691 1878 1754; baseline 0.002 -17"><span class='ocrx_word' id='word_1_226' title='bbox 102 1691 346 1754; x_wconf 82' lang='lat' dir='ltr'>Proregern</span> <span class='ocrx_word' id='word_1_227' title='bbox 368 1694 424 1737; x_wconf 80' lang='lat' dir='ltr'>ad</span> <span class='ocrx_word' id='word_1_228' title='bbox 441 1693 669 1749; x_wconf 84' lang='lat' dir='ltr'>summum</span> <span class='ocrx_word' id='word_1_229' title='bbox 686 1695 907 1740; x_wconf 79' lang='lat' dir='ltr'>honorem</span> <span class='ocrx_word' id='word_1_230' title='bbox 925 1706 1186 1746; x_wconf 80' lang='lat' dir='ltr'>evexerant,</span> <span class='ocrx_word' id='word_1_231' title='bbox 1201 1709 1253 1739; x_wconf 90' lang='lat' dir='ltr'>ac</span> <span class='ocrx_word' id='word_1_232' title='bbox 1272 1705 1369 1738; x_wconf 86' lang='lat' dir='ltr'>tum</span> <span class='ocrx_word' id='word_1_233' title='bbox 1382 1692 1580 1754; x_wconf 80' lang='lat' dir='ltr'>priorem</span> <span class='ocrx_word' id='word_1_234' title='bbox 1601 1692 1878 1740; x_wconf 85' lang='lat' dir='ltr'>benevolen-</span> 
     </span>
     <span class='ocr_line' id='line_1_26' title="bbox 103 1754 1936 1820; baseline 0.002 -21"><span class='ocrx_word' id='word_1_235' title='bbox 103 1754 215 1801; x_wconf 84' lang='lat' dir='ltr'>tiam</span> <span class='ocrx_word' id='word_1_236' title='bbox 238 1756 286 1801; x_wconf 87' lang='lat' dir='ltr'>in</span> <span class='ocrx_word' id='word_1_237' title='bbox 309 1757 467 1803; x_wconf 87' lang='lat' dir='ltr'>odium</span> <span class='ocrx_word' id='word_1_238' title='bbox 491 1768 898 1812; x_wconf 80' lang='lat' dir='ltr'>commutaverant,</span> <span class='ocrx_word' id='word_1_239' title='bbox 923 1759 1051 1820; x_wconf 90' lang='lat' dir='ltr'>quod</span> <span class='ocrx_word' id='word_1_240' title='bbox 1084 1758 1165 1803; x_wconf 88' lang='lat' dir='ltr'>ille</span> <span class='ocrx_word' id='word_1_241' title='bbox 1189 1757 1347 1803; x_wconf 85' lang='lat' dir='ltr'>amicis</span> <span class='ocrx_word' id='word_1_242' title='bbox 1377 1756 1554 1819; x_wconf 77' lang='lat' dir='ltr'>optime</span> <span class='ocrx_word' id='word_1_243' title='bbox 1573 1757 1746 1802; x_wconf 83' lang='lat' dir='ltr'>meritis</span> <span class='ocrx_word' id='word_1_244' title='bbox 1781 1774 1876 1807; x_wconf 80' lang='lat' dir='ltr'>non</span> <span class='ocrx_word' id='word_1_245' title='bbox 1931 1770 1936 1781; x_wconf 74' lang='lat'><strong>¹</strong></span> 
     </span>
     <span class='ocr_line' id='line_1_27' title="bbox 106 1818 1874 1886; baseline 0.002 -22"><span class='ocrx_word' id='word_1_246' title='bbox 106 1818 245 1865; x_wconf 85' lang='lat' dir='ltr'>modo</span> <span class='ocrx_word' id='word_1_247' title='bbox 266 1820 551 1876; x_wconf 87' lang='lat' dir='ltr'>inconsultis,</span> <span class='ocrx_word' id='word_1_248' title='bbox 568 1822 640 1885; x_wconf 73' lang='lat' dir='ltr'>sed</span> <span class='ocrx_word' id='word_1_249' title='bbox 663 1822 790 1884; x_wconf 89' lang='lat' dir='ltr'>quod</span> <span class='ocrx_word' id='word_1_250' title='bbox 814 1823 860 1869; x_wconf 89' lang='lat' dir='ltr'>in</span> <span class='ocrx_word' id='word_1_251' title='bbox 880 1823 976 1886; x_wconf 74' lang='lat' dir='ltr'>ipso</span> <span class='ocrx_word' id='word_1_252' title='bbox 999 1825 1093 1869; x_wconf 83' lang='lat' dir='ltr'>erat</span> <span class='ocrx_word' id='word_1_253' title='bbox 1116 1823 1308 1882; x_wconf 86' lang='lat' dir='ltr'>proditis</span> <span class='ocrx_word' id='word_1_254' title='bbox 1333 1821 1447 1867; x_wconf 85' lang='lat' dir='ltr'>hosti</span> <span class='ocrx_word' id='word_1_255' title='bbox 1475 1820 1792 1868; x_wconf 81' lang='lat' dir='ltr'>immaniflimo</span> <span class='ocrx_word' id='word_1_256' title='bbox 1814 1822 1874 1878; x_wconf 86' lang='lat' dir='ltr'>se,</span> 
     </span>
     <span class='ocr_line' id='line_1_28' title="bbox 105 1883 1877 1949; baseline 0.001 -19"><span class='ocrx_word' id='word_1_257' title='bbox 105 1891 146 1930; x_wconf 82' lang='lat'>&amp;</span> <span class='ocrx_word' id='word_1_258' title='bbox 165 1883 268 1929; x_wconf 85' lang='lat' dir='ltr'>illos</span> <span class='ocrx_word' id='word_1_259' title='bbox 291 1885 339 1930; x_wconf 84' lang='lat' dir='ltr'>in</span> <span class='ocrx_word' id='word_1_260' title='bbox 360 1885 620 1932; x_wconf 79' lang='lat' dir='ltr'>servitutem</span> <span class='ocrx_word' id='word_1_261' title='bbox 651 1888 856 1937; x_wconf 69' lang='lat' dir='ltr'>dedisset.</span> <span class='ocrx_word' id='word_1_262' title='bbox 922 1890 1086 1949; x_wconf 86' lang='lat' dir='ltr'>Itaque</span> <span class='ocrx_word' id='word_1_263' title='bbox 1109 1886 1463 1948; x_wconf 25' lang='lat' dir='ltr'>hic-animorum</span> <span class='ocrx_word' id='word_1_264' title='bbox 1486 1886 1668 1932; x_wconf 88' lang='lat' dir='ltr'>habitus</span> <span class='ocrx_word' id='word_1_265' title='bbox 1691 1902 1877 1942; x_wconf 85' lang='lat' dir='ltr'>novam,</span> 
     </span>
     <span class='ocr_line' id='line_1_29' title="bbox 104 1949 1880 2012; baseline 0.003 -19"><span class='ocrx_word' id='word_1_266' title='bbox 104 1953 145 1994; x_wconf 69' lang='grc' dir='ltr'>δε</span> <span class='ocrx_word' id='word_1_267' title='bbox 187 1949 266 1994; x_wconf 78' lang='lat' dir='ltr'>vix</span> <span class='ocrx_word' id='word_1_268' title='bbox 303 1949 573 1996; x_wconf 84' lang='lat' dir='ltr'>credibilem</span> <span class='ocrx_word' id='word_1_269' title='bbox 610 1955 761 1997; x_wconf 86' lang='lat' dir='ltr'>rerum</span> <span class='ocrx_word' id='word_1_270' title='bbox 785 1951 1067 1997; x_wconf 78' lang='lat' dir='ltr'>Scoticarum</span> <span class='ocrx_word' id='word_1_271' title='bbox 1094 1951 1206 1997; x_wconf 88' lang='lat' dir='ltr'>fecit</span> <span class='ocrx_word' id='word_1_272' title='bbox 1229 1951 1550 2005; x_wconf 83' lang='lat' dir='ltr'>mutationem,</span> <span class='ocrx_word' id='word_1_273' title='bbox 1575 1963 1622 1996; x_wconf 86' lang='lat' dir='ltr'>ut</span> <span class='ocrx_word' id='word_1_274' title='bbox 1641 1967 1784 2012; x_wconf 77' lang='lat' dir='ltr'>prope</span> <span class='ocrx_word' id='word_1_275' title='bbox 1805 1952 1880 1999; x_wconf 86' lang='lat' dir='ltr'>in-</span> 
     </span>
     <span class='ocr_line' id='line_1_30' title="bbox 104 2012 1879 2074; baseline 0.005 -18"><span class='ocrx_word' id='word_1_276' title='bbox 104 2012 244 2074; x_wconf 80' lang='lat' dir='ltr'>tegris</span> <span class='ocrx_word' id='word_1_277' title='bbox 269 2013 466 2074; x_wconf 85' lang='lat' dir='ltr'>partium</span> <span class='ocrx_word' id='word_1_278' title='bbox 491 2015 664 2061; x_wconf 85' lang='lat' dir='ltr'>viribus</span> <span class='ocrx_word' id='word_1_279' title='bbox 686 2014 824 2061; x_wconf 83' lang='lat' dir='ltr'>duces</span> <span class='ocrx_word' id='word_1_280' title='bbox 848 2019 989 2063; x_wconf 80' lang='lat' dir='ltr'>modo</span> <span class='ocrx_word' id='word_1_281' title='bbox 1012 2015 1090 2061; x_wconf 84' lang='lat' dir='ltr'>alii</span> <span class='ocrx_word' id='word_1_282' title='bbox 1112 2017 1382 2062; x_wconf 81' lang='lat' dir='ltr'>accederent</span> <span class='ocrx_word' id='word_1_283' title='bbox 1408 2033 1418 2060; x_wconf 92' lang='lat'>:</span> <span class='ocrx_word' id='word_1_284' title='bbox 1452 2015 1753 2062; x_wconf 82' lang='lat' dir='ltr'>Hamiltonio</span> <span class='ocrx_word' id='word_1_285' title='bbox 1771 2016 1879 2064; x_wconf 66' lang='lat' dir='ltr'>cuni</span> 
     </span>
     <span class='ocr_line' id='line_1_31' title="bbox 102 2076 1880 2142; baseline 0.003 -20"><span class='ocrx_word' id='word_1_286' title='bbox 102 2076 373 2141; x_wconf 75' lang='lat' dir='ltr'>propinquis</span> <span class='ocrx_word' id='word_1_287' title='bbox 397 2080 454 2126; x_wconf 85' lang='lat' dir='ltr'>ad</span> <span class='ocrx_word' id='word_1_288' title='bbox 478 2080 792 2136; x_wconf 81' lang='lat' dir='ltr'>Cardinalem‚</span> <span class='ocrx_word' id='word_1_289' title='bbox 818 2086 857 2127; x_wconf 66' lang='lat' dir='ltr'>Sc</span> <span class='ocrx_word' id='word_1_290' title='bbox 872 2082 1099 2142; x_wconf 78' lang='lat' dir='ltr'>Reginam</span> <span class='ocrx_word' id='word_1_291' title='bbox 1120 2082 1305 2128; x_wconf 81' lang='lat' dir='ltr'>viduam</span> <span class='ocrx_word' id='word_1_292' title='bbox 1327 2079 1397 2141; x_wconf 85' lang='lat' dir='ltr'>adj</span> <span class='ocrx_word' id='word_1_293' title='bbox 1409 2081 1569 2134; x_wconf 70' lang='lat' dir='ltr'>unctis,</span> <span class='ocrx_word' id='word_1_294' title='bbox 1591 2079 1686 2140; x_wconf 84' lang='lat' dir='ltr'>ejus</span> <span class='ocrx_word' id='word_1_295' title='bbox 1726 2084 1880 2128; x_wconf 82' lang='lat' dir='ltr'>autem</span> 
     </span>
     <span class='ocr_line' id='line_1_32' title="bbox 103 2141 1881 2210; baseline 0.004 -24"><span class='ocrx_word' id='word_1_296' title='bbox 103 2141 333 2203; x_wconf 83' lang='lat' dir='ltr'>prioribus</span> <span class='ocrx_word' id='word_1_297' title='bbox 357 2144 512 2191; x_wconf 87' lang='lat' dir='ltr'>amicis</span> <span class='ocrx_word' id='word_1_298' title='bbox 559 2145 602 2191; x_wconf 85' lang='lat' dir='ltr'>se</span> <span class='ocrx_word' id='word_1_299' title='bbox 623 2145 817 2193; x_wconf 71' lang='lat' dir='ltr'>Levinio</span> <span class='ocrx_word' id='word_1_300' title='bbox 832 2146 1205 2210; x_wconf 81' lang='lat' dir='ltr'>aggregantibus.</span> <span class='ocrx_word' id='word_1_301' title='bbox 1276 2147 1399 2191; x_wconf 86' lang='lat' dir='ltr'>Cum</span> <span class='ocrx_word' id='word_1_302' title='bbox 1422 2144 1485 2191; x_wconf 87' lang='lat' dir='ltr'>eis</span> <span class='ocrx_word' id='word_1_303' title='bbox 1509 2161 1620 2208; x_wconf 85' lang='lat' dir='ltr'>ergo</span> <span class='ocrx_word' id='word_1_304' title='bbox 1638 2144 1787 2208; x_wconf 84' lang='lat' dir='ltr'>copiis</span> <span class='ocrx_word' id='word_1_305' title='bbox 1809 2164 1881 2193; x_wconf 86' lang='lat' dir='ltr'>re·-</span> 
     </span>
     <span class='ocr_line' id='line_1_33' title="bbox 104 2208 1880 2273; baseline 0.004 -23"><span class='ocrx_word' id='word_1_306' title='bbox 104 2221 242 2268; x_wconf 86' lang='lat' dir='ltr'>pente</span> <span class='ocrx_word' id='word_1_307' title='bbox 261 2208 424 2254; x_wconf 61' lang='lat' dir='ltr'>coactis</span> <span class='ocrx_word' id='word_1_308' title='bbox 450 2210 668 2256; x_wconf 76' lang='lat' dir='ltr'>Levinius</span> <span class='ocrx_word' id='word_1_309' title='bbox 692 2211 886 2256; x_wconf 84' lang='lat' dir='ltr'>Letham</span> <span class='ocrx_word' id='word_1_310' title='bbox 910 2212 1062 2258; x_wconf 76' lang='lat' dir='ltr'>venie:</span> <span class='ocrx_word' id='word_1_311' title='bbox 1089 2211 1300 2273; x_wconf 71' lang='lat' dir='ltr'>misitque</span> <span class='ocrx_word' id='word_1_312' title='bbox 1323 2209 1664 2273; x_wconf 71' lang='lat' dir='ltr'>EdImburgum</span> <span class='ocrx_word' id='word_1_313' title='bbox 1686 2211 1745 2257; x_wconf 81' lang='lat' dir='ltr'>ad</span> <span class='ocrx_word' id='word_1_314' title='bbox 1763 2210 1880 2258; x_wconf 67' lang='lat' dir='ltr'>&#39;Car-</span> 
     </span>
     <span class='ocr_line' id='line_1_34' title="bbox 105 2270 1881 2340; baseline 0.004 -25"><span class='ocrx_word' id='word_1_315' title='bbox 105 2270 325 2325; x_wconf 71' lang='lat' dir='ltr'>(finalem,</span> <span class='ocrx_word' id='word_1_316' title='bbox 342 2273 431 2335; x_wconf 81' lang='lat' dir='ltr'>&#39;qui</span> <span class='ocrx_word' id='word_1_317' title='bbox 453 2275 800 2329; x_wconf 87' lang='lat' dir='ltr'>denunciarent,</span> <span class='ocrx_word' id='word_1_318' title='bbox 819 2275 936 2321; x_wconf 81' lang='lat' dir='ltr'>nihil</span> <span class='ocrx_word' id='word_1_319' title='bbox 958 2282 1073 2339; x_wconf 81' lang='lat' dir='ltr'>opus</span> <span class='ocrx_word' id='word_1_320' title='bbox 1093 2278 1194 2330; x_wconf 73' lang='lat' dir='ltr'>effe,</span> <span class='ocrx_word' id='word_1_321' title='bbox 1234 2291 1282 2323; x_wconf 86' lang='lat' dir='ltr'>ut</span> <span class='ocrx_word' id='word_1_322' title='bbox 1304 2275 1346 2321; x_wconf 89' lang='lat' dir='ltr'>se</span> <span class='ocrx_word' id='word_1_323' title='bbox 1366 2275 1613 2322; x_wconf 78' lang='lat' dir='ltr'>Glascuam</span> <span class='ocrx_word' id='word_1_324' title='bbox 1637 2290 1881 2340; x_wconf 81' lang='lat' dir='ltr'>oppugna-</span> 
     </span>
     <span class='ocr_line' id='line_1_35' title="bbox 104 2337 1879 2403; baseline 0.004 -23"><span class='ocrx_word' id='word_1_325' title='bbox 104 2347 202 2381; x_wconf 87' lang='lat' dir='ltr'>tum</span> <span class='ocrx_word' id='word_1_326' title='bbox 225 2337 449 2391; x_wconf 78' lang='lat' dir='ltr'>venirent.</span> <span class='ocrx_word' id='word_1_327' title='bbox 519 2341 575 2385; x_wconf 90' lang='lat' dir='ltr'>Se</span> <span class='ocrx_word' id='word_1_328' title='bbox 594 2341 717 2386; x_wconf 89' lang='lat' dir='ltr'>enim</span> <span class='ocrx_word' id='word_1_329' title='bbox 741 2340 890 2401; x_wconf 76' lang='lat' dir='ltr'>primo</span> <span class='ocrx_word' id='word_1_330' title='bbox 920 2347 1107 2403; x_wconf 76' lang='lat' dir='ltr'>quoque</span> <span class='ocrx_word' id='word_1_331' title='bbox 1128 2342 1202 2387; x_wconf 84' lang='lat' dir='ltr'>die</span> <span class='ocrx_word' id='word_1_332' title='bbox 1226 2342 1288 2387; x_wconf 87' lang='lat' dir='ltr'>sui</span> <span class='ocrx_word' id='word_1_333' title='bbox 1313 2338 1496 2402; x_wconf 81' lang='lat' dir='ltr'>copiam</span> <span class='ocrx_word' id='word_1_334' title='bbox 1518 2340 1566 2386; x_wconf 83' lang='lat' dir='ltr'>in</span> <span class='ocrx_word' id='word_1_335' title='bbox 1591 2341 1780 2402; x_wconf 79' lang='lat' dir='ltr'>campis,</span> <span class='ocrx_word' id='word_1_336' title='bbox 1798 2342 1879 2403; x_wconf 91' lang='lat' dir='ltr'>qui</span> 
     </span>
    </p>

    <p class='ocr_par' dir='ltr' id='par_1_4' title="bbox 46 2400 1933 3748">
     <span class='ocr_line' id='line_1_36' title="bbox 104 2400 1381 2467; baseline 0.005 -22"><span class='ocrx_word' id='word_1_337' title='bbox 104 2400 318 2457; x_wconf 85' lang='lat' dir='ltr'>Letham,</span> <span class='ocrx_word' id='word_1_338' title='bbox 343 2402 778 2466; x_wconf 71' lang='lat' dir='ltr'>Edimburgfimque</span> <span class='ocrx_word' id='word_1_339' title='bbox 797 2406 1116 2467; x_wconf 72' lang='lat' dir='ltr'>interjacereet</span> <span class='ocrx_word' id='word_1_340' title='bbox 1138 2405 1381 2452; x_wconf 62' lang='lat' dir='ltr'>facturum.</span> 
     </span>
     <span class='ocr_line' id='line_1_37' title="bbox 135 2466 1881 2534; baseline 0.005 -24"><span class='ocrx_word' id='word_1_341' title='bbox 135 2483 142 2490; x_wconf 50' lang='lat'>⁸</span> <span class='ocrx_word' id='word_1_342' title='bbox 166 2466 299 2512; x_wconf 75' lang='lat' dir='ltr'><strong>XIV.</strong></span> <span class='ocrx_word' id='word_1_343' title='bbox 335 2467 611 2523; x_wconf 75' lang='lat' dir='ltr'>cardinalis,</span> <span class='ocrx_word' id='word_1_344' title='bbox 651 2470 732 2532; x_wconf 85' lang='lat' dir='ltr'>qui</span> <span class='ocrx_word' id='word_1_345' title='bbox 754 2471 951 2534; x_wconf 78' lang='lat' dir='ltr'>Prorege</span> <span class='ocrx_word' id='word_1_346' title='bbox 973 2472 1019 2516; x_wconf 88' lang='lat' dir='ltr'>in</span> <span class='ocrx_word' id='word_1_347' title='bbox 1042 2471 1138 2518; x_wconf 80' lang='lat' dir='ltr'>suas</span> <span class='ocrx_word' id='word_1_348' title='bbox 1160 2483 1309 2533; x_wconf 84' lang='lat' dir='ltr'>partes</span> <span class='ocrx_word' id='word_1_349' title='bbox 1332 2471 1475 2515; x_wconf 58' lang='lat' dir='ltr'>trano</span> <span class='ocrx_word' id='word_1_350' title='bbox 1497 2469 1689 2515; x_wconf 68' lang='lat' dir='ltr'>adversae</span> <span class='ocrx_word' id='word_1_351' title='bbox 1718 2469 1881 2531; x_wconf 54' lang='lat' dir='ltr'>faciioq</span> 
     </span>
     <span class='ocr_line' id='line_1_38' title="bbox 106 2528 1880 2598; baseline 0.005 -23"><span class='ocrx_word' id='word_1_352' title='bbox 106 2528 176 2575; x_wconf 86' lang='lat' dir='ltr'>nis</span> <span class='ocrx_word' id='word_1_353' title='bbox 215 2543 344 2593; x_wconf 73' lang='lat' dir='ltr'>opeS,</span> <span class='ocrx_word' id='word_1_354' title='bbox 382 2536 429 2580; x_wconf 83' lang='lat'>&amp;</span> <span class='ocrx_word' id='word_1_355' title='bbox 466 2534 642 2580; x_wconf 86' lang='lat' dir='ltr'>animos</span> <span class='ocrx_word' id='word_1_356' title='bbox 667 2534 830 2580; x_wconf 69' lang='lat' dir='ltr'>fractos</span> <span class='ocrx_word' id='word_1_357' title='bbox 855 2538 1055 2588; x_wconf 82' lang='lat' dir='ltr'>rebatur,</span> <span class='ocrx_word' id='word_1_358' title='bbox 1080 2552 1230 2598; x_wconf 88' lang='lat' dir='ltr'>neque</span> <span class='ocrx_word' id='word_1_359' title='bbox 1252 2544 1519 2598; x_wconf 84' lang='lat' dir='ltr'>quenquam</span> <span class='ocrx_word' id='word_1_360' title='bbox 1541 2534 1637 2581; x_wconf 82' lang='lat' dir='ltr'>fore</span> <span class='ocrx_word' id='word_1_361' title='bbox 1656 2533 1880 2597; x_wconf 77' lang='lat' dir='ltr'>sperabat,</span> 
     </span>
     <span class='ocr_line' id='line_1_39' title="bbox 100 2593 1884 2663; baseline 0.005 -24"><span class='ocrx_word' id='word_1_362' title='bbox 100 2593 185 2657; x_wconf 86' lang='lat' dir='ltr'>&#39;qui</span> <span class='ocrx_word' id='word_1_363' title='bbox 205 2595 355 2641; x_wconf 88' lang='lat' dir='ltr'>secum</span> <span class='ocrx_word' id='word_1_364' title='bbox 377 2596 475 2643; x_wconf 78' lang='lat' dir='ltr'>acie</span> <span class='ocrx_word' id='word_1_365' title='bbox 496 2599 719 2662; x_wconf 84' lang='lat' dir='ltr'>congredi</span> <span class='ocrx_word' id='word_1_366' title='bbox 738 2601 939 2655; x_wconf 82' lang='lat' dir='ltr'>auderet,</span> <span class='ocrx_word' id='word_1_367' title='bbox 965 2603 1069 2646; x_wconf 67' lang='lat' dir='ltr'>cum</span> <span class='ocrx_word' id='word_1_368' title='bbox 1090 2600 1130 2646; x_wconf 89' lang='lat' dir='ltr'>se</span> <span class='ocrx_word' id='word_1_369' title='bbox 1150 2612 1315 2663; x_wconf 83' lang='lat' dir='ltr'>praeter</span> <span class='ocrx_word' id='word_1_370' title='bbox 1330 2599 1598 2662; x_wconf 82' lang='lat' dir='ltr'>opiniOnem</span> <span class='ocrx_word' id='word_1_371' title='bbox 1619 2598 1791 2646; x_wconf 86' lang='lat' dir='ltr'>viribus</span> <span class='ocrx_word' id='word_1_372' title='bbox 1809 2601 1884 2663; x_wconf 83' lang='lat' dir='ltr'>in-</span> 
     </span>
     <span class='ocr_line' id='line_1_40' title="bbox 104 2658 1885 2728; baseline 0.006 -24"><span class='ocrx_word' id='word_1_373' title='bbox 104 2658 317 2706; x_wconf 71' lang='lat' dir='ltr'>feriorem</span> <span class='ocrx_word' id='word_1_374' title='bbox 351 2676 571 2717; x_wconf 84' lang='lat' dir='ltr'>cerneret,</span> <span class='ocrx_word' id='word_1_375' title='bbox 613 2663 880 2710; x_wconf 61' lang='lat' dir='ltr'>conflicium</span> <span class='ocrx_word' id='word_1_376' title='bbox 902 2665 1092 2728; x_wconf 87' lang='lat' dir='ltr'>quidem</span> <span class='ocrx_word' id='word_1_377' title='bbox 1115 2666 1257 2712; x_wconf 88' lang='lat' dir='ltr'>verbo</span> <span class='ocrx_word' id='word_1_378' title='bbox 1296 2681 1389 2711; x_wconf 91' lang='lat' dir='ltr'>non</span> <span class='ocrx_word' id='word_1_379' title='bbox 1417 2663 1666 2718; x_wconf 77' lang='lat' dir='ltr'>recusabat,</span> <span class='ocrx_word' id='word_1_380' title='bbox 1692 2665 1765 2712; x_wconf 87' lang='lat' dir='ltr'>sed</span> <span class='ocrx_word' id='word_1_381' title='bbox 1785 2666 1885 2714; x_wconf 74' lang='lat' dir='ltr'>rem</span> 
     </span>
     <span class='ocr_line' id='line_1_41' title="bbox 104 2723 1886 2792; baseline 0.006 -23"><span class='ocrx_word' id='word_1_382' title='bbox 104 2723 162 2770; x_wconf 89' lang='lat' dir='ltr'>de</span> <span class='ocrx_word' id='word_1_383' title='bbox 184 2724 261 2770; x_wconf 83' lang='lat' dir='ltr'>die</span> <span class='ocrx_word' id='word_1_384' title='bbox 282 2725 330 2770; x_wconf 84' lang='lat' dir='ltr'>in</span> <span class='ocrx_word' id='word_1_385' title='bbox 353 2725 477 2773; x_wconf 85' lang='lat' dir='ltr'>diem</span> <span class='ocrx_word' id='word_1_386' title='bbox 500 2727 634 2774; x_wconf 78' lang='lat' dir='ltr'>variis</span> <span class='ocrx_word' id='word_1_387' title='bbox 657 2745 797 2775; x_wconf 82' lang='lat' dir='ltr'>morae</span> <span class='ocrx_word' id='word_1_388' title='bbox 820 2730 959 2776; x_wconf 79' lang='lat' dir='ltr'>caulis</span> <span class='ocrx_word' id='word_1_389' title='bbox 992 2729 1271 2792; x_wconf 73' lang='lat' dir='ltr'>interpositis</span> <span class='ocrx_word' id='word_1_390' title='bbox 1292 2727 1550 2784; x_wconf 82' lang='lat' dir='ltr'>differebat,</span> <span class='ocrx_word' id='word_1_391' title='bbox 1575 2745 1743 2792; x_wconf 85' lang='lat' dir='ltr'>gnarus</span> <span class='ocrx_word' id='word_1_392' title='bbox 1765 2730 1886 2779; x_wconf 89' lang='lat' dir='ltr'>inte-</span> 
     </span>
     <span class='ocr_line' id='line_1_42' title="bbox 104 2788 1882 2857; baseline 0.004 -22"><span class='ocrx_word' id='word_1_393' title='bbox 104 2788 193 2835; x_wconf 87' lang='lat' dir='ltr'>rim</span> <span class='ocrx_word' id='word_1_394' title='bbox 213 2789 458 2837; x_wconf 89' lang='lat' dir='ltr'>Levinium</span> <span class='ocrx_word' id='word_1_395' title='bbox 483 2809 575 2839; x_wconf 89' lang='lat' dir='ltr'>non</span> <span class='ocrx_word' id='word_1_396' title='bbox 597 2794 724 2855; x_wconf 78' lang='lat' dir='ltr'>poffe</span> <span class='ocrx_word' id='word_1_397' title='bbox 750 2794 830 2840; x_wconf 88' lang='lat' dir='ltr'>diu</span> <span class='ocrx_word' id='word_1_398' title='bbox 853 2795 1219 2842; x_wconf 87' lang='lat' dir='ltr'>voluntariorum</span> <span class='ocrx_word' id='word_1_399' title='bbox 1241 2793 1494 2855; x_wconf 79' lang='lat' dir='ltr'>exercitum</span> <span class='ocrx_word' id='word_1_400' title='bbox 1519 2795 1610 2840; x_wconf 86' lang='lat' dir='ltr'>fine</span> <span class='ocrx_word' id='word_1_401' title='bbox 1633 2794 1882 2857; x_wconf 75' lang='lat' dir='ltr'>stipendiis,</span> 
     </span>
     <span class='ocr_line' id='line_1_43' title="bbox 105 2856 1882 2922; baseline 0.006 -24"><span class='ocrx_word' id='word_1_402' title='bbox 105 2867 185 2899; x_wconf 88' lang='lat' dir='ltr'>aut</span> <span class='ocrx_word' id='word_1_403' title='bbox 204 2869 465 2912; x_wconf 82' lang='lat' dir='ltr'>commeatu</span> <span class='ocrx_word' id='word_1_404' title='bbox 485 2856 533 2903; x_wconf 89' lang='lat' dir='ltr'>in</span> <span class='ocrx_word' id='word_1_405' title='bbox 556 2859 750 2920; x_wconf 82' lang='lat' dir='ltr'>longum</span> <span class='ocrx_word' id='word_1_406' title='bbox 777 2859 957 2922; x_wconf 84' lang='lat' dir='ltr'>tempus</span> <span class='ocrx_word' id='word_1_407' title='bbox 990 2859 1171 2922; x_wconf 82' lang='lat' dir='ltr'>proviso</span> <span class='ocrx_word' id='word_1_408' title='bbox 1194 2859 1446 2915; x_wconf 81' lang='lat' dir='ltr'>continere,</span> <span class='ocrx_word' id='word_1_409' title='bbox 1470 2858 1636 2907; x_wconf 73' lang='lat' dir='ltr'>aflidue</span> <span class='ocrx_word' id='word_1_410' title='bbox 1657 2860 1882 2922; x_wconf 84' lang='lat' dir='ltr'>precibus.</span> 
     </span>
     <span class='ocr_line' id='line_1_44' title="bbox 108 2918 1887 2988; baseline 0.005 -24"><span class='ocrx_word' id='word_1_411' title='bbox 108 2923 150 2964; x_wconf 73' lang='grc' dir='ltr'>δε</span> <span class='ocrx_word' id='word_1_412' title='bbox 174 2918 588 2980; x_wconf 86' lang='lat' dir='ltr'>pollicitationibus</span> <span class='ocrx_word' id='word_1_413' title='bbox 610 2938 788 2979; x_wconf 88' lang='lat' dir='ltr'>eorum,</span> <span class='ocrx_word' id='word_1_414' title='bbox 823 2928 938 2987; x_wconf 76' lang='lat' dir='ltr'>quo&#39;s</span> <span class='ocrx_word' id='word_1_415' title='bbox 960 2923 1152 2972; x_wconf 85' lang='lat' dir='ltr'>idoneos</span> <span class='ocrx_word' id='word_1_416' title='bbox 1172 2925 1386 2988; x_wconf 85' lang='lat' dir='ltr'>putabat,</span> <span class='ocrx_word' id='word_1_417' title='bbox 1410 2923 1584 2971; x_wconf 86' lang='lat' dir='ltr'>animos</span> <span class='ocrx_word' id='word_1_418' title='bbox 1609 2923 1826 2975; x_wconf 69' lang='lat' dir='ltr'>tentabat,</span> <span class='ocrx_word' id='word_1_419' title='bbox 1854 2927 1887 2973; x_wconf 85' lang='lat' dir='ltr'>fi</span> 
     </span>
     <span class='ocr_line' id='line_1_45' title="bbox 106 2985 1887 3050; baseline 0.005 -23"><span class='ocrx_word' id='word_1_420' title='bbox 106 2989 226 3044; x_wconf 75' lang='lat' dir='ltr'>quos</span> <span class='ocrx_word' id='word_1_421' title='bbox 253 2985 312 3030; x_wconf 86' lang='lat' dir='ltr'>ad</span> <span class='ocrx_word' id='word_1_422' title='bbox 334 2985 375 3031; x_wconf 89' lang='lat' dir='ltr'>se</span> <span class='ocrx_word' id='word_1_423' title='bbox 398 2987 636 3035; x_wconf 89' lang='lat' dir='ltr'>traducere</span> <span class='ocrx_word' id='word_1_424' title='bbox 656 2989 814 3050; x_wconf 81' lang='lat' dir='ltr'>poffet.</span> <span class='ocrx_word' id='word_1_425' title='bbox 868 2989 1088 3037; x_wconf 86' lang='lat' dir='ltr'>Levinius</span> <span class='ocrx_word' id='word_1_426' title='bbox 1111 3005 1216 3036; x_wconf 88' lang='lat' dir='ltr'>cum</span> <span class='ocrx_word' id='word_1_427' title='bbox 1240 2989 1411 3038; x_wconf 86' lang='lat' dir='ltr'>hostem</span> <span class='ocrx_word' id='word_1_428' title='bbox 1434 2989 1599 3035; x_wconf 87' lang='lat' dir='ltr'>ducere</span> <span class='ocrx_word' id='word_1_429' title='bbox 1622 2989 1794 3035; x_wconf 69' lang='lat' dir='ltr'>bellum</span> <span class='ocrx_word' id='word_1_430' title='bbox 1816 2989 1887 3036; x_wconf 80' lang='lat' dir='ltr'>vi-</span> 
     </span>
     <span class='ocr_line' id='line_1_46' title="bbox 104 3048 1888 3115; baseline 0.004 -22"><span class='ocrx_word' id='word_1_431' title='bbox 104 3048 249 3101; x_wconf 86' lang='lat' dir='ltr'>deret,</span> <span class='ocrx_word' id='word_1_432' title='bbox 275 3065 359 3096; x_wconf 89' lang='lat' dir='ltr'>nec</span> <span class='ocrx_word' id='word_1_433' title='bbox 380 3050 473 3097; x_wconf 85' lang='lat' dir='ltr'>ulla</span> <span class='ocrx_word' id='word_1_434' title='bbox 493 3051 669 3099; x_wconf 88' lang='lat' dir='ltr'>ratione</span> <span class='ocrx_word' id='word_1_435' title='bbox 682 3054 844 3115; x_wconf 84' lang='lat' dir='ltr'>praelio</span> <span class='ocrx_word' id='word_1_436' title='bbox 865 3059 960 3100; x_wconf 80' lang='lat' dir='ltr'>r&#39;ern</span> <span class='ocrx_word' id='word_1_437' title='bbox 985 3054 1343 3108; x_wconf 70' lang='lat' dir='ltr'>commisturam,</span> <span class='ocrx_word' id='word_1_438' title='bbox 1367 3052 1504 3114; x_wconf 75' lang='lat' dir='ltr'>seque</span> <span class='ocrx_word' id='word_1_439' title='bbox 1526 3052 1582 3098; x_wconf 86' lang='lat' dir='ltr'>ad</span> <span class='ocrx_word' id='word_1_440' title='bbox 1603 3051 1888 3101; x_wconf 73' lang='lat' dir='ltr'>obsidionem</span> 
     </span>
     <span class='ocr_line' id='line_1_47' title="bbox 107 3112 1888 3182; baseline 0.005 -26"><span class='ocrx_word' id='word_1_441' title='bbox 107 3112 324 3159; x_wconf 85' lang='lat' dir='ltr'>omnibus</span> <span class='ocrx_word' id='word_1_442' title='bbox 355 3115 493 3162; x_wconf 83' lang='lat' dir='ltr'>rebus</span> <span class='ocrx_word' id='word_1_443' title='bbox 516 3117 766 3164; x_wconf 84' lang='lat' dir='ltr'>neceffariis</span> <span class='ocrx_word' id='word_1_444' title='bbox 800 3119 1096 3182; x_wconf 74' lang='lat' dir='ltr'>imparatum,</span> <span class='ocrx_word' id='word_1_445' title='bbox 1132 3130 1352 3181; x_wconf 82' lang='lat' dir='ltr'>praeterea</span> <span class='ocrx_word' id='word_1_446' title='bbox 1387 3115 1631 3179; x_wconf 88' lang='lat' dir='ltr'>colloquiis</span> <span class='ocrx_word' id='word_1_447' title='bbox 1655 3114 1888 3165; x_wconf 64' lang='lat' dir='ltr'>nocturnis</span> 
     </span>
     <span class='ocr_line' id='line_1_48' title="bbox 46 3175 1889 3245; baseline 0.005 -25"><span class='ocrx_word' id='word_1_448' title='bbox 46 3179 50 3185; x_wconf 89' lang='lat'>&#39;</span> <span class='ocrx_word' id='word_1_449' title='bbox 113 3175 335 3236; x_wconf 83' lang='lat' dir='ltr'>quosdam</span> <span class='ocrx_word' id='word_1_450' title='bbox 365 3176 546 3226; x_wconf 78' lang='lat' dir='ltr'>{uorum</span> <span class='ocrx_word' id='word_1_451' title='bbox 582 3195 688 3228; x_wconf 88' lang='lat' dir='ltr'>cum</span> <span class='ocrx_word' id='word_1_452' title='bbox 722 3182 848 3230; x_wconf 82' lang='lat' dir='ltr'>hoste</span> <span class='ocrx_word' id='word_1_453' title='bbox 879 3183 977 3245; x_wconf 87' lang='lat' dir='ltr'>jam</span> <span class='ocrx_word' id='word_1_454' title='bbox 1017 3181 1288 3245; x_wconf 77' lang='lat' dir='ltr'>transegiffe,</span> <span class='ocrx_word' id='word_1_455' title='bbox 1330 3193 1381 3227; x_wconf 92' lang='lat' dir='ltr'>ut</span> <span class='ocrx_word' id='word_1_456' title='bbox 1416 3181 1458 3227; x_wconf 89' lang='lat' dir='ltr'>se</span> <span class='ocrx_word' id='word_1_457' title='bbox 1491 3197 1547 3226; x_wconf 86' lang='lat' dir='ltr'>ex</span> <span class='ocrx_word' id='word_1_458' title='bbox 1581 3181 1637 3226; x_wconf 84' lang='lat' dir='ltr'>iis</span> <span class='ocrx_word' id='word_1_459' title='bbox 1672 3178 1889 3245; x_wconf 84' lang='lat' dir='ltr'>angustiis</span> 
     </span>
     <span class='ocr_line' id='line_1_49' title="bbox 109 3241 1886 3309; baseline 0.006 -26"><span class='ocrx_word' id='word_1_460' title='bbox 109 3241 453 3301; x_wconf 89' lang='lat' dir='ltr'>quamprimum</span> <span class='ocrx_word' id='word_1_461' title='bbox 475 3244 744 3305; x_wconf 85' lang='lat' dir='ltr'>explicaret,</span> <span class='ocrx_word' id='word_1_462' title='bbox 789 3246 966 3300; x_wconf 87' lang='lat' dir='ltr'>amicis,</span> <span class='ocrx_word' id='word_1_463' title='bbox 989 3247 1073 3309; x_wconf 90' lang='lat' dir='ltr'>qui</span> <span class='ocrx_word' id='word_1_464' title='bbox 1108 3246 1205 3307; x_wconf 88' lang='lat' dir='ltr'>jam</span> <span class='ocrx_word' id='word_1_465' title='bbox 1228 3245 1310 3292; x_wconf 86' lang='lat' dir='ltr'>fibi</span> <span class='ocrx_word' id='word_1_466' title='bbox 1340 3244 1522 3306; x_wconf 72' lang='lat' dir='ltr'>occulte</span> <span class='ocrx_word' id='word_1_467' title='bbox 1543 3244 1886 3309; x_wconf 74' lang='lat' dir='ltr'>prospexerant,</span> 
     </span>
     <span class='ocr_line' id='line_1_50' title="bbox 112 3302 1888 3375; baseline 0.006 -28"><span class='ocrx_word' id='word_1_468' title='bbox 112 3302 399 3366; x_wconf 83' lang='lat' dir='ltr'>urgentibus,</span> <span class='ocrx_word' id='word_1_469' title='bbox 423 3306 588 3368; x_wconf 88' lang='lat' dir='ltr'>pacisci</span> <span class='ocrx_word' id='word_1_470' title='bbox 606 3323 712 3355; x_wconf 90' lang='lat' dir='ltr'>cum</span> <span class='ocrx_word' id='word_1_471' title='bbox 750 3312 947 3374; x_wconf 90' lang='lat' dir='ltr'>Prorege</span> <span class='ocrx_word' id='word_1_472' title='bbox 987 3311 1075 3358; x_wconf 79' lang='lat' dir='ltr'>fuit</span> <span class='ocrx_word' id='word_1_473' title='bbox 1096 3312 1294 3356; x_wconf 71' lang='lat' dir='ltr'>coactus.</span> <span class='ocrx_word' id='word_1_474' title='bbox 1362 3311 1526 3372; x_wconf 90' lang='lat' dir='ltr'>Itaque</span> <span class='ocrx_word' id='word_1_475' title='bbox 1548 3309 1888 3375; x_wconf 82' lang='lat' dir='ltr'>Edimburgum</span> 
     </span>
     <span class='ocr_line' id='line_1_51' title="bbox 110 3369 1888 3436; baseline 0.007 -24"><span class='ocrx_word' id='word_1_476' title='bbox 110 3369 169 3413; x_wconf 84' lang='lat' dir='ltr'>ad</span> <span class='ocrx_word' id='word_1_477' title='bbox 192 3384 298 3414; x_wconf 89' lang='lat' dir='ltr'>eum</span> <span class='ocrx_word' id='word_1_478' title='bbox 323 3370 550 3428; x_wconf 66' lang='lat' dir='ltr'>profectus</span> <span class='ocrx_word' id='word_1_479' title='bbox 571 3372 649 3426; x_wconf 87' lang='lat' dir='ltr'>est,</span> <span class='ocrx_word' id='word_1_480' title='bbox 686 3385 824 3436; x_wconf 86' lang='lat' dir='ltr'>atque</span> <span class='ocrx_word' id='word_1_481' title='bbox 857 3375 1037 3436; x_wconf 80' lang='lat' dir='ltr'>aliquot</span> <span class='ocrx_word' id='word_1_482' title='bbox 1058 3374 1154 3421; x_wconf 86' lang='lat' dir='ltr'>dies</span> <span class='ocrx_word' id='word_1_483' title='bbox 1192 3373 1261 3420; x_wconf 89' lang='lat' dir='ltr'>ibi</span> <span class='ocrx_word' id='word_1_484' title='bbox 1284 3386 1503 3436; x_wconf 86' lang='lat' dir='ltr'>tanquam</span> <span class='ocrx_word' id='word_1_485' title='bbox 1527 3373 1739 3422; x_wconf 86' lang='lat' dir='ltr'>odiorum</span> <span class='ocrx_word' id='word_1_486' title='bbox 1764 3380 1888 3425; x_wconf 81' lang='lat' dir='ltr'>vete-</span> 
     </span>
     <span class='ocr_line' id='line_1_52' title="bbox 113 3432 1886 3501; baseline 0.007 -25"><span class='ocrx_word' id='word_1_487' title='bbox 113 3448 216 3477; x_wconf 86' lang='lat' dir='ltr'>rum</span> <span class='ocrx_word' id='word_1_488' title='bbox 239 3432 374 3479; x_wconf 92' lang='lat' dir='ltr'>obliti</span> <span class='ocrx_word' id='word_1_489' title='bbox 398 3450 488 3480; x_wconf 89' lang='lat' dir='ltr'>una</span> <span class='ocrx_word' id='word_1_490' title='bbox 509 3434 837 3501; x_wconf 85' lang='lat' dir='ltr'>transegerunt.</span> <span class='ocrx_word' id='word_1_491' title='bbox 905 3439 1121 3486; x_wconf 90' lang='lat' dir='ltr'>Tandem</span> <span class='ocrx_word' id='word_1_492' title='bbox 1146 3437 1226 3486; x_wconf 87' lang='lat' dir='ltr'>ubi</span> <span class='ocrx_word' id='word_1_493' title='bbox 1243 3438 1557 3486; x_wconf 84' lang='lat' dir='ltr'>Limnuchum</span> <span class='ocrx_word' id='word_1_494' title='bbox 1579 3441 1640 3486; x_wconf 91' lang='lat' dir='ltr'>est</span> <span class='ocrx_word' id='word_1_495' title='bbox 1678 3453 1886 3497; x_wconf 84' lang='lat' dir='ltr'>ventum,</span> 
     </span>
     <span class='ocr_line' id='line_1_53' title="bbox 107 3494 1891 3567; baseline 0.007 -26"><span class='ocrx_word' id='word_1_496' title='bbox 107 3494 185 3542; x_wconf 87' lang='lat' dir='ltr'>hic</span> <span class='ocrx_word' id='word_1_497' title='bbox 208 3494 427 3544; x_wconf 82' lang='lat' dir='ltr'>Leviniiis</span> <span class='ocrx_word' id='word_1_498' title='bbox 444 3515 528 3561; x_wconf 86' lang='lat' dir='ltr'>per</span> <span class='ocrx_word' id='word_1_499' title='bbox 544 3499 715 3547; x_wconf 87' lang='lat' dir='ltr'>amicos</span> <span class='ocrx_word' id='word_1_500' title='bbox 738 3501 1001 3556; x_wconf 85' lang='lat' dir='ltr'>admonitus</span> <span class='ocrx_word' id='word_1_501' title='bbox 1021 3503 1104 3550; x_wconf 83' lang='lat' dir='ltr'>fibi</span> <span class='ocrx_word' id='word_1_502' title='bbox 1124 3503 1327 3551; x_wconf 87' lang='lat' dir='ltr'>occultas</span> <span class='ocrx_word' id='word_1_503' title='bbox 1349 3503 1498 3567; x_wconf 87' lang='lat' dir='ltr'>parari</span> <span class='ocrx_word' id='word_1_504' title='bbox 1518 3503 1718 3559; x_wconf 85' lang='lat' dir='ltr'>infidias,</span> <span class='ocrx_word' id='word_1_505' title='bbox 1755 3507 1891 3554; x_wconf 78' lang='lat' dir='ltr'>Glas-</span> 
     </span>
     <span class='ocr_line' id='line_1_54' title="bbox 111 3561 1889 3633; baseline 0.008 -29"><span class='ocrx_word' id='word_1_506' title='bbox 111 3575 240 3606; x_wconf 88' lang='lat' dir='ltr'>cuam</span> <span class='ocrx_word' id='word_1_507' title='bbox 265 3561 323 3633; x_wconf 76' lang='lat' dir='ltr'>de</span> <span class='ocrx_word' id='word_1_508' title='bbox 345 3565 478 3610; x_wconf 66' lang='lat' dir='ltr'>nocte</span> <span class='ocrx_word' id='word_1_509' title='bbox 500 3564 619 3611; x_wconf 88' lang='lat' dir='ltr'>clam</span> <span class='ocrx_word' id='word_1_510' title='bbox 642 3565 684 3612; x_wconf 89' lang='lat' dir='ltr'>se</span> <span class='ocrx_word' id='word_1_511' title='bbox 705 3565 922 3622; x_wconf 85' lang='lat' dir='ltr'>contulit,</span> <span class='ocrx_word' id='word_1_512' title='bbox 954 3566 1151 3631; x_wconf 72' lang='lat' dir='ltr'>arceque</span> <span class='ocrx_word' id='word_1_513' title='bbox 1194 3567 1456 3631; x_wconf 88' lang='lat' dir='ltr'>Episcopali</span> <span class='ocrx_word' id='word_1_514' title='bbox 1477 3570 1829 3625; x_wconf 87' lang='lat' dir='ltr'>commeatibus,</span> <span class='ocrx_word' id='word_1_515' title='bbox 1843 3579 1889 3618; x_wconf 54' lang='lat' dir='ltr'>‘Sc</span> 
     </span>
     <span class='ocr_line' id='line_1_55' title="bbox 106 3625 1933 3692; baseline 0.007 -21"><span class='ocrx_word' id='word_1_516' title='bbox 106 3625 317 3685; x_wconf 76' lang='lat' dir='ltr'>praesldlo</span> <span class='ocrx_word' id='word_1_517' title='bbox 338 3639 567 3690; x_wconf 87' lang='lat' dir='ltr'>quantum</span> <span class='ocrx_word' id='word_1_518' title='bbox 606 3628 711 3681; x_wconf 79' lang='lat' dir='ltr'>satis</span> <span class='ocrx_word' id='word_1_519' title='bbox 753 3630 998 3682; x_wconf 84' lang='lat' dir='ltr'>videbatur.</span> <span class='ocrx_word' id='word_1_520' title='bbox 1027 3633 1331 3692; x_wconf 79' lang='lat' dir='ltr'>communita,</span> <span class='ocrx_word' id='word_1_521' title='bbox 1355 3634 1753 3685; x_wconf 84' lang='lat' dir='ltr'>Britannodunum</span> <span class='ocrx_word' id='word_1_522' title='bbox 1777 3651 1892 3681; x_wconf 87' lang='lat' dir='ltr'>con·</span> <span class='ocrx_word' id='word_1_523' title='bbox 1930 3655 1933 3657; x_wconf 48' lang='lat'>&gt;</span> 
     </span>
     <span class='ocr_line' id='line_1_56' title="bbox 178 3699 1892 3748; baseline 0.001 -5"><span class='ocrx_word' id='word_1_524' title='bbox 178 3717 182 3720; x_wconf 64' lang='grc'><em>’</em></span> <span class='ocrx_word' id='word_1_525' title='bbox 691 3702 693 3706; x_wconf 93' lang='lat'>·</span> <span class='ocrx_word' id='word_1_526' title='bbox 1039 3700 1050 3709; x_wconf 55' lang='grc'><em>“</em></span> <span class='ocrx_word' id='word_1_527' title='bbox 1756 3699 1892 3748; x_wconf 67' lang='lat' dir='ltr'>ceffito</span> 
     </span>
    </p>
   </div>
  </div>
 </body>
</html>
