2006 3858
278 163 586 229 LIBER
664 158 1585 239 DucimuseEPTtmus.
1699 177 1847 234 511>

72 280 148 312 am
170 262 217 308 in
255 260 406 308 aulam
428 257 573 304 Ducis
599 256 836 307 Sabaudiae
875 274 1021 320 nuper
1051 255 1101 303 in
1128 255 1251 319 suam
1277 254 1499 301 ditionem
1532 252 1606 315 (t)
1649 252 1841 310 restituti

72 327 303 392 profeaus
333 324 408 370 est.
477 323 566 367 Sed
587 321 653 367 ibi
677 339 768 368 non
791 339 874 385 pro
897 323 971 385 spe
994 333 1224 384 acceptus,
1246 335 1353 367 cum
1374 318 1582 365 omniurn
1617 333 1768 363 rerum
1792 335 1841 363 e-

73 408 220 455 genus
242 388 397 437 omnia
417 384 799 446 circumspiceret,
842 388 1028 432 tandem
1049 386 1098 431 in
1137 383 1410 441 Morettium
1434 381 1598 434 incidit
1625 381 1720 442 jam
1742 395 1844 428 tum

78 455 225 504 Ducis
248 453 374 500 missu
395 450 482 496 iter
504 449 549 495 in
576 450 774 496 Scotiam
798 451 1114 496 adornantem.
1181 449 1322 497 Hunc
1349 464 1452 494 cum
1475 446 1651 494 secutus
1674 449 1731 493 eo
1765 463 1847 493 ve*

78 520 235 572 nisset,
271 533 356 564 nec
396 513 642 565 Morettius
664 513 804 559 homo
824 531 913 560 non
935 515 1186 560 admodum
1209 512 1414 576 copiosus
1437 528 1622 575 operam
1655 511 1751 571 ejus
1774 524 1852 557 aut

80 582 386 635 necessariam,
410 592 487 624 aut
513 577 669 623 utilem
696 578 776 624 sibi
799 578 1089 632 existimaret,
1114 578 1181 623 ibi
1203 577 1426 623 subsistere
1451 578 1656 641 paulurn,
1681 581 1721 621 Sc
1757 576 1852 622 for-

77 661 230 694 tunam
253 647 404 691 denuo
425 641 621 704 experiri
643 642 844 689 decrevit
869 661 878 687 :
913 643 968 688 eo
1009 643 1208 688 maxime
1231 642 1470 695 adduftus‚
1505 642 1633 706 quod
1656 640 1838 703 Regina

77 712 303 758 diceretur
322 707 609 755 cantionibus
633 707 763 753 valde
780 706 1017 761 obleetari‚
1042 723 1126 752 nee
1148 706 1242 768 ipsa
1264 706 1452 752 musices
1475 704 1667 752 omnino
1689 705 1868 767 impe-Q

78 776 166 822 rita
186 776 306 821 esset.
374 771 524 836 Igitur
546 783 595 816 ut
633 771 831 832 primum
873 771 954 816 sibi
988 771 1163 816 aditum
1204 770 1259 816 ad
1298 787 1398 816 eam
1423 769 1713 833 patefaceret,
1746 770 1848 834 egit

77 856 184 886 cum
198 837 476 888 cantoribus,
500 851 694 898 quorum
719 833 940 897 plaerique
957 835 1087 882 Galli
1108 847 1251 889 erant,
1274 848 1323 880 ut
1345 836 1462 881 inter
1478 852 1554 881 eos
1575 849 1845 898 appareret:

80 904 233 957 semel,
256 918 393 964 atque
412 901 579 946 iterum
609 899 791 946 auditus
823 901 995 962 placuit
1021 918 1031 946 :
1070 899 1308 962 statimque
1330 900 1378 945 in
1408 916 1564 946 eorum
1595 901 1847 965 collegium

41 1012 47 1015 a
78 967 382 1030 ascriptusest.
407 965 480 1013 Ibi
505 964 631 1010 brevi
652 981 756 1010 cum
779 963 970 1026 Regina:
990 964 1180 1017 sensum,
1206 977 1342 1027 atque
1369 980 1512 1009 mores
1535 965 1841 1019 intellexisset,

80 1033 247 1096 partim
270 1030 518 1083 adulandO,
543 1029 708 1091 partim
733 1028 844 1074 alios
866 1030 1088 1075 ministros
1114 1027 1664 1090 calumniando‘perseein
1687 1045 1736 1075 ut
1756 1047 1848 1076 nou

82 1099 260 1145 minore
283 1096 388 1141 esset
408 1095 527 1157 apud
544 1094 770 1155 Reginam
791 1092 953 1156 gratia,
978 1109 1117 1156 quarn
1137 1094 1464 1154 apudcaeteros
1487 1093 1612 1140 odio.
1680 1095 1850 1157 Neque

81 1174 236 1209 tamen
258 1161 347 1205 hoc
371 1158 565 1206 fortunae
590 1158 864 1204 blandientis
887 1158 1041 1204 favore
1060 1169 1319 1209 contentus,
1343 1173 1449 1202 cum
1472 1160 1667 1220 aequales
1687 1175 1847 1206 ornnes

82 1226 250 1288 partim
272 1224 455 1271 viliores
478 1222 664 1276 fecisset,
690 1221 852 1285 partim
873 1222 1008 1268 variis
1031 1221 1427 1268 criminationibus
1443 1223 1703 1284 expulisset,
1738 1241 1852 1285 pau·

25 1325 30 1328 -
80 1289 212 1337 latim
236 1291 473 1351 assurgere,
499 1291 547 1336 ὃ(
572 1286 745 1346 majora
786 1285 973 1348 negotia
1015 1288 1203 1332 tractare
1243 1284 1422 1347 coepit:
1459 1285 1607 1334 donec
1640 1288 1785 1350 (2)ab
1805 1304 1852 1335 e.

84 1355 257 1419 piliolis
282 1354 528 1414 assumptus
547 1353 651 1397 esset
674 1369 685 1397 :
725 1357 764 1396 δε
799 1352 888 1396 hoc
908 1362 1130 1411 praetextu
1154 1349 1381 1403 secretius,
1424 1356 1464 1397 δε
1488 1349 1680 1397 seorsum
1701 1353 1726 1397 a
1748 1354 1855 1399 vul-

83 1435 301 1483 golagere
321 1417 438 1463 cum*
452 1415 632 1478 Regina
666 1415 844 1477 posset„
890 1415 995 1478 jam
1039 1413 1319 1461 sermonibus
1354 1413 1592 1461 materiam
1623 1415 1762 1463 dabat
1784 1434 1854 1465 rea

86 1485 300 1547 pentinus
333 1481 534 1529 hominis
573 1493 751 1526 tantum
774 1496 865 1526 non
889 1479 1091 1526 mendici
1113 1479 1171 1525 ad
1193 1495 1302 1541 opes
1342 1495 1433 1526 non
1465 1480 1717 1529 mediocres
1746 1498 1854 1544 pro·

89 1549 275 1611 gressur,
293 1552 332 1596 dc
351 1544 704 1609 supravirtutem
721 1544 919 1595 fortuna.
937 1544 1067 1609 supra
1077 1543 1307 1590 fortunam
1323 1544 1596 1608 arrogantia,
1612 1550 1655 1592 δε
1667 1562 1732 1608 aeq
1742 1548 1859 1594 uali-

89 1630 167 1660 um
179 1624 487 1673 contemptus,
509 1613 556 1659 Sc
575 1624 683 1656 cum
705 1608 1008 1672 superioribus
1028 1608 1278 1656 aemulatio.
1304 1608 1473 1655 Alebat
1494 1611 1613 1655 hanc
1632 1610 1858 1660 vaniffimi

88 1676 288 1725 hominis
308 1676 524 1722 insaniam
539 1673 716 1738 magn'ae
729 1673 1160 1734 partis'nobiliorum
1173 1673 1393 1727 adulatio,
1410 1673 1490 1736 qui
1505 1674 1798 1738 amicitiamej
1808 1694 1858 1724 us

89 1741 336 1803 captabant
356 1739 609 1793 salutando,
628 1738 825 1791 orationi
838 1739 934 1800 ejus
948 1737 1283 1792 subserviendo,
1304 1737 1479 1784 foribus
1493 1739 1857 1797 obambulando,

90 1806 257 1859 exitus,
271 1804 414 1850 redit-c⁴
423 1803 529 1866 sque
540 1803 635 1864 ejus
649 1803 944 1850 observando.
971 1802 1105 1849 Unus
1121 1816 1273 1848 autem
1288 1802 1543 1857 Moravius,
1557 1803 1604 1848 iu
1617 1803 1744 1866 cujus
1758 1806 1858 1852 ani-

91 1886 170 1916 mo
194 1869 499 1916 nihilfimulat
517 1884 579 1913 ‘m
598 1867 761 1922 inerat,
787 1884 876 1915 non
894 1867 1034 1914 modo
1057 1883 1147 1913 non
1165 1867 1482 1921 assentabatur,
1508 1867 1581 1913 sed
1600 1873 1726 1914 vultu
1744 1871 1859 1931 plae-

47 1985 52 1995 Ι
91 1951 267 1997 runque
281 1950 388 1980 eum
406 1933 724 1993 aspernabatur
747 1951 757 1979 t
784 1949 889 1994 quae
903 1950 971 1978 res
995 1948 1086 1978 non
1109 1930 1259 1978 minus
1278 1930 1525 1994 Reginam,
1550 1949 1690 1994 quam
1712 1934 1862 1981 Davi-·

85 1999 198 2046 dem
233 1997 381 2060 ipsum
404 1997 682 2044 offendebat.
751 1998 836 2044 Ille
858 2009 1032 2050 contra,
1059 2008 1108 2042 ut
1133 1994 1379 2042 subsidium
1407 1996 1489 2042 sibi
1512 1997 1721 2045 adversus
1753 2000 1861 2047 odia

96 2079 336 2126 procerum
361 2073 662 2124 compararet,
694 2061 1029 2108 adolescentem
1060 2059 1218 2122 Regiis
1243 2061 1415 2121 nuptiis
1437 2061 1710 2110 destinatum
1731 2065 1863 2111 omni

92 2127 396 2175 assentationis
419 2144 586 2189 genere
608 2126 841 2173 ambiebat
865 2145 876 2173 ε
909 2127 956 2172 in
980 2141 1178 2187 eumque
1200 2124 1520 2173 familiaritatis
1539 2129 1736 2190 gradum
1759 2146 1863 2193 per-

93 2204 293 2249 venerat,
322 2204 370 2238 ut
391 2193 578 2245 lenum,
598 2191 881 2246 cubiculum,
918 2191 1195 2252 secreto-sque
1213 2189 1439 2237 sermones
1457 2193 1820 2240 communicaret
1844 2212 1859 2242 ε

91 2257 471 2320 persuaderetque
504 2255 780 2303 adolescenti
813 2258 998 2303 incauto
1027 2261 1099 2303 z&
1127 2255 1174 2301 in
1195 2254 1261 2309 id,
1286 2255 1412 2318 quod
1431 2256 1646 2318 cupiebat
1667 2258 1865 2319 proclivi

91 2322 362 2369 credulitate
382 2321 458 2367 sua
487 2321 687 2367 maxime
711 2337 850 2384 opera
874 2321 986 2375 fieri,
1009 2333 1058 2367 ut
1087 2319 1268 2383 Regina
1287 2321 1452 2366 oculos·
1478 2320 1526 2366 in
1545 2320 1678 2368 illum
1717 2320 1866 2384 conji-

27 2427 51 2436 .,
93 2400 233 2434 ceret.
302 2386 488 2433 Semina
508 2385 647 2433 etiam'
678 2385 1004 2433 discordiarum
1027 2391 1144 2431 inter
1164 2400 1290 2444 eum,
1330 2388 1380 2434 ὃς
1404 2384 1669 2432 Moraviurn
1698 2387 1866 2434 affidue

91 2449 280 2498 serebat.
348 2453 417 2498 Eo
439 2450 564 2497 enim
590 2451 732 2514 pulso,
771 2451 1002 2515 reliquum
1023 2450 1129 2496 vitae
1151 2449 1327 2496 cursum
1353 2449 1434 2496 fibi
1467 2449 1742 2498 inoffensum
1763 2452 1864 2500 fore

20 2532 23 2537 ‘
93 2515 394 2578 promittebat
413 2518 504 2579 (3).
1441 2572 1444 2574 ι

161 2582 314 2628 XLV.
333 2581 456 2627 Cum
469 2581 566 2642 jam
581 2582 672 2626 non
687 2578 866 2627 obscuri
878 2589 1081 2626 rumores
1094 2579 1394 2642 vulgarentur
1410 2595 1502 2626 non
1516 2578 1663 2628 solum
1676 2582 1732 2629 de
1746 2598 1867 2645 nup.

95 2643 172 2692 tiis
195 2645 408 2699 Henrici‚
430 2644 508 2692 sed
531 2644 669 2692 etiam
692 2644 749 2690 de
767 2644 944 2692 secretis
966 2645 1064 2704 ejus
1087 2659 1193 2690 cum
1215 2643 1398 2708 Regina
1417 2645 1722 2708 congressibus
1744 2665 1756 2693 ε
1780 2662 1866 2694 nec

26 2765 33 2772 ,
96 2709 206 2756 belli
226 2710 452 2758 sermones
475 2710 532 2756 de
554 2709 879 2757 Davidiscum
909 2726 961 2756 ea
976 2708 1285 2755 familiaritate
1306 2716 1638 2772 spargerentur,
1657 2708 1864 2758 Moravi-

97 2779 166 2828 tis,
187 2775 267 2838 qui
285 2777 401 2822 bene
419 2774 654 2822 mouendo
693 2773 810 2820 nihil
832 2774 955 2821 aliud
982 2789 1124 2836 quam
1163 2772 1324 2820 sororis
1347 2774 1514 2820 odium
1536 2775 1864 2837 assequebatur.

20 2878 29 2881 ,.
93 2838 245 2886 statuit
266 2840 324 2886 ab
347 2839 449 2893 aula
460 2839 682 2894 secedere,
702 2855 759 2884 ne
781 2854 951 2893 rerum,
975 2855 1079 2901 quae
1101 2839 1394 2901 gerebantur,
1416 2841 1571 2885 auCtor
1586 2840 1862 2886 crederetur.

97 2903 211 2951 Nec.
239 2903 620 2968 Reginamoleste
639 2903 813 2950 ferebat
830 2915 924 2950 tam
943 2903 1146 2950 severum
1160 2903 1383 2949 arbitrum
1404 2903 1566 2956 abesse,
1591 2918 1647 2949 eo
1664 2903 1867 2950 maxime

82 2979 323 3033 tempore,
347 2983 439 3032 quo
457 2966 710 3016 faffionem
731 2967 774 3014 ei
808 2968 1039 3015 adversam
1057 2967 1372 3021 confirmabat.
1439 2967 1608 3014 Exules
1629 2967 1753 3013 enim
1777 2970 1869 3015 Bo·

151 3097 217 3148 (1)
241 3099 400 3143 Charles
417 3098 518 3136 duke:
535 3099 581 3137 of
593 3100 710 3148 Savoy
736 3111 834 3136 anno
856 3097 955 3150 1536
1011 3095 1155 3134 French
1174 3095 1428 3144 intell-igence,
1448 3095 1558 3145 being
1574 3095 1668 3135 then
1683 3096 1866 3148 principa}

97 3165 174 3190 was
203 3153 331 3190 beaten
349 3161 414 3190 out
431 3154 476 3190 of
489 3154 548 3190 his
567 3166 652 3190 own
678 3153 890 3190 dominions
911 3153 958 3199 by
1009 3150 1202 3202 secretary.
1218 3167 1223 3171 ·

96 3205 129 3242 1²
133 3206 250 3242 rancis
268 3205 304 3242 Ι.
336 3206 432 3252 king
453 3204 504 3242 ‘of
517 3207 671 3252 France,
702 3207 774 3241 aud
808 3206 868 3242 his
893 3204 957 3251 son
1064 3204 1126 3253 (3)
1147 3203 1229 3239 Nec
1252 3201 1394 3239 invitus
1416 3201 1507 3240 fecit
1531 3203 1738 3251 Moravius,
1766 3204 1867 3242 inte-

42 3283 51 3286 -
99 3258 329 3295 {Emmanuel
348 3259 504 3297 restored
521 3259 619 3295 anno
640 3269 686 3309 15
694 3258 756 3309 58,
808 3266 810 3269 ·
895 3267 905 3273 “
1010 3256 1190 3304 gerrimus
1205 3268 1246 3291 ac
1265 3255 1391 3304 priscae
1422 3255 1621 3294 severitatis
1633 3258 1702 3305 vir,
1723 3258 1870 3309 (Livy's

124 3316 127 3317 ’
158 3308 223 3357 (2)
249 3310 312 3346 He
330 3323 403 3347 was
419 3312 527 3358 made
542 3310 720 3359 secretary
733 3309 791 3347 for
808 3310 837 3346 F
840 3307 955 3346 rench
1009 3308 1200 3345 character
1211 3308 1257 3344 of
1268 3309 1321 3346 T.
1342 3309 1513 3346 Manlius
1542 3311 1767 3361 TorquatuS,
1797 3312 1867 3350 lib.

103 3361 228 3400 affairs
259 3361 304 3411 by
321 3375 343 3399 a
363 3363 529 3411 political
546 3363 705 3411 draught
729 3362 777 3399 of
788 3362 854 3399 the
874 3362 955 3398 bre·
1009 3373 1076 3398 22.
1094 3374 1174 3410 cap.
1196 3360 1285 3409 60.)
1310 3369 1349 3398 et
1366 3362 1430 3411 qui
1446 3362 1630 3401 sermones
1657 3366 1701 3402 de
1721 3364 1869 3403 secretis

91 3415 215 3453 thren
226 3415 272 3452 of
279 3415 408 3461 Guise,
425 3414 509 3452 that
522 3415 568 3452 fir
578 3417 756 3453 William
769 3415 958 3452 Maitland
1011 3414 1120 3451 Rizii
1135 3426 1223 3451 cum
1241 3414 1367 3462 regina
1384 3416 1628 3464 congressibus
1641 3417 1867 3469 jam-passim

99 3469 151 3506 of
162 3469 384 3514 Lethinton,
399 3469 486 3506 who
504 3481 577 3505 was
596 3481 616 3505 a
634 3469 729 3506 stout
746 3469 958 3516 protestant,
1013 3480 1120 3516 aequo
1138 3467 1265 3506 animo
1293 3467 1387 3505 ferre
1406 3481 1480 3506 non
1500 3470 1625 3519 posset,
1660 3481 1702 3510 ut
1719 3472 1763 3510 ab
1784 3472 1869 3510 aula
1911 3467 1914 3470 Δ

48 3521 235 3579 έ-,ῡίἰιουίἀ
262 3531 330 3565 not
364 3522 407 3562 be
441 3531 508 3574 put
533 3534 631 3575 upon
663 3522 728 3564 the
756 3521 888 3567 secreta
917 3519 963 3559 of
1015 3520 1219 3569 secederet..
1236 3519 1423 3561 Thuanus'
1442 3523 1508 3563 lib.
1531 3535 1595 3575 37.

1769 3629 1871 3677 thu.
