2006 3858
367 135 664 201 Lrssun
740 131 1537 198 DEermthnoNUS.
1676 147 1813 211 5557

34 250 195 290 autem
219 233 351 283 aliter
371 232 427 279 de
449 250 503 279 eo
527 231 839 285 sentientibus,
866 243 1018 278 tamen
1039 228 1089 276 in
1112 225 1357 292 quaestion'e
1379 241 1531 274 rerum
1544 220 1809 285 capitalium

45 303 255 351 Glascuae
277 298 398 362 apud
416 299 660 359 Proregem
698 297 746 342 in
779 294 1100 343 ferventiflima
1138 305 1234 340 erat
1256 290 1417 356 gratia.
1485 291 1663 336 Verum
1705 303 1812 335 curn

45 384 141 419 rem
166 368 221 413 ad
242 376 471 413 certamen
493 362 688 423 speetare
705 361 897 414 videret,
922 360 1039 406 clam
1062 359 1119 405 ad
1143 357 1368 421 Reginam
1383 358 1442 404 est
1463 353 1709 419 prosettus.
1734 354 1813 398 In-

45 433 104 479 de
128 444 277 478 autem
299 443 405 476 cum
446 425 589 473 literis
611 425 754 471 filium
780 426 836 470 ad
876 423 1107 471 Comitem
1135 419 1423 470 Mortonium
1443 420 1576 474 misit,
1600 417 1815 464 excusans

18 536 20 538 ,
44 496 296 547 discessum„
319 505 455 552 atque
479 491 703 536 affirmans
727 489 768 537 se
791 489 968 536 fortasse
984 505 1074 534 non
1089 487 1240 533 minus
1255 486 1460 549 partibus
1472 483 1630 548 Regiis
1655 480 1816 544 prosu-

27 573 218 614 turum,
243 572 383 619 quam
402 556 432 601 fi
457 555 580 617 apud
601 570 678 607 eos
703 553 936 606 manfiffet.
989 551 1254 614 Ejusigitur
1270 550 1467 598 defectio
1489 560 1676 613 propter
1696 548 1817 597 mul·

49 637 199 671 torum
225 622 494 683 conceptam
518 619 575 664 de
594 617 798 670 moribus
821 618 859 678 ej
869 635 916 664 us
939 617 1207 681 opinionem
1229 630 1328 668 tum
1350 616 1580 679 praecipue
1601 611 1820 665 sermoni-

49 689 135 740 bus
159 685 399 733 hominum
423 684 562 730 dabat
585 682 858 729 materiam(
1364 682 1368 686 ”
1503 681 1509 683 ’

114 753 254 803 VIII,
288 751 468 799 Interea
489 749 537 794 in.
558 747 752 800 consiliov
780 746 903 809 apud
940 748 1187 811 Proregem
1222 745 1384 793 acriter
1404 745 1701 808 disputatum,
1724 743 1826 794 illie.

47 834 107 869 ne
133 827 382 867 manerent,
407 830 463 859 an
489 812 567 859 ubi
589 814 691 865 Rex
715 825 827 867 erat,
853 811 1101 858 Sterlinum
1126 812 1376 858 tranfirent.
1411 811 1555 856 Multi
1579 809 1826 856 vehemen-

48 895 118 929 ter
139 880 270 927 iltinc
293 878 522 931 discedere
543 877 807 926 suadebant.
823 897 834 905 s
877 877 1341 923 Commemorabatur
1361 874 1707 926 Hamiltonium
1741 891 1825 937 pa-

49 964 137 1009 gus
161 946 372 1009 frequens
395 943 442 988 in
466 943 743 1006 propinquo,
771 946 819 991 ὃς
843 941 982 988 totius
1003 941 1282 1003 ampliffimae
1297 940 1719 987 familiaeelientelae
1743 956 1827 985 un-

49 1011 193 1072 dique
217 1007 515 1062 circumfusae,
561 1013 608 1054 Sc.
645 1008 922 1055 advenerant
944 1022 1049 1052 cum
1074 1005 1254 1068 Regina
1292 1005 1472 1052 circiter
1509 1002 1755 1067 quingenti
1777 1020 1829 1050 e-

49 1077 223 1137 quites,
238 1080 285 1123 &x
305 1072 670 1124 &remotioribus
687 1071 825 1122 etiarn
839 1072 950 1117 locis
968 1071 1100 1117 multi
1121 1071 1364 1117 adventare
1383 1069 1668 1116 dicebantur.
1704 1069 1828 1115 Cum

51 1140 251 1202 Prorege
275 1138 353 1184 soli
395 1154 537 1200 prope
560 1136 824 1190 familiares,
852 1136 1027 1182 caeteris
1051 1135 1216 1197 partim
1240 1136 1298 1181 ad
1320 1135 1548 1197 Reginam
1564 1132 1827 1196 transfugis,

49 1204 222 1267 partim
247 1203 304 1250 ad
323 1202 399 1248 sua
417 1201 631 1264 cujusque
647 1202 850 1264 negotia,
875 1212 923 1246 ut
941 1202 988 1246 in
1011 1201 1146 1246 rebus
1170 1200 1369 1245 maxime
1388 1196 1648 1260 tranquillis
1671 1197 1830 1245 semim

52 1268 254 1331 dilapsis.
324 1268 382 1313 Et
403 1282 666 1329 quanquam
706 1265 1000 1313 Glascuenses
1023 1264 1124 1310 satis
1147 1263 1227 1310 fidi
1249 1263 1539 1316 videbantur,
1566 1274 1616 1309 ut
1648 1262 1706 1307 ab
1729 1263 1831 1308 Ha-

50 1332 280 1383 miltoniis
300 1347 454 1380 rerum
477 1330 758 1392 potientibus
778 1331 953 1384 multiS,
977 1335 1018 1377 δε
1043 1328 1220 1392 magnis
1242 1327 1553 1379 incommodis
1574 1327 1740 1382 affeffl,
1763 1339 1833 1372 ta·

53 1413 163 1451 men
185 1397 413 1460 oppidum
433 1395 578 1458 ipsum
605 1396 792 1449 vastum,
818 1410 901 1440 nec
925 1410 1008 1456 pro
1030 1393 1349 1457 magnitudine
1372 1391 1604 1455 frequens,
1630 1397 1670 1437 δι
1695 1391 1831 1438 undi-

55 1479 147 1525 que
170 1463 376 1525 pervium
397 1472 508 1508 erat.
559 1460 735 1507 Contra
756 1458 837 1505 alii
855 1459 1141 1514 differebant,
1167 1458 1323 1504 omnia
1340 1456 1434 1504 fere
1457 1458 1481 1509 ὲ
1505 1456 1669 1519 primis.
1686 1455 1832 1505 initiis
1859 1493 1863 1496 .

54 1528 271 1590 pendere.
341 1525 592 1574 Discessum
633 1523 732 1571 fore
753 1523 994 1579 infamem,
1021 1529 1059 1570 Sc
1081 1524 1202 1587 fugae
1225 1523 1509 1585 proximum,
1534 1520 1830 1584 suspitionem

53 1608 243 1638 omnem
264 1603 409 1639 metus
428 1602 528 1635 tum
548 1588 746 1640 maxime
768 1588 1019 1643 vitandam,
1041 1605 1097 1635 ne
1119 1593 1168 1637 δε
1187 1587 1382 1634 hostium
1401 1586 1576 1649 animos
1591 1598 1830 1649 auge—rent,

56 1661 97 1703 δε
122 1656 302 1702 suorum
325 1654 670 1708 imminuerent,
710 1654 796 1700 effe
816 1653 864 1699 in
889 1653 1151 1716 propinquo
1172 1664 1382 1715 potentes
1404 1651 1602 1702 familias
1623 1651 1832 1713 Cuniga-

55 1719 276 1774 miorum,
297 1726 336 1766 δε
362 1719 672 1781 Se-mpliorum
692 1736 705 1765 ι
737 1720 821 1771 esse
836 1718 893 1764 ab
915 1719 1056 1765 altera
1080 1730 1212 1781 parte·
1227 1717 1469 1763 Leviniam
1494 1715 1639 1778 Regis
1660 1715 1834 1777 peculi-

59 1801 134 1837 are
159 1784 490 1846 patrimonium
516 1802 526 1830 :
564 1783 672 1829 inde
694 1783 930 1847 proximos
953 1784 1073 1829 intra
1095 1799 1261 1846 paucas
1292 1782 1445 1836 horas,
1469 1781 1670 1842 reliquos
1712 1781 1835 1843 post-

62 1847 196 1902 ridie,
222 1860 299 1894 aut
322 1861 442 1895 certe
466 1848 600 1895 tertio
619 1848 694 1894 die
715 1849 951 1901 affuturos.
1021 1849 1201 1895 Interea
1225 1848 1335 1894 dum
1360 1844 1685 1909 longinquiora
1706 1844 1837 1890 auxi-

58 1913 122 1960 lia
143 1912 458 1967 convenirent,
503 1913 555 1966 in
578 1912 649 1960 hia
671 1913 772 1966 satis
807 1911 1006 1976 praesidi-i
1040 1912 1264 1974 adjund'tis
1287 1910 1540 1974 praesertim
1572 1909 1837 1977 oppidanis,

62 1977 177 2028 fore.
821 1976 825 1980 ’
1305 1978 1308 1981 ’

124 2043 211 2088 ΙΧ.
250 2042 368 2095 Haec
391 2041 613 2095 sententia
635 2042 682 2089 in
701 2041 892 2090 confili'o
911 2041 1039 2091 vicit.
1107 2045 1309 2107 Legatus
1335 2042 1505 2089 Gallus
1538 2042 1675 2095 ultro,
1700 2040 1843 2086 citro-

59 2123 151 2169 que
171 2108 476 2173 commeabat,
500 2107 643 2170 magis
666 2108 937 2170 speculator,
961 2125 1099 2171 quam
1123 2108 1193 2163 id,
1206 2108 1336 2172 quod·
1354 2107 1591 2155 simulabat
1631 2107 1843 2168 pacifica-

59 2185 150 2220 tor.
196 2172 342 2224 ¹Nam
376 2188 482 2221 cum
505 2172 640 2225 initio
662 2173 816 2236 copias
841 2172 1053 2226 Glascuae
1083 2174 1290 2236 exiguas,
1334 2171 1456 2219 circa
1493 2171 1840 2221 Hamiltonium

64 2232 376 2288 multitudinis
400 2253 582 2300 magnae
605 2237 800 2300 speciem
823 2237 1017 2292 vidisset,
1043 2239 1273 2302 Reginam
1317 2239 1491 2284 strenue
1513 2238 1569 2283 ad
1611 2236 1844 2282 fortunam

63 2300 326 2349 certaminis
349 2300 632 2364 subeundam
655 2302 906 2350 animabat.
928 2303 1030 2362 Jam
1055 2305 1223 2350 Prorex
1243 2301 1448 2350 collec‘lis
1472 2303 1495 2349 ὲ
1518 2301 1631 2349 locis
1651 2299 1844 2365 propio-

7 2384 26 2405 ι’
63 2366 193 2413 ribus
216 2360 394 2420 amicis,
418 2366 768 2430 longinquiores
789 2367 815 2414 ὲ
838 2367 1035 2422 Marcia,
1076 2372 1127 2416 δε
1169 2368 1397 2414 Lothiana
1420 2367 1706 2429 expeEtabat.
1759 2365 1846 2412 ‘Hi

27 2432 32 2434 “
66 2446 176 2477 cum
207 2430 491 2482 advenissent,
527 2431 707 2478 circiter
737 2431 935 2478 sexcenti
967 2431 1306 2478 leftiffimorum
1338 2432 1559 2485 virorum,
1587 2446 1679 2477 uno
1700 2430 1766 2476 eis
1790 2431 1849 2477 ad

66 2495 274 2558 quietem
317 2495 393 2541 die
426 2496 535 2547 dato
576 2497 788 2548 statuerat
810 2496 867 2542 ad
905 2497 1250 2544 Hamiltonium
1280 2495 1523 2560 proficisci,
1547 2512 1597 2542 ac
1616 2496 1795 2558 praeliO,
1817 2496 1849 2542 fi

66 2561 228 2623 posset,
253 2559 399 2606 statim
423 2560 684 2607 decernere.
753 2562 940 2613 Moram
960 2560 1084 2607 enim
1120 2561 1207 2608 suis
1230 2560 1434 2616 noxiam,
1462 2561 1663 2612 hostibus
1689 2561 1850 2608 utilem

59 2624 397 2679 arbitrabatur,
424 2637 472 2675 ut
493 2625 662 2688 quibus
683 2625 987 2674 remotiffimae
1008 2625 1145 2689 regni
1176 2635 1326 2690 partes
1368 2626 1601 2673 favebant.
1670 2628 1853 2673 Interea

68 2689 289 2752 perendie
306 2688 431 2736 illius
458 2689 551 2736 diei
574 2690 630 2736 de
654 2689 787 2737 tertia
804 2689 969 2753 vigilia
1003 2690 1052 2742 fit
1074 2691 1263 2746 certior,
1301 2691 1446 2738 hostes
1471 2691 1495 2738 ἐ
1517 2692 1744 2755 pluribus,
1771 2689 1852 2737 ubi

23 2790 29 2795 .
70 2752 416 2814 diversabantur
445 2754 558 2802 locis
581 2755 701 2819 cogi.
770 2755 983 2803 Numero
1004 2755 1127 2801 enim
1155 2756 1323 2811 confisi,
1348 2757 1474 2819 quod
1497 2756 1629 2820 supra
1651 2756 1724 2803 sex
1747 2754 1854 2802 mil·

68 2816 158 2872 lia,
194 2824 236 2864 δε
261 2818 541 2882 quingentos
562 2819 610 2866 in
646 2818 781 2867 armis
819 2819 1050 2866 habebant
1069 2836 1082 2867 ε
1126 2820 1418 2884 sciebantque
1453 2822 1577 2884 apud
1606 2823 1851 2884 Proregem

70 2881 152 2928 vix
174 2883 311 2945 plena
332 2896 531 2945 quatuor
565 2884 713 2931 millia
733 2886 835 2932 effe.
902 2885 1222 2935 Decreverunt
1243 2898 1394 2933 autem
1419 2898 1583 2948 praeter
1606 2886 1854 2932 Glascuam

73 2946 244 2994 ducere
269 2965 280 2994 :
317 2964 370 2994 ac
382 2948 564 3012 Regina
585 2950 632 2997 in
655 2964 758 2997 arce
780 2949 1117 2997 Britannoduni
1134 2950 1307 3005 relifta,
1333 2951 1508 3001 bellum
1531 2951 1610 2996 suo
1633 2950 1855 2996 arbitratu

0 3023 1 3032 ¹
73 3012 149 3058 vel
169 3028 346 3076 gerere,
370 3014 443 3060 vel
466 3015 632 3064 ducere
657 3032 669 3061 :
714 3026 793 3062 aut
816 3016 847 3062 si
869 3016 1038 3066 Prorex
1064 3015 1207 3077 (quod
1232 3031 1324 3066 non
1347 3016 1604 3077 sperabant)
1642 3014 1684 3062 se
1707 3014 1756 3061 in
1779 3015 1858 3061 iti·

46 3090 184 3138 „nere
207 3077 619 3138 objeciffet‚,statim
642 3080 913 3144 confligere⁸>
976 3079 1146 3141 Neque
1165 3079 1222 3127 de
1244 3079 1507 3128 certaminis
1525 3091 1695 3127 eventu
1719 3079 1859 3128 dubi·

67 3139 244 3188 tabant.
1826 3172 1846 3191 ,-

144 3205 204 3252 Χ.
238 3206 324 3256 Ille
348 3223 476 3263 vero,
510 3220 560 3255 ut
583 3207 664 3271 qui
687 3208 807 3255 ultro
825 3208 970 3259 hostes
993 3224 1243 3272 provocare
1281 3211 1339 3258 ad
1362 3225 1594 3260 certamen
1627 3211 1857 3271 statuerat,

77 3282 185 3316 cum
205 3270 405 3332 primum
428 3273 528 3325 suos
551 3274 746 3319 educere
769 3273 937 3335 potuit,
962 3286 1068 3321 ante
1080 3275 1305 3337 oppidum
1330 3276 1378 3324 in
1401 3276 1573 3339 campis
1595 3278 1859 3339 patentibus

14 3351 30 3385 ς
75 3332 172 3395 qua
192 3334 338 3381 hostes
362 3348 576 3384 venturos
613 3336 917 3392 existimabat,
956 3340 1055 3385 acie
1092 3339 1305 3388 instructa
1340 3341 1518 3406 aliquot
1552 3343 1685 3389 horas
1721 3344 1858 3392 stetit.

79 3397 174 3443 Sed
193 3413 301 3444 curn
335 3416 501 3463 agmen
541 3417 702 3448 eorum
742 3401 958 3451 ulteriore
982 3403 1186 3451 fluminis
1225 3406 1326 3469 ripa
1364 3410 1438 3471 agi
1464 3407 1654 3462 videret,
1699 3423 1858 3462 eorum

1 3499 25 3529 ·-
82 3461 272 3508 confilio
299 3464 444 3510 statim
469 3464 723 3520 intellefitm
747 3468 796 3515 δε
818 3466 911 3529 ipse
935 3467 1033 3514 suos
1055 3469 1232 3531 pedites
1255 3487 1336 3534 per
1353 3483 1564 3535 pontem,
1580 3471 1758 3535 equites
1782 3491 1863 3537 per

81 3525 198 3574 uada
218 3527 326 3575 aestu
350 3528 486 3576 maris
511 3541 609 3578 tum
632 3529 777 3578 libera
791 3530 1059 3597 transmissos
1081 3533 1333 3585 Lanfidum
1354 3547 1512 3601 petere
1527 3536 1667 3600 jussit.
1716 3539 1864 3586 Vicus
1927 3586 1931 3588 ,

1823 3601 1863 3649 is
