2106 3838
258 151 380 220 128
552 153 920 236 *RERUM
1010 150 1694 223 ScoTICARUM

250 254 435 300 tandem
457 253 594 300 noelu
617 252 922 299 dormientem
945 245 1003 296 ab
1025 266 1078 296 ea
1100 251 1441 314 strangulatum.
1509 254 1770 316 Qiaestione
1810 256 1868 305 de
1892 274 2015 307 mor-

250 328 299 362 te
331 317 427 378 ejus
456 317 612 363 habita
633 333 736 362 cum
760 313 1010 360 amicorum
1033 314 1224 376 plurimi
1247 314 1628 375 insimularentur,
1671 335 1756 366 nec
1776 320 2018 396 quisquam

251 393 311 427 ne
327 381 374 429 in
396 380 659 445 gravissimis
676 378 865 441 quidem
885 378 1121 425 tormentis
1140 378 1389 443 quicquam
1407 381 1639 438 fateretur,
1662 383 1828 431 mulier
1843 387 1934 432 alio
1972 387 2019 433 ui

252 444 381 504 ferox
407 458 473 491 tot
494 443 785 490 innoxiorum
807 441 1008 504 capitum
1030 443 1209 491 miserta
1229 444 1276 491 in
1295 445 1497 502 medium
1520 447 1726 509 proceflit
1770 466 1781 495 :
1827 464 1880 495 ac
1902 465 1927 495 e
1968 468 2019 497 u-

252 508 432 572 periore
454 510 554 554 loco
577 507 748 552 ezr-dem
772 506 862 560 ase
880 506 1044 554 saetam
1068 508 1278 563 confessa,
1305 526 1362 555 ne
1396 509 1455 555 ad
1475 510 1728 560 ludibrium
1759 512 2015 575 superesset,

253 575 409 634 peSrus
439 572 582 617 cultro
607 569 850 616 transfodit
871 587 882 618 ε
923 572 1048 635 quod
1070 573 1166 634 ejus
1189 573 1357 620 factum
1380 572 1507 620 varie
1541 591 1624 637 pro
1645 576 1861 640 cujusque
1883 576 2017 642 inge-

255 637 334 683 nio
352 639 409 682 cst
429 647 664 696 acceptum
692 653 702 681 :
737 650 787 681 ac
809 635 999 698 perinde
1022 635 1299 684 sermonibus
1327 635 1626 686 celebratum.
1681 681 1686 687 .

259 714 288 725 “’
935 719 1111 768 LXIV.
1144 722 1185 768 R
1208 722 1245 768 E
1269 722 1328 768 X.

324 796 402 842 LI.
441 795 467 839 S
482 795 519 840 E
533 795 642 857 QU
660 796 679 840 l
695 796 741 842 T
756 796 802 843 U
819 797 860 842 R
888 797 987 842 Rex
1008 796 1266 843 Solvathius
1289 795 1488 860 Eugenii
1507 796 1655 844 octavi
1675 796 1792 844 filius
1814 816 1825 844 ε
1849 797 1930 860 qui
1952 796 2022 844 ni-

255 860 287 905 fi
311 858 444 905 tertio
472 857 603 921 regni
625 876 746 906 anno
775 877 800 906 e
832 859 1002 923 frigore
1028 861 1278 923 podagram
1302 860 1606 916 contraxisset,
1645 862 1746 923 jure
1763 861 1881 908 inter
1901 860 2023 924 opti-

256 940 352 969 mos
376 924 525 986 Reges
545 922 831 970 annumerari
853 925 1097 985 potuisset:
1133 924 1278 970 nihilo
1313 937 1464 970 tamen
1504 925 1654 972 minus
1686 926 1909 972 tumultus
1945 942 2025 988 per

254 987 492 1050 praefeftos
511 987 715 1043 confili‹›‚
740 992 788 1036 δε
809 988 1052 1051 prudentia
1074 987 1258 1035 sedavit.
1301 988 1477 1034 Primus
1499 990 1625 1034 velut
1647 989 1703 1035 de
1727 992 1854 1053 Rege
1873 991 1934 1036 ob
1951 990 2023 1036 in-

255 1052 514 1098 firmitatem
539 1053 706 1113 pedum
728 1052 903 1101 securus
926 1055 997 1116 (1)
1015 1053 1255 1099 Donaldus
1280 1054 1429 1100 Banus
1451 1052 1559 1113 (hoc
1576 1053 1637 1099 est
1658 1054 1808 1113 albus)
1826 1069 2024 1114 occupa-

256 1118 312 1162 tis
335 1116 547 1163 omnibus
570 1115 725 1162 insulis
748 1116 1108 1164 occidentalibus
1132 1118 1307 1181 Regem
1333 1117 1375 1164 se
1398 1117 1687 1163 AEbudarum
1713 1130 1860 1164 vocat.
1929 1117 2025 1164 De-

255 1179 363 1228 inde
397 1181 445 1226 in
485 1181 797 1227 continentem
817 1181 863 1228 in
902 1183 1033 1228 ress'us
1058 1182 1166 1228 dum
1193 1181 1397 1245 undique
1417 1181 1591 1242 praedas
1623 1198 1647 1228 a
1682 1180 1735 1236 it,
1778 1182 1803 1227 a
1827 1181 2026 1229 Cullano

258 1245 652 1308 Argadxelffirum,
695 1251 732 1292 δε
758 1200 973 1293 Βυεὲτιῖο
996 1246 1291 1293 Atholiorum
1313 1245 1538 1310 praefeffis
1572 1243 1618 1293 in
1645 1199 1827 1300 (galtum,
1860 1245 1941 1309 qui
1974 1263 2025 1292 u-

258 1326 366 1356 num
392 1311 530 1356 modo
551 1310 724 1356 exitum
744 1310 957 1363 habebat,
979 1310 1238 1373 compulsus
1260 1327 1365 1358 cum
1385 1309 1470 1356 suis
1491 1309 1647 1357 frustra
1669 1326 1906 1372 erumpere
1926 1323 2024 1356 ten-

257 1374 460 1443 tantibus
483 1373 618 1436 periit
640 1375 766 1421 nullo
785 1373 1014 1437 superstite
1036 1371 1209 1421 relicto,
1277 1376 1450 1422 Eadem
1473 1375 1548 1438 spe
1584 1380 1630 1421 ὅ(
1647 1374 1835 1421 audacia
1860 1373 2025 1420 Gilco-

257 1439 441 1485 lumbus
465 1438 779 1485 Gallovidiam
811 1437 836 1484 ῖι
858 1454 985 1501 patre
1007 1454 1214 1486 vexatam
1243 1440 1485 1502 aggreffuS‚
1524 1438 1581 1484 ab
1614 1440 1779 1487 eisdem
1806 1437 2026 1502 praeseftis

256 1501 398 1548 victus
425 1519 581 1564 poenas
604 1502 706 1549 luit.
784 1504 876 1549 Pax
906 1504 1078 1551 interea
1102 1505 1159 1550 ab
1178 1504 1361 1567 Anglis,
1388 1510 1425 1550 Sc
1451 1502 1586 1550 Pictis
1610 1504 1744 1549 rebus
1763 1519 1920 1549 corum
1944 1503 2026 1547 do-

258 1567 323 1616 mi
343 1567 532 1613 turbatis
556 1566 659 1612 suit.
710 1567 969 1613 Solvathius
997 1583 1102 1615 cum
1126 1567 1293 1629 viginti
1310 1568 1438 1615 annis
1461 1568 1706 1630 pra-fuisset
1729 1584 1834 1615 cum
1854 1566 2027 1613 summa

257 1631 392 1678 laude
407 1630 616 1685 moritur,
635 1647 753 1677 anno
775 1647 801 1676 a
820 1631 1001 1678 Christo
1024 1646 1130 1679 nato
1154 1636 1262 1694 787.

958 1715 1107 1761 LXV.
1140 1714 1182 1760 R
1207 1715 1244 1760 E
1266 1715 1323 1759 X.

321 1786 428 1834 L11.
467 1788 513 1834 H
530 1788 668 1835 UIC
703 1786 899 1834 successit
921 1786 1121 1833 Achaius
1146 1785 1262 1833 filius
1286 1787 1442 1834 Etfini.
1509 1784 1604 1832 Hic
1626 1800 1738 1848 pace
1758 1785 1816 1832 ab
1841 1785 2025 1849 Anglis,

259 1856 299 1898 δι
325 1850 461 1899 Pictis
484 1865 611 1913 parta
629 1868 732 1898 cum
758 1853 813 1898 ab
837 1851 1065 1898 Hibernia
1087 1851 1253 1898 bellum
1276 1850 1437 1899 instare
1458 1849 1754 1913 intelligeret,
1771 1866 1860 1897 non
1885 1851 2025 1897 modo

258 1916 431 1975 labore,
468 1916 539 1963 sed
563 1916 698 1962 etiarn
721 1915 994 1962 liberalitate
1018 1915 1411 1976 seditiones-domi
1435 1914 1624 1976 jamjam
1646 1927 1881 1978 erupturas
1901 1928 2031 1961 com-

258 1981 423 2042 posuit.
478 1980 623 2027 Causa
644 1980 754 2027 bclli
778 1980 1023 2027 Hibernici
1047 1980 1144 2026 lia-c
1169 1978 1272 2026 fuit.
1332 1979 1587 2042 '‘Superiore
1611 1979 1740 2042 Rege
1763 1979 1821 2026 ad
1839 1978 2029 2038 expedi-

257 2046 407 2094 tiones
429 2045 663 2092 obeundas
685 2043 892 2092 invalido
912 2043 1131 2098 Hiberni‚
1157 2049 1196 2091 Se
1222 2043 1420 2090 Insulani
1451 2043 1526 2105 spe
1546 2043 1728 2104 praedae,
1754 2047 1800 2092 ὅτ
1826 2041 2028 2103 impuni-

259 2113 363 2158 tatis
394 2110 555 2157 eodem
579 2123 785 2173 tempore
807 2125 911 2155 cum
943 2108 1123 2173 magnis
1156 2108 1432 2156 exercitibus
1457 2108 1502 2153 in
1530 2107 1794 2153 Canteriam
1817 2105 2030 2169 peninsu-

258 2177 350 2222 lam
376 2173 632 2237 proximam
655 2173 991 2221 cxscenderant.
1061 2174 1310 2220 Contrafto
1333 2185 1482 2220 autem
1513 2171 1633 2218 inter
1655 2173 1850 2218 latrones
1884 2183 2029 2218 certa-

260 2240 385 2287 mine
408 2237 721 2286 Insulanorum
745 2237 895 2293 multi,
922 2237 1122 2294 Hiberni
1143 2238 1330 2285 univerfi
1354 2237 1544 2299 periere.
1581 2237 1716 2284 Hanc
1739 2235 1914 2282 cladem
1938 2236 2029 2282 Hi-

259 2304 390 2352 berni
427 2316 475 2350 ut
497 2303 826 2352 ,ulciscerentur
850 2318 1065 2367 magnam
1100 2303 1277 2354 classem
1299 2302 1522 2349 ornabant
1554 2301 1611 2348 ad
1644 2299 1956 2362 trajiciendum
1982 2299 2029 2346 in

261 2368 489 2417 AEbudas.
554 2368 757 2416 Achaius
780 2384 885 2415 cum
914 2384 997 2430 per
1030 2367 1205 2431 legatos
1236 2367 1488 2414 ostenderet
1523 2366 1696 2415 nullam
1721 2364 1885 2426 justam
1919 2364 2031 2422 belli

259 2433 437 2481 causam
459 2432 561 2488 effe,
585 2433 714 2495 quod
731 2433 927 2480 latrones
952 2432 1009 2479 de
1031 2431 1187 2494 praeda
1206 2443 1462 2496 pugnantes
1482 2430 1652 2478 mutuis
1674 2429 1937 2476 vulneribus
1956 2444 2030 2474 ce-

259 2497 473 2553 ciderint,
509 2513 658 2560 neque
680 2497 808 2560 quod
839 2496 974 2544 multi
996 2494 1234 2560 perierint,
1265 2495 1341 2543 sed
1362 2495 1489 2558 quod
1512 2494 1754 2558 quisquam
1773 2491 1960 2540 evaserit
1981 2492 2030 2540 in

260 2563 430 2617 damno
452 2561 719 2624 ponendum
741 2562 843 2609 esse.
929 2561 999 2608 Re
1035 2577 1129 2616 em,
1153 2563 1203 2612 ὃς
1224 2558 1460 2618 confilium
1480 2558 1716 2621 publicum
1743 2557 1857 2604 adeo
1878 2556 1936 2603 ab
1958 2555 2030 2603 in-

259 2625 449 2682 ferenda
469 2624 692 2672 Hibernis
715 2623 882 2688 injuria
901 2577 1063 2680 abesse,
1089 2637 1139 2673 ut
1159 2624 1298 2672 caedis
1320 2640 1464 2688 nuper
1484 2623 1614 2671 'factae
1646 2623 1849 2670 auctores
1872 2637 2032 2668 omnes

258 2691 319 2738 ad
342 2705 484 2738 unum
505 2689 771 2743 sustulerint.
805 2690 927 2737 Cum
946 2689 994 2737 in
1010 2689 1130 2738 hanc
1152 2689 1418 2737 sententiam
1432 2688 1578 2735 multa
1595 2687 1636 2734 le
1672 2686 1736 2733 ati
1751 2686 2030 2739 dissererent.

260 2755 375 2809 adeo
397 2752 610 2803 ferociter
631 2753 690 2802 ab
720 2753 941 2802 Hibernis
963 2753 1066 2802 sunt
1086 2749 1258 2816 rejecti,
1296 2765 1346 2800 ut
1367 2764 1471 2800 ante
1492 2704 1724 2799 discessffim
1741 2766 1901 2799 eorum
1922 2748 2032 2797 clas·

313 2873 376 2925 (Ἰ)
404 2872 504 2912 ‘nris
520 2872 553 2910 is
569 2872 637 2925 the
654 2872 788 2911 service
812 2871 940 2911 which
959 2884 1033 2910 was
1056 2871 1122 2911 the
1175 2871 1242 2910 the
1255 2871 1376 2922 joyful
1397 2883 1497 2909 news
1519 2869 1565 2909 of
1576 2869 1731 2925 vistory,
1761 2868 1797 2907 so
1827 2867 2031 2918 unexpest-

259 2927 487 2966 occasion-of
497 2927 738 2975 celebrating‚
758 2926 828 2964 and
846 2926 1028 2975 assuming
1056 2925 1123 2963 the
1176 2926 1260 2975 edly
1270 2923 1467 2976 purchased
1485 2923 1610 2973 by-the
1621 2924 1749 2960 valour
1760 2922 1804 2960 of
1809 2921 1887 2959 this
1899 2921 2029 2959 noble-

260 2980 618 3023 hononrablessname
634 2979 680 3018 of
691 2978 869 3029 Dugluss5
883 2979 944 3017 for·
955 2978 1032 3017 this
1044 2979 1123 3016 Do-
1176 2989 1265 3019 man
1298 2979 1369 3015 and
1397 2977 1456 3015 his
1474 2977 1555 3024 son,
1570 2977 1701 3014 whom
1725 2975 1838 3014 when
1853 2974 1920 3012 the
1938 2974 2035 3022 king

261 3035 349 3072 nald
367 3034 478 3082 being
495 3029 657 3072 inclose'd
697 3031 743 3083 by
770 3027 836 3071 fhe
863 3032 1125 3081 king‘s-army
1177 3030 1284 3069 anteat
1302 3031 1373 3078 sor,
1404 3031 1434 3069 it
1448 3044 1523 3069 was
1540 3029 1727 3077 agswered
1751 3029 1835 3068 him
1853 3027 1894 3066 in
1909 3027 2034 3071 the]-

263 3085 304 3124 in
318 3101 338 3124 a
358 3100 501 3124 narr-ow
519 3088 638 3136 place,
657 3088 727 3124 and
745 3085 967 3136 desperately
986 3084 1120 3134 setting
1172 3084 1248 3123 rissr
1262 3094 1412 3133 tongue,
1433 3083 1518 3141 (the
1536 3084 1665 3138 vulgat
1681 3084 1859 3132 ranguage
1869 3081 2033 3119 ofScot·

264 3140 363 3189 'upmr
381 3140 446 3176 the
465 3139 591 3188 king's
611 3151 727 3190 army,
762 3138 836 3177 had
869 3148 935 3189 put
951 3138 1058 3178 them
1080 3147 1120 3175 to
1175 3139 1259 3175 land
1279 3149 1317 3175 at
1346 3137 1427 3175 that
1445 3136 1558 3189 tjme)
1593 3137 1780 3175 Suos-ro
1802 3133 1869 3172 Du
1889 3145 2028 3180 οιΑε,

263 3202 362 3237 tout,
406 3192 518 3230 when
553 3206 575 3230 a
604 3194 745 3231 certain
776 3192 992 3239 nobleman,
1025 3190 1119 3229 with
1174 3190 1257 3228 that
1270 3191 1316 3238 is,
1332 3189 1468 3229 behold
1483 3189 1553 3228 the
1567 3181 1684 3227 black
1697 3200 1784 3238 gray
1799 3183 1905 3234 man,
1920 3184 1979 3225 for
1996 3183 2033 3223 so

263 3244 324 3283 his
343 3245 406 3282 son
424 3247 493 3283 and
512 3245 663 3292 friends,
682 3259 785 3284 came
799 3256 839 3286 to
864 3245 1118 3291 theifrescue,
1174 3243 1241 3282 the
1257 3244 1366 3289 other
1383 3243 1549 3293 designed
1574 3242 1673 3290 him,
1705 3242 1801 3280 from
1817 3239 1877 3278 his
1894 3240 2034 3285 colour,

265 3300 335 3338 and
355 3297 392 3336 so
409 3301 633 3346 encouraged
648 3299 712 3338 the
724 3300 845 3350 ssyen,
856 3301 928 3337 and
938 3297 1120 3350 ,affiight-
1177 3297 1286 3346 being
1315 3297 1489 3346 ignorant
1503 3295 1559 3337 ms
1580 3295 1768 3342 hitname
1788 3309 1801 3344 ς
1847 3293 1894 3343 by
1907 3289 2035 3342 which

265 3349 390 3388 ed-the
406 3352 577 3397 standers,
600 3346 698 3390 'that
709 3343 910 3403 theytoolc
924 3350 997 3390 the*
1013 3351 1123 3400 flight
1175 3363 1285 3388 name
1303 3351 1544 3391 orsnowo
1563 3349 1759 3387 Duatas
1778 3346 1855 3437 (ζέε
1869 3358 1953 3384 own
1972 3345 2039 3382 be·

263 3405 338 3441 ond
350 3413 452 3441 were
470 3404 520 3441 an
536 3403 658 3441 killed
666 3405 769 3446 -w‘fih
786 3404 855 3444 the
873 3404 1024 3456 usurpet
1040 3404 1121 3442 Do-
1176 3403 1240 3452 ing
1249 3401 1536 3455 therebyburied
1548 3401 1588 3440 in
1600 3400 1787 3451 obliviosi)
1850 3398 1880 3436 is
1890 3397 2035 3436 known

264 3457 353 3500 mh!
364 3455 472 3498 2their
488 3457 632 3505 captain
639 3483 648 3492 .
669 3458 756 3496 The
765 3459 864 3507 king
872 3458 984 3507 being
992 3461 1121 3497 adver-
1177 3466 1217 3493 to
1228 3456 1410 3506 posterity.
1421 3459 1424 3464 '
1476 3456 1549 3494 For
1559 3453 1642 3492 this
1651 3453 1787 3493 service
1794 3451 2037 3500 kingsssolva—

265 3508 358 3565 tif&
374 3508 420 3549 of
428 3507 498 3547 the.
508 3508 649 3552 hazard
660 3510 703 3547 of
717 3510 776 3549 his
792 3524 914 3561 army,
926 3524 1005 3557 ’με
1019 3523 1124 3555 oon-
1178 3509 1282 3549 thius
1307 3510 1459 3558 garbe-to
1470 3508 1567 3549 ¹*him
1584 3509 1689 3549 lande
1699 3501 1961 3549 in-otidflale.
1992 3512 2034 3542 ω

268 3559 506 3617 iugvtoffheir
519 3560 771 3611 tescnqwhen
780 3564 923 3606 henas
940 3573 1019 3604 met
1032 3564 1126 3606 with
1181 3562 1311 3602 which
1322 3562 1375 3603 he.
1387 3559 1549 3615 imposed
1566 3559 1631 3601 the
1641 3571 1758 3602 name
1773 3558 1820 3612 οξ
1827 3554 2000 3611 9⁸8⁸ss
