2085 3864
500 190 828 256 Luam
921 185 1344 252 SEXTUS.
1439 199 1441 205 ⁴
1696 206 1816 274 143

64 293 196 344 eulae,
221 291 346 352 cujus
371 302 513 338 mater
541 290 636 350 ejus
668 285 775 333 artis
796 282 985 331 infamia
1005 286 1258 342 laborabat,
1291 297 1432 333 totam
1457 301 1553 332 rem
1573 286 1825 348 deprehen-

65 358 151 409 dit,
175 373 227 402 ac
246 355 435 402 detexit.
503 349 806 399 Puella'enim
827 351 956 412 quod
971 350 1032 396 de
1054 351 1193 398 salute
1215 351 1374 414 Regis,
1414 366 1466 396 ac
1489 351 1576 396 fine
1598 351 1701 397 vitae
1719 369 1826 414 pro—

64 420 201 467 ximis
224 419 384 466 diebus
415 417 626 480 quaedam
662 430 830 461 temere
864 414 1100 468 effudisset,
1138 429 1269 478 capta
1290 415 1433 462 statim
1469 414 1698 477 ostentatis
1735 429 1827 462 tor-

64 483 230 532 mentis
248 484 358 546 quid
380 482 427 528 in
449 479 592 541 Regis
612 479 806 526 exitium
828 491 1076 540 pararetur,
1091 478 1330 527 indicavit.
1366 478 1483 526 Missi
1507 478 1674 529 milites
1697 481 1828 543 puel-

65 550 122 595 1ae
148 546 337 594 matrem
360 562 465 593 cum
487 539 663 608 aliquot
686 542 963 590 mulierculis
985 542 1184 605 effigiem
1205 544 1348 608 Regis
1377 561 1552 591 ceream
1574 544 1699 591 lento
1720 545 1830 609 igne

70 625 291 659 torrentes
314 599 633 672 comperiunts
687 608 740 654 Id
762 606 934 653 facinus
958 609 1013 653 eo
1039 607 1270 662 tendebat,
1313 621 1363 656 ut
1383 625 1500 656 caera
1527 610 1749 671 paulatim
1771 611 1830 656 li-

64 675 305 738 quescente
328 676 428 721 Rex
447 674 496 721 in
512 674 719 720 sudorem
742 672 910 718 solutus
933 670 1089 717 senfim
1112 673 1446 720 contabesceret
1471 693 1481 720 :
1519 690 1572 720 ea
1593 689 1701 720 vero
1718 690 1829 721 con-

65 741 244 802 sumpta
265 739 423 802 spiritu
441 738 641 785 defeAEtus
664 747 926 782 moreretur.
994 736 1152 782 Fracta
1186 753 1313 784 cerea
1335 736 1552 801 imagine,
1581 753 1633 783 ac
1657 739 1829 800 punitis

65 804 279 851 veneficis
303 805 488 850 tradunt
506 803 666 849 eodem
687 811 922 847 momento
943 801 1120 862 Regem
1142 801 1302 847 morbo
1320 802 1534 849 levatum.
1603 803 1721 848 Haec
1743 820 1832 867 ego

68 880 118 915 ut
143 886 167 914 a
189 867 433 922 maioribus
455 865 622 928 accaepi
642 865 861 912 tradenda
883 863 1051 911 censui.
1142 864 1272 928 Qid
1294 865 1350 913 de
1380 866 1472 912 hoc
1505 884 1672 930 genere
1694 885 1842 915 vene·-

68 932 159 978 ficii
182 933 233 979 fit
254 922 552 985 sentiendum,
577 928 830 993 legentium
845 928 1025 990 judicio
1047 928 1273 993 relinquo,
1302 931 1659 978 Admonendum
1680 943 1830 980 tamen

66 995 317 1043 existimavi
335 997 547 1043 lectorem
562 995 684 1057 apud
704 994 966 1040 vetustiores
991 1011 1082 1041 non
1105 993 1317 1041 inveniri.

132 1063 286 1108 XXII.
322 1064 445 1108 Inter
465 1061 564 1105 haec
592 1060 660 1119 (1)
686 1059 865 1118 objecto
895 1058 1054 1120 Regis,
1079 1075 1217 1120 quem
1240 1057 1368 1105 brevi
1390 1058 1658 1108 moriturum
1683 1062 1834 1124 spera·

68 1139 186 1179 rant,
208 1138 331 1172 metu
354 1125 508 1170 multae
532 1123 685 1184 passim
707 1126 872 1176 caedes,
896 1123 1040 1168 multa
1059 1123 1300 1168 latrocinia
1324 1122 1506 1170 fiebant.
1574 1125 1740 1173 Duffus
1764 1144 1832 1174 re-

68 1189 293 1252 cuperatis
326 1189 499 1235 viribus
535 1189 730 1235 latrones
759 1204 840 1249 per
875 1186 1151 1240 Moraviam,
1190 1186 1406 1242 Roffiam,
1442 1193 1482 1234 &
1515 1189 1841 1237 Cathanefiam-

68 1252 242 1300 secutus
279 1254 444 1300 multos
478 1253 612 1299 variis
635 1251 807 1298 casibus
829 1249 1078 1297 interemit.
1147 1250 1381 1312 Principes
1411 1268 1568 1299 eorum
1592 1255 1831 1310 Forefl'am,

70 1330 120 1363 ut
141 1317 417 1379 conspestius
445 1317 570 1363 fieret
595 1314 868 1379 supplicium
891 1313 1147 1376 puniendos
1168 1314 1366 1363 reduxit.
1434 1316 1506 1361 Ibi
1529 1333 1633 1364 cum
1655 1319 1836 1366 Donal⁴

67 1383 152 1428 dus
176 1382 288 1428 arcis
320 1381 556 1445 praefeftus
588 1381 764 1443 aliquot
785 1379 1045 1426 neceffarios
1080 1379 1180 1426 suos
1211 1396 1361 1441 poenae
1394 1381 1591 1428 eximere
1621 1383 1832 1445 precibus

70 1447 306 1508 nequisset,
341 1446 576 1509 ingentem
597 1445 676 1492 irae
699 1446 867 1491 molem
892 1444 1100 1490 adversus
1133 1445 1310 1507 Regem
1339 1445 1563 1507 concaepit
1590 1464 1600 1492 :
1638 1463 1689 1492 ac
1712 1460 1832 1494 totus

69 1511 196 1556 velut
218 1509 381 1573 insigni
401 1510 682 1557 contumelia
702 1511 905 1563 affectus,
926 1510 973 1553 in
994 1507 1209 1555 vindiciae
1231 1507 1509 1571 cogitatione
1527 1524 1636 1558 erat.
1706 1514 1834 1560 Tan-

66 1574 103 1621 ti
126 1575 249 1621 enim
279 1575 355 1621 sua
387 1592 495 1638 erga
531 1576 728 1621 Duffum
764 1572 982 1620 beneficia
1016 1572 1281 1627 aestimabat,
1306 1585 1355 1620 ut
1382 1590 1658 1638 quacunque
1691 1577 1748 1623 de
1786 1596 1839 1625 re.

72 1640 245 1686 nullam
266 1639 322 1684 ab
344 1655 399 1685 eo
421 1639 643 1701 repulsam
667 1639 762 1701 pati
784 1638 984 1684 deberet.
1028 1638 1364 1700 Uxorquoque
1386 1637 1593 1685 Donaldi
1610 1657 1714 1687 cum
1733 1642 1836 1705 sup-

72 1703 264 1765 plicium
294 1703 535 1749 noxiorum
566 1705 621 1748 ad
651 1703 829 1763 aliquot
864 1701 1000 1764 ipsius
1032 1701 1316 1764 propinquos
1339 1701 1632 1762 pertinuisset,
1660 1722 1833 1768 aegrum

70 1766 224 1812 mariti
245 1767 448 1813 animum
472 1783 562 1811 non
586 1767 725 1812 modo
749 1766 990 1811 verborum
1014 1765 1259 1813 acerbitate
1280 1766 1598 1824 inflammavit,
1621 1769 1696 1815 sed
1726 1786 1834 1817 con-

73 1830 172 1886 filio
195 1831 251 1876 ad
274 1830 414 1894 Regis
439 1846 595 1876 necem
620 1830 828 1883 armavit,
851 1830 1075 1879 affirmans
1098 1829 1258 1893 Regiae
1284 1830 1399 1876 arcis
1421 1831 1649 1879 custodem
1671 1833 1833 1891 vitam,

67 1907 355 1956 mortemque
373 1894 467 1955 ejus
489 1896 535 1941 in
559 1895 634 1941 sua
657 1912 793 1940 manu
816 1894 981 1940 habere
1015 1913 1025 1940 ε
1072 1911 1216 1956 eaque
1237 1895 1454 1956 potestate
1474 1897 1720 1957 praeditum
1743 1915 1834 1946 non

67 1958 208 2004 modo
235 1972 281 2004 ut
303 1958 477 2004 facinus
500 1973 694 2021 patrare,
714 1958 787 2004 sed
810 1958 947 2004 etiam
970 1972 1193 2018 patratum
1217 1960 1445 2005 occultare
1466 1962 1625 2021 posset.
1687 1963 1837 2025 igitur

67 2037 172 2067 cum
197 2024 297 2070 Rex
319 2021 479 2068 altiore
500 2023 656 2069 somno
679 2024 775 2084 post
798 2023 982 2086 negotia
1004 2023 1109 2068 esset
1142 2023 1392 2085 oppressus,
1423 2029 1461 2070 δι
1481 2023 1671 2072 ministri
1688 2027 1786 2088 ejusv
1809 2029 1838 2074 a

68 2086 286 2132 Donaldo
309 2086 479 2150 largius
500 2086 683 2133 invitati
698 2087 917 2146 jacerent,
939 2086 1139 2133 immistis
1156 2088 1486 2149 percussoribus
1508 2089 1688 2137 nemine
1705 2109 1839 2154 pror·.

67 2149 136 2195 sus
171 2149 386 2197 sentiente
422 2165 548 2197 curat
575 2151 839 2214 jugulatum
871 2153 1049 2215 Regem
1088 2168 1169 2213 per
1201 2152 1424 2214 posticum
1454 2154 1737 2201 efferendum
1771 2157 1837 2204 ita
1883 2184 1886 2188 .

66 2214 404 2277 circumspecte,
434 2229 482 2262 ut
505 2217 630 2261 nulla
652 2215 878 2279 sanguinis
902 2229 1033 2277 gutta
1052 2215 1227 2269 facinus
1249 2216 1479 2279 proderet,
1503 2230 1643 2280 atque
1663 2221 1719 2266 ad
1742 2221 1837 2269 duo
1880 2250 1884 2254 -

68 2277 214 2324 millia
233 2280 355 2339 paffu
365 2297 438 2325 um
461 2297 487 2326 a
509 2279 716 2325 Kinloss'o
738 2280 952 2327 coenobio
974 2280 1053 2325 sub
1073 2280 1313 2342 ponticulo
1329 2283 1532 2343 quodam
1558 2283 1606 2329 in
1629 2284 1732 2330 loco
1752 2287 1837 2333 ob-

3 2366 9 2376 1
68 2341 196 2388 scuro
219 2343 527 2406 sepeliendum
550 2344 718 2406 cespite
741 2343 928 2391 herbosa
948 2344 1282 2406 superindueta,
1303 2362 1358 2391 ne
1377 2347 1503 2408 quod
1522 2359 1650 2394 terrae
1672 2351 1836 2396 effoffae

66 2406 306 2469 vestigium
325 2421 579 2470 appareret.
647 2410 755 2455 Hoc
777 2399 892 2454 milii
913 2409 1198 2455 verisimilius
1219 2409 1420 2465 videtur,
1443 2427 1581 2473 quam
1603 2414 1729 2474 quod
1757 2415 1837 2462 alii

20 2483 23 2485 ·
67 2471 267 2527 tradunt,
291 2473 441 2519 averso
464 2472 608 2519 amnis
629 2472 757 2519 cursu
778 2474 828 2528 in
855 2473 1058 2519 scrobem
1080 2489 1244 2535 corpus
1266 2472 1487 2534 injectum
1509 2492 1519 2520 :
1565 2477 1732 2525 deinde
1766 2495 1837 2526 re-.

66 2546 229 2582 vocato
252 2538 299 2583 in
328 2536 456 2583 suum
485 2537 666 2584 alveum
698 2537 838 2584 fluvio
861 2537 1150 2599 sepulchrum
1171 2540 1358 2585 tectum.
1426 2538 1628 2587 Ministri
1651 2559 1839 2606 quoque

65 2597 241 2645 sceleris
266 2600 467 2664 ablegati
494 2620 504 2647 :
541 2602 666 2665 quod
692 2601 851 2663 opinio
875 2600 901 2646 a
924 2601 1179 2662 majoribus
1195 2614 1382 2665 accepta
1413 2606 1665 2653 nostrorum
1687 2607 1838 2655 homi-

66 2679 178 2709 num
204 2664 376 2711 animos
395 2665 543 2724 adhuc
565 2666 770 2712 obtineat
804 2665 1021 2728 praesente
1055 2665 1192 2712 caedis
1223 2670 1406 2721 austere
1428 2683 1635 2717 cruorem
1672 2671 1699 2717 ἐ
1737 2673 1839 2718 vul-

67 2726 251 2774 neribus
287 2729 413 2776 velut
461 2744 640 2777 recente
691 2729 894 2777 facinore
941 2731 1038 2793 post
1071 2729 1447 2792 aliqua-mmultos
1481 2733 1580 2781 dies
1629 2749 1839 2783 manatu-

66 2807 185 2838 rum.
247 2793 465 2840 Postridie
490 2796 676 2858 vulgato
699 2811 881 2841 rumore
915 2796 1094 2859 Regem
1119 2795 1340 2859 nusquam
1366 2813 1646 2859 comparere,
1667 2801 1836 2857 lestum

65 2871 225 2902 cruore
245 2858 329 2903 effe
370 2858 673 2920 conspersum,
711 2860 956 2906 Donaldus
993 2876 1041 2917 re
1082 2861 1243 2916 atroci,
1288 2865 1333 2909 ὃς
1373 2860 1520 2909 subita
1539 2863 1766 2926 perculsus
1788 2865 1838 2912 in

66 2919 332 2969 cubiculum
371 2923 554 2969 advolat
588 2942 598 2970 :
671 2924 912 2978 ministros,
960 2935 1179 2987 tanquam
1216 2925 1297 2980 irae
1330 2924 1573 2988 impatiens
1597 2929 1783 2991 jugulat
1822 2946 1835 2975 ε

65 2985 227 3030 ςατιὲὶει
263 2985 594 3044 circumcirca
627 2987 876 3052 diligenter
902 2988 1093 3050 pervesti
1128 2999 1191 3043 at,
1216 2988 1259 3047 fi*
1278 3004 1370 3050 qua
1402 2990 1633 3038 cadaveris
1667 2992 1840 3039 indicia

63 3062 396 3110 comparerent.
464 3052 634 3098 Caeteri
655 3064 746 3099 tam
771 3069 892 3098 novo
914 3052 1078 3099 scelere
1123 3051 1282 3099 ttoniti
1303 3069 1410 3101 cum
1431 3055 1515 3101 fibi
1532 3072 1718 3117 quoque
1741 3057 1837 3103 me-

63 3122 262 3166 tuerent,
295 3114 485 3161 domum
507 3115 697 3178 quisque
719 3116 973 3163 discedunt.
1040 3117 1113 3163 Ita
1133 3117 1264 3179 Rege
1289 3117 1468 3178 optimo
1489 3119 1537 3165 in
1561 3117 1704 3165 aetatis
1726 3121 1838 3169 flore

17 3233 26 3242 st
63 3192 147 3238 per
169 3176 392 3223 nefarium
412 3178 558 3225 scelus.
574 3181 1030 3242 postquamquatuor
1051 3180 1213 3234 ann03,
1239 3186 1278 3226 δε
1310 3180 1384 3226 sex
1405 3182 1576 3229 menses
1598 3185 1837 3246 regnasset,

59 3239 292 3350 {minist}
315 3241 394 3288 ubi
427 3242 630 3305 primum
663 3244 963 3292 commodum
994 3245 1101 3300 fuit,
1125 3242 1317 3306 comitia
1345 3259 1468 3293 novo
1489 3247 1611 3312 Regi
1641 3251 1839 3297 creando

89 3315 170 3350 unt
220 3321 244 3350 a
279 3317 389 3352 ita.'
1832 3338 1833 3341 ’

129 3431 304 3479 XXIII.
340 3434 383 3480 R
402 3436 439 3481 E
456 3434 502 3481 G
521 3436 558 3481 E
592 3435 640 3481 in
663 3372 1236 3483 cossiiiiilgieatldguiino
1259 3437 1430 3487 Indulsi
1451 3440 1546 3487 filio
1568 3440 1684 3488 nihil
1709 3443 1836 3505 prius

52 3497 232 3550 filetum,
257 3513 397 3558 quam
419 3499 606 3561 qnaestio
628 3500 686 3545 de
715 3500 856 3563 Regis
883 3500 1009 3546 Duffi
1031 3502 1157 3546 caede
1178 3499 1363 3550 decreta
1381 3506 1503 3552 effet.
1573 3507 1842 3569 Adigebant

61 3573 247 3622 quoque
271 3561 336 3606 uti
353 3562 405 3609 id
425 3576 724 3628 properarent
744 3564 962 3630 prodigia
986 3583 998 3613 ;
1035 3580 1197 3633 unum,
1222 3569 1348 3630 quod
1370 3568 1560 3634 proprie
1582 3571 1640 3617 ad
1663 3572 1839 3620 facinus

115 3685 175 3737 (ι)
203 3689 271 3730 Al.
294 3689 450 3742 abjecto·

1740 3767 1842 3816 per-
