1994 3833
142 140 274 206 616
446 145 811 210 RERUM
903 128 1587 211 Sco‘rtcAR'UM

133 240 178 288 ic
201 240 372 313 oppido
389 242 529 288 vieini
558 253 687 288 erant
708 241 916 286 Thomas
951 242 1096 288 Carus
1118 236 1435 297 FarnihestiuS‚
1470 246 1519 292 Sc
1542 243 1752 294 Val-tei‘us
1775 245 1886 296 Sco*

133 322 224 354 tus.
257 306 320 353 Hi
346 320 506 368 praeter
527 319 696 351 veteres
719 304 949 369 clientelas
973 305 1074 351 satis
1097 304 1352 351 numerosas
1376 305 1456 352 fibi
1479 307 1773 367 adjunxerant
1796 327 1885 360 tres

130 370 301 418 vicinas
325 371 529 433 regiones
554 368 797 423 Lidaliam,
823 375 859 414 δε
884 369 1067 424 Euiam,
1093 374 1131 414 ἅτ
1154 369 1330 416 Etkiam
1355 370 1526 431 semper
1548 373 1794 422 latrociniis
1816 376 1887 422 in·

108 466 109 479 2
130 434 278 487 festas,
302 451 353 479 ac
373 448 465 479 tum
491 449 570 493 per
592 433 815 480 bellorum
840 432 1044 479 civilium
1063 433 1293 480 licentiam
1314 432 1359 479 in
1384 434 1638 496 longinqua
1655 438 1792 484 etiam
1816 441 1887 486 lc>-

128 499 338 544 calibere
360 497 615 559 grassantes.
682 498 823 543 Erant
845 502 885 544 δε
907 497 952 544 in
976 496 1068 560 ipsa
1091 497 1309 544 Teviotia
1336 499 1439 545 cum
1464 498 1621 545 harum
1646 501 1887 563 regionum

129 562 357 622 contagi0‚
399 573 491 605 tum
531 560 592 605 ob
615 561 986 607 consuetudinem
1025 562 1198 623 praed-as
1225 561 1391 625 agendi
1413 579 1469 607 ex
1508 563 1679 610 hostico
1712 566 1888 628 aliquot

127 641 305 687 magnae
329 624 513 669 familiae
537 624 683 677 furtis,
710 625 1017 672 &latrociniis
1039 626 1248 672 infames.
1315 627 1417 672 Nec
1441 626 1489 672 hi
1514 629 1669 682 modo,
1689 629 1761 676 sed
1785 629 1890 693 qui·

125 690 228 737 darn
251 706 273 733 e
297 688 517 748 proximis
541 689 705 751 Anglis
729 690 801 750 spe
824 691 990 751 praedae
1024 690 1163 736 ilteeti
1189 691 1227 736 se
1250 690 1601 750 conjunxerunt.
1672 692 1888 741 Accerfiti

124 766 341 815 praeterea
372 753 661 816 Edimbui·go
701 770 804 802 120
842 754 1096 814 fclopetarii
1131 770 1187 800 ex
1210 754 1422 800 omnibus
1460 754 1722 803 cohortibus
1746 759 1885 805 selec-

125 816 175 862 ti.
246 814 570 866 ‘Iedburoenses
593 834 777 882 quoque
812 836 903 865 non
936 818 1085 882 ignari
1108 819 1149 865 se
1169 818 1258 879 peti
1285 818 1470 881 trepidis
1501 820 1678 867 nunciis
1702 822 1887 886 Proregi

128 880 378 941 periculum
397 880 650 944 significant
674 901 684 928 :
721 888 758 928 δι
782 883 895 929 levis
911 896 1152 929 -armaturae
1172 896 1345 929 tantum
1366 883 1585 930 auxilium
1611 897 1788 946 petunt,
1804 904 1886 935 nec

120 945 294 991 interea
330 946 410 991 fibi
434 945 610 993 desunt.
677 947 799 993 Nam
824 949 1017 994 valtero*
1049 949 1171 994 Caro
1203 949 1273 1007 (ι)
1303 947 1535 994 Sessordio
1569 951 1795 1006 accersitO,
1835 957 1887 1002 &c

123 1009 325 1055 militum
345 1009 447 1056 satis
471 1026 639 1073 magno
664 1028 851 1059 numero
872 1012 895 1058 ὲ
918 1011 1077 1058 vicinis
1098 1011 1216 1074 agris
1239 1012 1448 1067 collecto,
1475 1029 1556 1073 pro
1577 1026 1779 1076 tempore
1802 1033 1889 1078 op-

120 1073 282 1134 pidum
308 1075 534 1120 muniunt.
604 1076 663 1122 Et
688 1079 756 1133 (z)
785 1077 1046 1123 Gulielmus
1072 1078 1287 1122 Ruvenus
1325 1090 1504 1121 centurn
1530 1077 1692 1139 viginti
1714 1079 1888 1142 sclope—
1939 1111 1953 1116 κ

123 1138 265 1193 tafiis,
291 1143 334 1185 ὅτ
363 1138 596 1202 equitibus
626 1141 789 1201 partim
832 1141 978 1187 secum
1009 1141 1234 1194 adduffis,
1275 1140 1438 1201 partim
1477 1141 1501 1186 ὲ
1527 1141 1699 1187 Marcia
1740 1144 1887 1192 vicina

122 1202 326 1249 collectis
348 1204 404 1250 ad
424 1203 710 1266 Driburgum
731 1205 871 1252 adesse
888 1205 1128 1251 nunciatur
1149 1206 1327 1267 utrique
1342 1205 1457 1266 parti
1477 1206 1636 1251 codem
1659 1207 1749 1253 fere
1770 1222 1887 1255 tem-

116 1275 249 1328 pore.
319 1267 405 1313 Sed
429 1267 618 1314 rebelles
641 1268 740 1315 satis
762 1269 903 1330 copiis
930 1268 1016 1315 suis
1039 1270 1363 1330 confisi-(erant
1384 1268 1504 1314 enim
1539 1271 1594 1316 ad
1619 1271 1704 1316 tria
1743 1273 1886 1320 millia

122 1330 384 1391 hominum)
408 1331 493 1378 iter
514 1331 688 1379 summo
712 1350 842 1379 mane
877 1334 931 1380 ad
955 1333 1176 1395 oppidum
1201 1333 1504 1385 intenderant,
1544 1348 1590 1380 ut
1613 1335 1886 1384 auxiliorum

121 1395 368 1442 adventum
409 1397 723 1457 praevenirent.
791 1400 850 1445 Et
871 1400 1088 1444 Ruvenus
1130 1397 1178 1444 id
1209 1397 1354 1459 ipsum
1387 1397 1627 1459 suspicatus
1670 1400 1884 1457 facturos,

122 1476 294 1521 magno
311 1462 461 1523 gradu
485 1477 559 1507 eos
582 1461 897 1524 consequitur:
933 1467 980 1512 8(
996 1464 1238 1524 postremos
1263 1460 1438 1507 levibus
1462 1463 1799 1511 excursionibus
1819 1467 1887 1512 la-

121 1524 256 1571 ceffit.
327 1526 536 1572 Valterus
560 1542 743 1588 quoque
768 1528 911 1573 Carus
934 1527 1157 1587 adjuntfitis
1179 1527 1232 1572 ad
1258 1525 1355 1571 suos
1384 1526 1643 1587 oppidanis,
1685 1529 1806 1575 refita
1828 1529 1888 1578 ad

121 1589 268 1635 hostes
283 1589 447 1651 pergit.
493 1590 547 1635 Id
569 1589 638 1635 illi
660 1591 919 1653 conspicati,
942 1607 996 1637 ne
1020 1590 1208 1652 ancipiti
1229 1589 1387 1650 praelio
1406 1590 1690 1646 dimicarent,
1715 1594 1755 1638 se
1775 1609 1885 1641 con-

122 1653 267 1699 ‘festim
291 1653 338 1699 in
379 1654 478 1699 loca
513 1654 683 1716 tutiora
703 1654 941 1716 recipiunt.
1010 1657 1247 1708 Latrones,
1284 1651 1364 1714 qui
1395 1659 1469 1713 {pe
1493 1656 1657 1715 praedae
1679 1672 1886 1704 accurre-

122 1729 241 1771 rant,
285 1733 390 1763 cum
413 1718 636 1779 oppidum
676 1717 702 1764 ὲ
739 1717 784 1765 vi
810 1731 976 1772 tutum,
1009 1722 1057 1768 ὃς
1085 1717 1333 1782 Regiosad
1373 1717 1681 1765 dimicandum
1708 1735 1884 1781 paratos

122 1796 372 1835 cernerent,
397 1781 489 1843 qua
508 1782 676 1842 cuique
698 1784 957 1844 proximum
996 1797 1106 1837 erat,
1143 1785 1303 1829 domos
1325 1780 1510 1829 abeunt.
1578 1784 1791 1831 Rebelles
1814 1788 1887 1833 ni-

121 1847 190 1899 hil
213 1846 361 1892 minus
384 1847 465 1893 rati
490 1863 627 1904 quam
652 1846 796 1894 hostes
819 1847 990 1910 aliquid
1012 1860 1260 1894 tentaturos
1284 1861 1385 1890 cum
1411 1845 1670 1903 clientibus,
1695 1855 1734 1895 ἆ·
1756 1850 1887 1910 pedi·
1944 1884 1947 1889 -

121 1924 221 1958 'tum
240 1911 426 1957 cohorte
442 1910 481 1956 se
504 1911 734 1957 Havicum
760 1912 1002 1973 recipiunt.
1068 1914 1204 1959 Hanc
1226 1910 1345 1974 spem
1371 1911 1566 1972 augebat
1589 1912 1736 1959 hiems
1755 1914 1884 1962 solito

120 1973 332 2036 asperior,
356 1974 470 2021 nivis
492 1991 646 2021 recens
668 1974 808 2030 casus,
832 1993 934 2038 quae
958 1977 1115 2024 omnia
1144 1978 1233 2023 late
1255 1974 1510 2023 obtinebat.
1579 1978 1643 2023 At
1667 1973 1883 2026 Ruvenus

119 2038 354 2087 occasione
375 2051 496 2085 ratus
520 2039 738 2087 utendum
761 2038 818 2085 de
838 2040 971 2086 tertia
991 2032 1152 2104 vigilia
1173 2040 1287 2086 adeo
1319 2039 1527 2086 celeriter
1548 2053 1711 2104 agmen
1735 2044 1885 2089 Havi-

119 2120 225 2165 cum
248 2102 393 2157 ducit,
421 2115 469 2148 ut
490 2117 732 2164 antequam
754 2104 898 2150 hostes
936 2105 995 2150 de
1018 2105 1213 2150 adventu
1237 2105 1331 2164 ejus
1368 2104 1524 2150 fierent
1547 2106 1776 2163 certiores,
1811 2108 1884 2155 in-

115 2181 191 2215 tra
214 2167 338 2213 mille
356 2168 499 2229 paffus
521 2169 641 2214 esset.
710 2167 880 2215 Havici
902 2180 1026 2215 tanta
1044 2182 1142 2215 erat
1162 2166 1422 2230 trepidatio,
1453 2180 1501 2214 ut
1523 2170 1673 2216 nullus
1696 2172 1883 2220 consilio

122 2229 457 2295 relinqueretur
478 2232 623 2286 locus,
650 2248 840 2295 propere
860 2233 1055 2296 equites,
1079 2232 1340 2296 peditesque
1361 2232 1514 2279 educti
1536 2234 1705 2282 flumen
1729 2237 1883 2298 proxi-

116 2309 250 2345 ‘mum
273 2296 408 2343 secuti
432 2297 477 2343 in
501 2298 602 2342 loca
618 2309 715 2343 tuta
733 2296 774 2343 se
806 2297 1004 2358 recipere
1037 2309 1284 2350 tentarunt,
1309 2297 1378 2343 sed
1404 2297 1632 2345 celeritate
1655 2297 1884 2361 sequenti-

119 2379 199 2409 um
224 2361 441 2420 praeventi
463 2359 656 2423 equites,
685 2373 732 2407 ut
752 2362 798 2408 in
822 2363 1009 2426 regione
1039 2375 1148 2408 nota
1164 2362 1209 2408 se
1233 2360 1437 2424 periculo
1456 2364 1566 2425 luga
1590 2363 1843 2412 subtraxere
1859 2384 1879 2414 .-

114 2426 293 2491 pedites
312 2427 477 2487 praedae
497 2425 639 2472 relicti
660 2425 812 2472 silvam
836 2426 1050 2490 exiguam
1073 2425 1119 2472 in
1145 2442 1254 2488 rupe
1273 2424 1452 2471 flumini
1471 2426 1730 2490 propinqua
1744 2445 1884 2476 occu.

112 2500 245 2555 pann
311 2489 384 2537 Ibi
401 2490 460 2536 ab
479 2489 710 2552 equitibus
735 2491 936 2554 undique
957 2491 1134 2544 inclusi,
1170 2501 1252 2537 nec
1274 2487 1482 2552 peditum
1517 2494 1761 2539 adventum
1801 2503 1881 2540 exa

112 2557 296 2619 pessare
316 2554 424 2609 auli,
459 2554 516 2601 ad
553 2571 693 2600 unum
727 2555 768 2602 se
797 2557 988 2603 dedunt.
1056 2555 1122 2602 Hi
1146 2571 1248 2601 cum
1285 2555 1374 2601 alia
1396 2556 1704 2615 praevertenda
1725 2558 1880 2611 essent,

115 2636 202 2667 nec
224 2630 317 2666 tam
336 2617 593 2666 vehementi
617 2617 769 2666 h‘eme
790 2619 1071 2667 circumduci
1095 2620 1284 2682 poss‘ent,
1305 2621 1393 2668 fide
1411 2633 1598 2683 accepta
1615 2620 1656 2667 se
1670 2621 1734 2668 >ad
1757 2622 1878 2669 diem

115 2682 361 2738 redituros,
387 2684 477 2729 sine
499 2680 635 2730 armis
657 2682 909 2731 incolumes
933 2683 1094 2731 dimiffi
1115 2699 1129 2740 ς
1161 2683 1295 2744 pauci
1333 2685 1541 2732 obsidum
1584 2686 1774 2733 nomine
1795 2702 1880 2749 pro

114 2746 290 2795 caeteris
311 2746 490 2795 retenti.
557 2747 776 2794 Reversos
799 2748 1045 2796 Kircadius
1067 2748 1244 2795 levibus
1266 2749 1538 2798 commentis
1556 2750 1766 2812 ptomiffa
1782 2751 1882 2798 elu-

115 2814 225 2861 dens
249 2812 305 2858 ad
323 2811 443 2858 diem
471 2812 681 2858 statutum
704 2812 847 2859 adeffe
866 2813 1027 2860 vetuit.
1918 2845 1923 2848 -

179 2876 380 2925 LXVII.
416 2875 667 2937 Reliquum
691 2876 872 2932 hiemis,
897 2883 937 2923 &
959 2876 1222 2939 proximum
1244 2883 1325 2924 'ver
1340 2888 1486 2926 totum
1510 2877 1689 2925 levibus
1711 2877 1880 2938 praeliis
1928 2884 1930 2889 “

114 2943 364 2988 εκῑτεξὶυηι
391 2956 405 2986 z
444 2939 489 2986 in
513 2939 681 3003 quibus
714 2941 848 3003 pauci
881 2941 1122 2996 cadebant,
1164 2941 1234 2987 sed
1259 2942 1519 2997 rebellium,
1543 2941 1682 3004 quam
1707 2943 1884 3005 Regio-

113 3022 213 3052 rum
241 3006 409 3067 plures.
475 3004 691 3051 Rebelles
712 3005 834 3051 enim
853 3005 900 3051 in
923 3005 1117 3052 collibus
1143 3006 1240 3052 urbi
1259 3007 1526 3070 propinquis
1549 3022 1654 3052 cum
1677 3007 1742 3052 rei
1765 3007 1879 3054 bene

111 3070 324 3133 gerendae
343 3068 624 3116 occasionem
649 3081 899 3132 captarent,
921 3069 998 3115 vix
1021 3069 1136 3116 inito
1157 3072 1426 3135 plaerunque
1443 3071 1691 3118 certamine
1720 3070 1767 3116 in
1803 3087 1883 3117 ur·
1951 3095 1954 3102 ·

113 3134 220 3180 bem
261 3132 569 3196 refugiebant.
632 3130 910 3196 Frequentes
948 3133 1127 3182 interim
1163 3134 1220 3180 de
1256 3134 1500 3182 concordia
1521 3134 1638 3181 inter
1659 3134 1877 3181 fafflones

113 3195 320 3244 facienda
341 3196 592 3260 legationes
613 3210 672 3244 ex
688 3199 867 3262 ⁴Anglia
885 3211 1144 3245 venerunt
1169 3197 1242 3245 sed
1260 3198 1433 3246 frustra.
1488 3199 1612 3247 Nam
1634 3200 1789 3262 Angla
1809 3211 1881 3246 et-

113 3260 145 3307 fi
170 3261 328 3326 Regiae
350 3261 469 3324 parti
486 3260 633 3325 magis
653 3262 853 3319 favebat,
879 3277 1031 3311 tamen
1053 3278 1215 3327 pacem
1236 3263 1301 3311 ita
1319 3263 1466 3311 facere
1489 3262 1721 3326 cupiebat,
1746 3276 1795 3310 ut
1825 3278 1880 3308 u·

165 3388 228 3436 (1)
256 3388 365 3427 Laird
381 3389 425 3428 of
435 3391 603 3439 Cesford,
618 3387 838 3443 predecessor
850 3399 890 3430 to
902 3391 968 3430 the
1020 3391 1121 3430 third
1140 3400 1222 3444 part
1238 3392 1283 3430 of
1296 3391 1360 3431 the
1396 3390 1553 3443 lordssiip
1571 3392 1616 3429 of
1628 3392 1868 3438 Haliburton3

112 3443 188 3480 carl
207 3441 251 3479 of
274 3442 494 3490 Roxburgh.
804 3465 807 3468 -
1022 3446 1168 3484 Fenton
1185 3449 1256 3486 and
1273 3446 1461 3487 Dtrleton.
1475 3446 1530 3485 see
1544 3444 1610 3485 the
1622 3454 1708 3484 note
1721 3445 1788 3483 lib.
1809 3448 1873 3481 πός.

166 3495 231 3543 (2)
257 3494 433 3532 William
452 3497 530 3534 lord
548 3497 730 3537 Ruthven
749 3499 824 3536 first
841 3499 915 3535 earl
928 3498 974 3535 of
1023 3511 1100 3549 cap.
1118 3499 1156 3540 8.

118 3545 484 3598 Gowrie‚afterward
501 3548 688 3590 thesaurer
705 3565 715 3590 ε
753 3551 802 3590 he
817 3550 970 3590 hadthe
1021 3575 1024 3578 -
1758 3597 1759 3601 ,
1823 3600 1852 3643 h

1055 3605 1060 3617 “
1679 3615 1690 3620 ”
1756 3609 1822 3646 tra
1858 3616 1877 3634 ⁸
