2075 3807
247 157 371 245 176
535 159 901 229 'RERUM
989 158 1671 237 S'co’rtcAnum'

240 256 366 312 lexir.
436 259 490 310 In
512 260 670 324 primis
697 271 846 306 autem
880 257 1170 305 Gulielmum
1201 258 1528 306 Eboracensem
1565 260 1999 328 Archiepisc‘opumfi

239 324 318 386 qui
342 323 553 388 princeps
574 323 619 370 in
643 323 779 369 verba
799 320 1009 369 Matildis
1024 322 1269 383 juraverat,
1289 327 1330 370 δι
1351 323 1602 387 Rogerium
1627 326 1993 377 Sarisburiensem

239 389 530 453 Episcopum,
554 387 635 448 qui
672 401 763 433 non
786 386 926 433 modo
947 385 1040 449 ipse
1069 385 1257 447 jurarat,
1281 386 1355 433 sed
1377 389 1549 435 caeteris
1572 388 1707 438 etiam
1731 393 1997 454 proceribus

235 454 374 501 verba
398 454 618 516 praeierat.
686 450 790 497 Hac
832 449 1013 505 fiducia,
1050 450 1258 498 Henrico
1295 453 1520 500 avunculo
1552 455 1756 502 nondum
1794 455 1999 518 sepulto,

235 533 426 581 regnum
449 515 663 577 ingressus
681 512 882 576 primum
906 513 1142 561 biennium
1164 513 1263 561 satis
1282 515 1583 576 tranquillum
1604 518 1726 582 egit:
1754 521 1902 581 eoque
1921 519 1994 566 in·

235 581 448 629 solentior
470 578 630 631 fastus,
655 583 711 650 &.
730 580 860 640 pafta
883 593 988 625 cnm
1027 576 1192 643 Anglis
1215 578 1467 645 negligere,
1490 583 1540 629 ὃς
1562 597 1666 630 curn
1688 581 1850 630 vicinis
1873 600 1999 631 arro-

239 645 419 711 gantius
440 658 574 704 agere
595 655 750 705 coeplt.

305 707 503 755 XXXII.
527 706 768 768 Postquam
784 707 965 771 Anglos
986 723 1144 756 omnes
1169 707 1335 771 partim
1358 719 1500 764 metu,
1525 710 1688 772 partim
1711 712 2002 774 pactionibus

233 772 284 821 in
322 771 459 818 verba
480 769 710 834 adegisset,
734 771 908 835 legatos
940 772 998 820 ad
1035 772 1266 821 Davidem
1291 774 1528 820 Scotorum
1561 775 1735 839 Regem
1762 777 1895 831 misit,
1919 776 2000 839 qui

235 853 344 884 eum
371 848 419 882 ut
451 833 575 882 idern
599 833 782 891 faceret,
805 835 868 882 ob
886 835 1174 892 Cumbriam,
1197 837 1578 885 Northumbriam
1606 844 1653 889 ὅτ,
1681 841 2002 887 Hundintoni-

235 917 309 948 am
333 900 645 946 admonerent.
713 899 868 947 David
913 900 1158 963 respondit,
1183 900 1223 946 se
1248 917 1338 947 non
1369 901 1434 948 ita
1456 902 1632 964 pridem
1671 920 1761 950 una
1781 919 1881 950 cum
1906 902 2005 966 ipso

237 965 485 1027 Stephano,
513 978 565 1009 ac
605 962 819 1010 omnibus
838 964 1023 1026 Angliae
1058 963 1323 1028 proceribus
1346 965 1536 1012 Matildi
1568 967 1786 1029 legitimae
1809 969 2005 1031 Regina:

239 1029 560 1076 sacramentum
597 1027 768 1074 dixisse.
836 1028 1047 1082 Alterum
1071 1041 1224 1075 autem
1253 1044 1307 1074 ea
1329 1027 1434 1075 viva
1457 1045 1541 1075 nec
1564 1032 1698 1084 velle,
1722 1048 1803 1078 nec
1835 1033 2002 1079 debere

236 1093 411 1165 Regem
451 1090 705 1155 agnoscere.
746 1092 854 1139 Hoc
877 1091 1082 1155 responso
1100 1093 1158 1139 ad
1182 1092 1461 1154 Stephanum
1500 1095 1660 1150 relato,
1686 1095 1867 1142 initium
1891 1096 2003 1143 belli

238 1158 383 1205 statim
407 1156 576 1203 faCtum
597 1157 656 1202 est
683 1174 694 1202 :
732 1156 897 1219 Anglis
916 1155 962 1203 in
984 1156 1213 1220 proximos
1227 1158 1466 1204 Scotorum
1485 1174 1633 1222 agros,
1660 1159 1795 1213 ferro,
1811 1166 1849 1206 δι
1873 1161 2006 1207 flam-

240 1238 316 1269 ma
353 1220 655 1273 saevientibus,
696 1220 929 1283 Scotisque
963 1221 1128 1268 damna
1165 1220 1292 1267 illata
1331 1221 1427 1283 pari
1464 1224 1592 1269 clade
1629 1225 2000 1287 rependentibus.

237 1284 453 1334 Proximo
484 1301 604 1331 anno
628 1286 766 1331 duelu
800 1283 1038 1332 Comitum
1063 1285 1271 1338 Marciae,
1297 1285 1525 1339 Taich'iae‚
1558 1293 1599 1334 δι
1622 1288 1798 1336 AEneiae
1839 1291 1999 1337 Scoto-

237 1368 338 1398 rum
359 1348 584 1398 exercitus
615 1349 833 1411 Angliam
868 1349 1084 1412 ingressus
1107 1351 1163 1395 ad
1189 1351 1473 1397 Allertonem
1502 1351 1654 1398 vicum
1677 1352 1834 1401 obvias
1857 1353 2001 1402 habu-

239 1414 278 1461 it
302 1415 559 1478 Anglorum
582 1413 736 1475 copias
762 1431 772 1459 :
798 1413 965 1485 quibus
989 1425 1178 1476 praeerat
1201 1413 1466 1461 Glocestriae
1488 1416 1673 1463 Comes.
1743 1418 2003 1481 Pugnatum

236 1480 298 1526 est
328 1477 559 1525 acerrime.
627 1478 712 1524 Par
743 1491 956 1538 utrinque
992 1476 1078 1524 fuit
1098 1477 1260 1533 credes,
1284 1478 1395 1525 dum
1429 1479 1548 1526 acies
1584 1481 1812 1529 steterunt.
1878 1484 2001 1532 Fufis

239 1541 405 1607 Anglis
429 1541 559 1589 multi
584 1540 629 1587 in
657 1541 765 1604 fuga
790 1541 1023 1603 perierunt
1058 1560 1069 1588 :
1110 1542 1233 1604 capti
1267 1542 1292 1588 ὲ
1327 1542 1564 1591 nobilitate
1588 1545 1792 1607 plurimi.
1862 1548 1914 1593 In
1950 1550 2005 1594 iis

241 1607 411 1654 Comes
437 1605 530 1666 ipse
561 1604 844 1652 Glocestriae.
913 1607 1016 1652 Hac
1039 1606 1175 1667 plaga
1206 1607 1460 1667 Stephanus
1485 1607 1615 1659 ictus,
1641 1627 1695 1655 ne
1718 1610 2004 1672 captivorum

240 1670 489 1734 propinqui
508 1668 887 1722 abalienarentur‚
912 1670 1057 1715 nullas
1082 1669 1205 1730 pacis
1227 1669 1509 1717 conditiones
1535 1673 1777 1718 recusabat.
1827 1675 1915 1720 Ha:
1939 1677 2003 1723 le-

239 1752 319 1799 ges
343 1734 542 1785 fuerunt,
571 1746 620 1778 ut
643 1733 823 1795 Auglus
844 1733 1051 1796 captivos
1076 1733 1163 1779 fine
1187 1732 1379 1795 pecunia
1401 1735 1620 1798 reciperet
1644 1754 1654 1781 ε
1688 1736 1825 1798 acjus
1847 1755 2003 1795 omne,

237 1799 365 1864 quod
388 1798 436 1845 in
459 1797 745 1851 Cumbriam,
774 1808 989 1859 tanquam
1013 1796 1269 1860 supremum
1292 1798 1530 1845 dominum
1566 1800 1731 1848 habere
1752 1801 1794 1847 se
1816 1818 2003 1851 conten-

240 1863 662 1917 debat,remitteret.
684 1861 772 1908 Sed
786 1862 1040 1924 Stephanus
1053 1861 1198 1908 nihilo
1217 1861 1404 1909 sanfflns
1422 1860 1517 1910 illic
1534 1864 1668 1911 fidem
1689 1866 1848 1920 coluit,
1865 1885 2002 1930 quam

239 1927 287 1975 in
313 1942 454 1990 regno
489 1925 760 1998 propinqua:
782 1924 1042 1974 invadendo
1077 1926 1201 1989 prius
1241 1925 1409 1973 fecerat
1433 1929 1521 1987 (ι).
1591 1929 1714 1975 Nam
1748 1931 1824 1976 vix
1849 1931 2003 1980 dimis-

241 1991 287 2039 so
311 1992 524 2053 utrinque
545 2004 764 2044 exercitu,
784 1992 832 2039 δε
851 1991 1043 2052 captivis
1065 1989 1287 2052 recaeptis,
1312 1991 1490 2053 aliquot
1511 1992 1856 2040 Northumbriae
1879 2009 2003 2045 arces

240 2056 360 2103 clam
382 2053 637 2117 intercaepit
660 2071 671 2099 :
709 2053 872 2116 praedis
896 2055 919 2100 ὲ
948 2055 1187 2101 Scotorum
1211 2053 1331 2117 agris
1358 2055 1598 2119 abigendis
1622 2056 1792 2104 bellum
1815 2077 2006 2109 renova-

242 2121 330 2168 vit.
398 2120 521 2166 Scoti
543 2118 736 2166 collcflo
759 2117 784 2164 ὲ
815 2117 1034 2179 proximis
1057 2118 1322 2182 regionibus
1352 2119 1571 2175 exercitu,
1595 2135 1698 2168 cum
1722 2124 1900 2187 Anglos
1923 2127 2005 2173 illo

242 2185 342 2248 ipso
362 2184 505 2236 victos
528 2198 554 2229 a
589 2181 631 2229 se
663 2198 782 2229 anno
803 2196 1164 2239 contemnerent,
1190 2195 1358 2229 temere
1380 2184 1537 2246 praelio
1572 2185 1805 2233 commisso
1825 2190 1883 2236 ad
1905 2186 2003 2237 Te-

241 2249 333 2296 sam
358 2263 536 2294 amnem
561 2262 729 2310 magna
743 2244 872 2295 clade
900 2259 1216 2311 contemptum
1237 2247 1373 2294 hostis
1395 2247 1590 2295 luerunt.
1660 2250 1820 2299 Coafti
1842 2267 2005 2317 praete-

242 2329 318 2361 rea
339 2310 674 2359 Northumbria
698 2310 933 2360 decedere.

306 2375 537 2425 xxxm.
572 2376 641 2422 Ac
660 2375 777 2423 hanc
806 2375 1112 2440 ignominiam
1132 2375 1372 2424 delendam
1392 2377 1547 2426 David
1565 2394 1705 2443 quarn
1736 2380 1891 2443 potuit
1910 2397 2007 2430 rna-

242 2440 370 2489 ximo
389 2439 592 2488 exercitu
613 2441 844 2488 contrafi'to
866 2440 991 2488 venit
1013 2440 1315 2504 Rosburgum.
1351 2443 1421 2489 Εὸ
1441 2444 1689 2492 Turstanus
1709 2445 2003 2494 Eboracenfi-

252 2522 331 2553 um
359 2503 758 2567 Archiepiscopus‚
781 2505 855 2552 vel
879 2508 950 2567 (ut
979 2504 1131 2553 scribit
1152 2505 1413 2553 Gulielmus
1436 2506 1800 2572 Neobrigienfis)
1829 2510 2006 2558 'l'rusti-

245 2585 333 2617 nus
355 2568 415 2616 ab
435 2570 592 2631 Anglo
612 2569 670 2615 ad
691 2569 1021 2630 pacificandum
1044 2568 1211 2617 missus·
1277 2571 1366 2634 Spe
1388 2572 1645 2618 concordiae
1662 2572 1842 2633 injefta,
1869 2573 2007 2623 indu,

244 2633 331 2691 cia}
351 2631 401 2681 in
422 2644 511 2681 tres
533 2631 703 2680 menses
724 2632 858 2687 datae‚
880 2649 934 2681 ea
954 2635 1056 2697 lege
1076 2646 1124 2680 ut
1149 2633 1294 2682 statim
1322 2635 1656 2684 Nerthumbria
1677 2636 1822 2685 Scotis
1847 2640 2007 2687 recide-

247 2696 386 2752 retur.
435 2697 544 2746 Hoc
563 2711 750 2760 quoque
770 2696 1051 2759 promissum,
1073 2698 1199 2760 quod
1222 2697 1424 2747 solvendi
1446 2700 1668 2748 exercitus
1688 2702 1817 2748 causa
1838 2701 2008 2752 fastum

216 2764 273 2813 ,ἡ
290 2761 366 2813 Ste
401 2760 522 2809 hano
542 2772 656 2815 erat,
689 2775 797 2808 curn
819 2777 989 2808 vanum
1011 2759 1174 2817 fuisset,
1198 2761 1446 2826 Davidqtte
1466 2778 1653 2827 magnas
1675 2766 1849 2826 praedas
1875 2783 1932 2815 ex
1952 2783 2008 2815 ea

245 2825 349 2874 Nor
402 2822 761 2897 ‚umbriae-parte,
780 2841 885 2888 quae
906 2826 1062 2889 Anglo
1085 2825 1289 2888 parebat,
1312 2825 1544 2891 abegisset,
1564 2829 1818 2891 Stephanus
1839 2832 2007 2880 conficis
2072 2821 2075 2827 ¹

248 2887 458 2938 maximis
489 2903 634 2951 copus
666 2888 841 2936 Rolbur
878 2905 951 2935 um
986 2889 1125 2952 usqne
1151 2890 1422 2953 penetravit.
1487 2891 1661 2939 Verum
1692 2908 1799 2942 cum
1819 2893 2009 2945 rescisset
2064 2925 2067 2930 ·

246 2953 538 3007 nobilitatem
571 2951 654 3001 fibi
687 2952 824 3000 adver
841 2948 925 3008 ari,
948 2957 990 3000 ει
1011 2952 1140 3025 queri
1158 2952 1202 3001 se
1222 2952 1347 3002 bello
1373 2953 1555 3014 injusto,
1577 2959 1627 3006 &
1650 2971 1740 3005 non
1770 2959 2010 3008 necessario
2049 2942 2075 3005 ·,ἶ

245 3017 436 3081 illigari,
459 3016 592 3070 nulla,
612 3032 661 3065 re
682 3017 806 3080 gesta
823 3027 946 3065 retro
963 3033 1014 3064 in
1033 3016 1248 3065 intimum
1270 3034 1464 3082 regnum
1482 3018 1526 3067 se
1544 3019 1719 3083 recepit
1737 3034 1751 3069 ε
1772 3032 1827 3069 ac
1851 3024 2009 3086 proxi.

249 3098 329 3132 mo
351 3097 471 3130 anno
493 3080 576 3129 fibi
590 3093 802 3140 ,metuens
822 3097 851 3129 a
870 3078 1090 3129 seditione
1117 3080 1327 3130 intestina
1348 3082 1600 3131 Matildem-
1616 3099 1802 3133 uxorem
1834 3087 1892 3134 ad
1908 3086 2011 3136 Da·

246 3145 402 3206 videm
437 3144 534 3207 ejus
573 3145 852 3194 avunculum
888 3143 1026 3200 mifit,
1046 3161 1152 3209 quae
1188 3144 1246 3194 de
1281 3160 1395 3210 pace
1421 3161 1598 3211 ageret.
1657 3149 1726 3199 Ea
1760 3148 1778 3196 i
1963 3164 2010 3199 te

249 3207 439 3266 saelum,
466 3220 517 3257 ut
536 3208 692 3259 David
713 3226 739 3258 e
759 3210 901 3258 Novo
921 3209 1078 3266 castro,
1099 3209 1181 3257 ubi
1199 3210 1258 3275 {se
1282 3209 1427 3259 ferme
1443 3211 1727 3270 continebat,
1755 3214 1862 3276 Step
1896 3230 2008 3263 anus

248 3289 279 3322 e
299 3271 534 3332 Dunelmo
566 3273 616 3323 in
640 3272 861 3325 cestriam
880 3273 1039 3322 vicum
1064 3273 1112 3322 in
1134 3273 1292 3327 medio
1308 3274 1474 3325 itinere
1493 3277 1706 3340 positum,
1727 3283 1767 3325 δι
1789 3290 1847 3325 ex
1875 3294 2011 3341 aequo

248 3335 310 3391 ab
331 3347 526 3402 utroque
553 3337 730 3402 oppido
757 3338 997 3386 distantem
1040 3337 1289 3394 mitterent,
1311 3338 1393 3402 qui
1427 3340 1489 3386 de
1517 3341 1829 3389 controversiis
1853 3328 2009 3405 dispu-
2056 3361 2075 3404 ι;.

258 3410 422 3476 rpent-
486 3400 608 3450 Miffi
629 3419 658 3453 a
672 3402 854 3452 Davide
869 3402 982 3452 Fani
996 3403 1213 3461 Andreae,
1232 3408 1274 3452 δι
1289 3402 1529 3453 Gtascuae:
1562 3403 1621 3453 ab
1638 3405 1869 3477 Stephano
1884 3405 2010 3456 Can·
2060 3412 2075 3475 ᾗ

302 3535 368 3592 (¹)
394 3539 492 3602 Arb3
509 3540 663 3599 facerat,
680 3542 1023 3602 forth-praeteritum
1041 3540 1062 3585 ὃ
1078 3543 1248 3597 praesenti
1265 3544 1461 3594 formatur,
1479 3556 1583 3588 more
1598 3544 1763 3597 antiqno.
1805 3602 1809 3608 ,
1862 3600 1864 3602 ¹

2057 3606 2075 3637 ἴ

1924 3645 2075 3703 mel

2065 3736 2075 3752 ἱ
