2106 3838
200 148 285 208 go
518 126 877 191 RERUM
969 123 1657 194 Sco-moinum

198 222 354 287 spatiis
376 224 592 286 angustis,
636 236 686 270 ut
718 224 796 270 vix
818 222 1036 267 colonum
1063 238 1204 269 unum
1226 237 1305 273 aut
1325 225 1518 272 alterum
1542 227 1571 273 fi
1605 227 1863 278 colerentur
1882 232 1981 280 ales-

196 301 315 335 rent.
386 288 504 335 Aliae
527 287 660 335 nudis
680 286 895 349 scopuli5‚
917 299 995 331 aut
1012 285 1184 347 opertis
1204 288 1358 334 musco
1380 291 1650 353 squalentes.

192 408 196 412 .
264 353 487 401 XLVIII.
526 354 759 399 Orcadurn
781 350 980 396 maxima
1000 349 1155 395 multis
1179 361 1382 402 veterum
1399 358 1604 403 Pomona
1624 369 1826 405 vocatur.
1865 350 1969 407 Ho-

200 415 276 464 die
300 416 628 465 Continentem
647 426 649 428 ’
665 416 916 478 appellant,
937 413 1064 476 quod
1087 414 1227 477 longe
1249 415 1358 463 alias
1388 434 1463 466 ma
1499 418 1707 468 nitudine
1729 425 1976 484 praecedat.

195 481 329 530 Patet
352 482 473 529 enim
498 481 543 527 in
567 483 758 542 longum
783 477 977 540 triginta
997 476 1145 537 millia
1168 479 1389 542 passuum.
1500 499 1565 531 aee
1587 484 1688 532 satis
1712 490 1980 550 frequenter

190 544 444 607 habitatur.
515 545 671 594 Habet
693 542 818 590 enim
842 541 1089 590 duodecim
1109 543 1198 590 sive
1222 544 1405 600 Curias,
1420 545 1494 592 seu
1513 549 1750 608 parochias
1773 551 1975 605 rusticas.

193 613 419 667 Praeterea
438 610 661 672 oppidum
688 623 848 661 unum,
867 607 992 670 quod
1017 607 1162 663 Dani,
1180 625 1377 672 quorum
1402 609 1448 656 in
1468 609 1644 659 ditione
1666 615 1870 663 Orcades
1890 617 1971 664 diu

193 675 397 729 suerunt,
443 673 769 720 Cracoviacam
809 672 1139 735 appellabant:
1195 690 1317 720 nunc
1340 673 1527 722 nomine
1549 690 1766 738 corrupto
1798 680 1978 729 Kircua

196 741 342 788 Scotis
362 738 546 785 dicitur.
599 737 652 783 In
676 736 764 783 hoc
781 737 885 782 duae
908 736 1010 783 sunt
1030 738 1159 785 velut
1182 738 1378 785 modicae
1403 756 1525 787 arces
1548 741 1841 805 propinquae,
1861 746 1975 791 alte·

193 822 245 852 ra
267 804 425 867 Regis,
451 804 591 848 altera
612 799 842 864 Episcopi.
884 802 1010 849 Inter
1031 818 1104 848 eas
1128 802 1260 850 situm
1282 804 1343 850 est
1367 806 1611 867 templum,
1638 819 1688 852 ut
1709 805 1756 853 in
1780 808 1893 856 locis
1914 807 1974 855 il-

191 868 249 917 lis
274 869 372 914 satis
399 864 716 930 magnificum.
790 866 912 912 Inter
938 867 1182 928 templum,
1209 879 1243 913 ὅ.
1279 884 1402 916 arces
1426 869 1642 932 utrinque
1662 870 1766 925 (sunt
1787 888 1878 918 non
1902 872 1973 920 in-

190 932 452 996 frequentia
475 929 681 986 aedificia,
702 945 814 993 quas
833 930 944 977 duas
969 930 1102 977 urbes
1126 931 1290 978 incolae
1315 933 1550 994 appellant
1573 952 1585 979 :
1619 933 1808 982 alteram
1827 938 1971 1011 Regi-

191 1014 282 1051 am,
304 996 493 1043 alteram
516 995 850 1058 Episcopalem.
919 995 1046 1041 Tota
1067 994 1212 1042 insula
1235 996 1435 1054 excurrit
1453 997 1501 1043 in
1520 1000 1836 1058 promontoria
1856 1020 1867 1047 ε
1901 1018 1972 1050 in·

188 1074 257 1108 ter
279 1077 380 1124 quae
401 1060 518 1107 finus
543 1059 676 1105 maris
695 1058 830 1106 infusi
846 1058 1056 1106 stationes
1073 1060 1266 1108 navibus
1287 1073 1424 1116 tutas,
1451 1071 1486 1109 ὅ.
1516 1061 1702 1109 interim
1723 1077 1880 1125 portus
1904 1065 1975 1113 fa.

189 1125 334 1172 ciunt.
404 1126 492 1172 Sex
517 1124 700 1171 diverfis
721 1123 769 1170 in
797 1123 910 1171 locis
933 1123 1067 1185 hujus
1090 1123 1245 1172 insulae
1271 1128 1456 1173 metalla
1476 1125 1577 1173 sunt
1598 1128 1670 1186 (ι)
1696 1128 1879 1190 plumbi
1901 1131 1968 1177 al-

187 1190 255 1244 bi,
283 1195 323 1238 &
346 1189 468 1252 nigri
493 1202 581 1235 tam
604 1188 736 1251 probi
759 1205 896 1251 quam
925 1188 1109 1250 usquam
1128 1188 1174 1235 in
1200 1189 1435 1238 Britannia
1457 1191 1723 1254 reperiatur.
1764 1193 1880 1240 Haec
1901 1194 1973 1242 in.

188 1254 282 1302 sula
306 1271 330 1300 a
356 1254 628 1301 Cathanefia
653 1252 834 1300 circiter
855 1252 1028 1317 viginti
1059 1267 1256 1317 quatuor
1279 1254 1428 1304 millia
1449 1256 1569 1302 abest
1591 1254 1829 1318 interjecto
1852 1259 1972 1306 freto

116 1340 120 1349 ·
185 1318 386 1372 Pic‘ticos
405 1320 461 1365 de
483 1318 612 1380 cujus
637 1332 796 1364 natura
813 1317 911 1377 jam
934 1317 1153 1365 diximus.
1224 1320 1277 1366 In
1300 1336 1354 1366 eo
1378 1320 1495 1367 freto
1517 1319 1794 1383 sparguntur
1815 1322 1970 1372 insulae

187 1385 468 1446 complures,
504 1399 528 1429 e
554 1382 722 1446 quibus
759 1385 938 1429 Str-ma
961 1399 1159 1446 quatuor
1180 1401 1206 1430 a
1229 1384 1500 1431 Cathanesia
1526 1384 1672 1432 millia
1694 1385 1832 1441 abest,
1875 1404 1970 1435 non

185 1447 456 1495 infoecunda
474 1464 556 1510 pro
581 1446 912 1511 magnitudine.
970 1449 1056 1493 Sed
1083 1449 1198 1495 hanc
1216 1449 1278 1495 ob
1300 1448 1693 1512 propinquitatem
1718 1461 1842 1497 terrae
1866 1451 1968 1501 Bri-

189 1513 374 1568 tanniae,
404 1530 440 1561 et
473 1512 600 1574 quod
622 1511 903 1559 Cashanefiae
922 1511 1129 1559 Comites
1154 1531 1252 1560 eam
1277 1513 1452 1577 semper
1470 1514 1717 1569 tenuerint,
1742 1514 1863 1563 inter
1876 1518 1969 1564 Or-

185 1578 316 1626 cadas
343 1594 433 1623 non
457 1590 713 1623 numerant.

250 1643 422 1688 XLIX.
447 1642 520 1687 Ab
547 1642 629 1688 hac
651 1641 708 1687 ad
731 1639 1056 1704 septentriones
1079 1640 1313 1704 naviganti
1334 1642 1482 1704 prima
1506 1643 1742 1690 Orcadum
1765 1644 1969 1694 occurrit

186 1706 380 1755 Ranalsa
401 1706 617 1760 aullraliS,
641 1723 742 1768 quae
769 1723 794 1750 a
818 1706 912 1752 s1nu
939 1706 1173 1759 Duncani,
1199 1720 1276 1753 aut
1298 1707 1446 1753 verius
1466 1706 1681 1754 Dunachi
1699 1708 1820 1756 abest
1841 1709 1967 1756 sede..

186 1775 277 1819 c³m
303 1770 450 1818 millia
475 1790 483 1816 ;
520 1772 645 1832 quod
682 1769 876 1832 spatium
906 1770 1084 1816 duabus
1110 1770 1231 1816 horis
1255 1772 1359 1817 :estu
1381 1771 1578 1818 secundo
1599 1771 1737 1819 etiam
1759 1773 1965 1822 cessanti.-

184 1836 269 1883 bus
293 1835 439 1882 ventis
464 1836 682 1881 naviculae
706 1834 968 1881 considunt.
1009 1836 1164 1881 Tanta
1183 1834 1315 1897 hujus
1339 1835 1443 1882 freti
1460 1837 1519 1883 est
1546 1836 1777 1884 violentia.
1848 1839 1966 1887 Haec

183 1901 391 1964 quinque
413 1900 561 1946 millia
580 1899 782 1959 passuum
801 1900 941 1962 longa
962 1900 1039 1953 est,
1078 1900 1308 1962 habetque
1331 1915 1514 1962 portum
1540 1899 1643 1946 satis
1665 1902 1965 1952 commodum

184 1964 212 2011 {1
236 1965 358 2011 Diva
382 1964 635 2025 Margarita
656 1963 1051 2027 cognominatum.
1129 1964 1204 2009 Ab
1228 1982 1284 2011 ea
1302 1965 1491 2028 paulurn
1514 1965 1561 2011 in
1584 1965 1807 2012 orientem
1852 1983 1960 2028 pro-

178 2030 308 2093 3⁸thae
343 2028 442 2076 sunt
480 2028 634 2077 insule
664 2029 763 2074 duae
789 2027 986 2092 exiguae,
1039 2032 1086 2078 δε
1126 2026 1311 2075 incultae
1337 2031 1490 2091 pecori
1515 2027 1738 2092 pascendo
1776 2031 1963 2081 relictae.

179 2094 378 2142 Holmas
403 2093 471 2140 illi
489 2093 655 2157 gentili
677 2094 901 2139 vocabulo
919 2110 993 2139 eas
1017 2092 1267 2155 appellant,
1293 2094 1380 2140 hoc
1403 2095 1462 2141 est
1484 2093 1702 2157 planicies
1727 2095 1958 2152 herbida5‚

181 2159 312 2222 aquis
336 2158 493 2205 affitas.
563 2158 638 2204 Ad
663 2155 1014 2220 septentrionem
1037 2160 1096 2204 est
1122 2159 1261 2205 Burra
1298 2157 1458 2214 insula,
1497 2163 1541 2207 ἃ
1576 2158 1676 2206 duae
1699 2159 1817 2206 inter
1838 2175 1964 2219 eam,

178 2228 226 2273 ἃ
254 2225 506 2270 Pomonnm
532 2223 732 2269 Holmae.
802 2223 843 2268 A
868 2224 1010 2270 Burra
1030 2221 1317 2269 occidentem
1340 2225 1487 2270 versus
1506 2223 1667 2269 ordine
1690 2236 1777 2270 tres
1804 2223 1960 2274 insulae

173 2288 345 2351 jacent,
373 2289 513 2343 Suna,
541 2289 681 2339 Flam,
701 2292 739 2333 ἃ
754 2288 867 2333 Fara
891 2304 901 2333 z
924 2291 970 2335 δε
995 2288 1111 2335 ultra
1132 2304 1205 2334 eas
1225 2289 1370 2342 Hoi'a,
1392 2288 1583 2337 &Valis,
1604 2303 1717 2350 quas
1735 2288 1815 2336 alii
1827 2289 1964 2346 duas,

179 2352 261 2411 alii
285 2369 418 2400 unam
445 2352 637 2399 insulam
658 2363 826 2397 vocant
851 2370 860 2397 :
907 2353 1031 2414 quod
1055 2352 1178 2398 eirea
1202 2354 1272 2414 (2)
1316 2352 1591 2414 aquinoeiia
1615 2358 1729 2414 (quo
1752 2366 1970 2426 tempora

178 2416 322 2464 maria
344 2417 656 2464 violentissime
680 2415 949 2472 incitantur,
971 2433 1022 2464 ac
1046 2416 1243 2477 fervent)
1282 2417 1387 2462 astu
1410 2417 1651 2464 recedente
1674 2418 1966 2469 nudantibus*

178 2481 221 2528 se
244 2481 390 2529 arenis
425 2481 624 2545 angustis
649 2480 858 2527 faucibus
882 2482 1131 2537 cohaerent,
1160 2498 1390 2544 unamque
1413 2481 1604 2529 insulam
1631 2480 1806 2530 faciunt
1840 2501 1852 2529 z
1888 2499 1958 2530 re-

176 2547 347 2594 deunte
366 2546 470 2593 aestu
490 2545 633 2592 rursus
652 2545 890 2606 interjecto
911 2546 1024 2593 mari
1043 2547 1234 2593 duarum
1252 2546 1498 2593 insularum
1521 2545 1717 2609 speciem
1730 2547 1955 2610 praebent.

175 2613 232 2659 In
266 2612 354 2658 hac
373 2609 517 2657 insula
537 2610 766 2663 omnium,
790 2627 903 2672 quas
940 2611 1144 2658 Orcades
1168 2612 1353 2665 habent,
1380 2609 1579 2658 altissimi
1613 2609 1714 2658 sunt
1756 2624 1954 2661 montes.

175 2675 322 2731 Hoia,
338 2678 387 2725 ὃς
403 2675 533 2721 Valis
554 2676 711 2721 decem
733 2674 863 2721 milia
895 2674 941 2721 in
962 2676 1155 2737 longum
1175 2675 1498 2739 porriguntur:
1525 2675 1581 2721 ab
1594 2673 1960 2725 Ranalsaabsunt

175 2741 281 2787 oc‘to
315 2759 326 2787 ε
362 2757 387 2786 a
406 2740 529 2786 Fano
552 2738 727 2786 Donati
762 2738 808 2785 in
834 2739 1123 2797 Cathanefia,
1142 2740 1274 2804 supra
1307 2737 1478 2803 viginti
1497 2737 1646 2786 millia
1666 2739 1869 2802 passuum
1894 2759 1907 2788 :
1931 2758 1966 2795 a,

175 2803 480 2868 septentrione
502 2805 562 2850 est
585 2803 731 2850 insula
750 2803 943 2850 Granisa
963 2805 1010 2851 in
1035 2805 1152 2851 freto
1175 2805 1424 2851 admodum
1456 2803 1646 2866 angusto
1667 2801 1763 2854 fita.
1817 2805 1962 2856 Abest

177 2869 299 2917 enim
322 2867 447 2916 Hoia
468 2885 495 2915 a
516 2868 730 2931 proximo
754 2868 1066 2923 Continentis,
1101 2869 1152 2915 id
1181 2870 1243 2915 est
1273 2869 1489 2916 Pomonae
1521 2866 1840 2930 promontorio
1862 2869 1989 2918 duo--

176 2935 321 2982 modo
342 2932 504 2980 millia.
536 2934 624 2980 Hae
648 2932 742 2979 fere
767 2932 886 2979 inter
909 2934 1179 2987 Pomonam,
1204 2935 1254 2982 &
1270 2931 1589 2979 Cathanesiam
1611 2931 1714 2979 su'nt
1733 2931 1886 2979 insulae
1904 2934 1955 2982 in

175 2989 274 3061 i'pso
297 2998 413 3045 freto
434 2998 543 3045 fitae.
611 2997 752 3043 Latus
775 2996 1070 3044 Continentis
1091 2997 1377 3044 occidentale
1396 3012 1520 3043 mare
1542 3009 1755 3058 apertum
1767 2995 1962 3060 spectat,

176 3062 315 3119 nullis
339 3060 387 3108 in
406 3079 461 3109 eo
485 3077 570 3109 nec
591 3061 766 3115 insulis,
792 3077 875 3108 nec
893 3061 1090 3125 scopulis
1112 3060 1456 3124 apparentibuS.
1527 3061 1603 3107 Ab
1624 3060 1837 3108 orientali
1856 3062 1956 3123 ejus

175 3127 494 3190 promontorio
511 3126 701 3189 paulum
721 3125 965 3187 procurrit.
1000 3125 1180 3172 Cobesa
1200 3142 1227 3171 a
1247 3126 1391 3172 Borea
1411 3141 1512 3171 eam
1534 3125 1664 3171 velut
1685 3125 1818 3188 tegit.
1872 3125 1953 3175 Lir-

175 3189 267 3246 tori
281 3189 474 3254 'propior
496 3188 700 3253 Siapinsa
718 3190 912 3253 paulum
929 3189 1033 3244 sein
1052 3182 1277 3237 orientem
1294 3188 1530 3236 insseEtens
1550 3204 1619 3236 ex*
1629 3189 1816 3237 adverso
1834 3189 1951 3241 Cra-

229 3354 288 3407 (1)
316 3354 395 3392 Tin
413 3356 482 3392 and
503 3355 595 3392 lead.
1096 3355 1189 3394 mh
1208 3357 1254 3395 of
1267 3356 1419 3395 March.
1473 3353 1772 3407 AEquinostium
1800 3362 1952 3394 autum·

227 3408 289 3457 (2)
316 3408 445 3445 When
465 3408 530 3445 the
554 3410 622 3456 day
643 3410 714 3445 and
731 3408 797 3447 the
830 3409 940 3459 night
968 3423 1028 3448 are
1093 3411 1211 3458 nale3
1241 3410 1272 3448 it
1303 3409 1437 3450 falleth
1467 3417 1535 3461 out
1553 3409 1666 3449 about
1694 3408 1763 3448 the
1799 3407 1892 3460 13th
1912 3407 1959 3446 of

173 3461 279 3501 ssike
296 3461 398 3509 long.
446 3461 744 3510 AEquinoftium
764 3463 945 3510 brumale,
963 3463 1030 3502 the
1096 3464 1327 3514 September.

174 3514 476 3567 spring-equinox
497 3528 512 3564 3
539 3515 571 3554 it
598 3513 733 3553 faneth
751 3525 817 3554 out
835 3517 947 3556 about
965 3516 1031 3556 the

1756 3626 1960 3699 noviaco
2014 3612 2016 3614 ³
