2025 3833
118 144 254 229 1366
378 150 782 224 RERUM
858 146 1553 217 SCOTICARUM

120 244 311 294 scientia
333 246 406 293 sua
423 245 629 293 adversus
655 242 1021 290 maledicentiam
1043 244 1336 291 inimicorum
1356 245 1535 301 fretam,
1568 255 1607 295 δε
1631 251 1882 300 misericor-

125 311 204 357 dia
226 327 335 373 erga
367 311 491 357 suum
516 306 777 369 sanguinem
814 321 1067 368 permotam
1105 309 1199 368 ejus
1220 309 1424 370 inopiam
1460 310 1545 356 suis
1581 311 1771 360 fortunis
1797 317 1885 362 sus-

115 376 326 422 tentasse.
394 373 606 420 Tandem
630 387 732 416 cum
755 371 802 417 in
827 371 1018 417 muliere
1042 378 1080 418 δε
1105 372 1242 418 vidua
1263 372 1313 418 id
1335 372 1479 419 aetatis
1503 391 1592 419 non
1617 375 1888 438 satis.praes1-

125 437 195 487 dii
228 437 418 490 videret,
456 437 497 482 se
519 435 694 481 vicinos
721 436 889 497 Reges,
935 439 984 484 ὃς
1007 436 1212 482 nationes
1242 437 1508 491 circumisse,
1545 452 1799 501 rogantem,
1836 454 1887 488 ut

50 542 52 544 .
125 519 389 551 communes
413 499 532 546 casus
556 498 844 560 respicerent,
865 516 953 545 neu
976 500 1174 562 Regium
1207 500 1469 563 sanguinem
1495 501 1712 548 violentia
1734 515 1887 564 tyran-

121 568 243 616 nidis
263 564 516 625 oppress'um
538 563 584 608 in
607 563 749 616 luctu,
774 563 981 616 miseriis,
1001 569 1041 609 &
1063 564 1309 610 formidine
1332 565 1524 611 finerent
1558 567 1886 614 contabescere.

113 635 182 679 Se
203 646 308 676 vero
328 627 402 673 etsi
429 627 474 673 in
497 627 760 689 gravissimis
781 627 909 672 malis
934 628 1145 683 versetur,
1163 644 1253 674 non
1272 629 1335 674 ita
1357 628 1511 674 animo
1529 631 1612 675 effe
1636 631 1880 690 dejectum,

125 708 176 744 ut
196 710 283 740 non
305 691 448 754 speret
470 692 717 753 aliquando
739 691 852 744 fore,
869 704 924 736 ut
942 691 1211 745 amicorum,
1235 696 1367 755 (quos
1388 691 1609 755 plurimos
1632 695 1781 741 adhuc
1804 696 1887 741 ha-
1961 746 1968 749 λ

126 761 231 806 beat
252 757 298 802 in
321 756 511 817 Anglia,
537 762 573 800 δι
594 755 841 812 Hibernia)
863 754 1034 800 auxilio
1056 755 1298 810 restitutus,
1320 773 1403 818 pro
1423 756 1586 804 merito
1608 757 1773 821 cuique
1791 775 1896 822 gra-

120 823 231 869 tiam
254 819 420 866 referre
441 820 598 882 posset,
633 818 880 882 praesertim
901 819 1123 879 adjunctis
1143 821 1199 866 ad
1222 820 1344 866 suam
1369 820 1529 868 sedam
1555 823 1891 883 Scotorumxvi·

119 887 278 933 ribus:
315 901 395 946 per
427 900 541 946 quos
576 880 606 929 fi
631 884 676 929 in
709 899 899 946 regnum
941 885 1110 937 redeat,
1136 884 1262 931 brevi
1286 885 1507 940 futurum,
1535 898 1583 932 ut
1624 885 1890 949 intelligant

119 949 415 998 firmissimum
439 947 636 993 amicum
661 947 743 993 fibi
764 960 968 1011 paratum
997 966 1007 994 :
1043 950 1095 998 δε
1117 965 1172 995 eo
1195 961 1399 1012 tempore
1422 963 1647 1012 paratum,
1681 966 1774 1011 quo
1796 950 1894 997 veri

120 1014 258 1061 amici
282 1011 517 1059 conciliari
538 1011 724 1058 soleant.
794 1011 938 1057 Tanti
960 1024 1111 1059 autem
1135 1013 1345 1060 beneficii
1368 1013 1426 1066 se,
1472 1014 1660 1077 suosque
1696 1016 1894 1076 posteros

120 1081 185 1126 ita
224 1089 445 1141 perpetuo
481 1074 840 1131 memores'forffi
884 1088 932 1122 ut
953 1093 1139 1123 omnem
1162 1077 1361 1124 melioris
1385 1077 1580 1124 fortunae
1600 1078 1892 1124 acceflionem

121 1144 289 1190 debere
314 1142 353 1188 se
375 1142 437 1188 eis
462 1141 659 1187 libenter
682 1140 945 1186 faterentur.
1015 1141 1214 1187 Addidit
1234 1154 1451 1203 praeterea
1485 1143 1630 1188 multa
1657 1142 1713 1188 de
1750 1143 1894 1206 Regis

118 1208 332 1256 laudibus
355 1205 523 1267 partim
544 1222 665 1259 vera,
691 1204 854 1266 partim
878 1204 1032 1266 qualia
1054 1204 1245 1268 praesens
1265 1206 1448 1251 fortuna
1470 1206 1773 1269 exprimebat.

110 1306 118 1322 ,-
184 1273 318 1318 XIII.
352 1271 453 1317 Post
476 1270 572 1316 haec
606 1270 727 1316 dicta
758 1266 863 1314 cuin
890 1271 1047 1315 Petrus
1081 1270 1341 1325 reticuisset,
1384 1271 1484 1316 Rex
1505 1270 1890 1317 eumsevocatum

113 1338 244 1389 ⁴bono
266 1334 420 1381 animo
441 1334 526 1379 effe
541 1335 661 1394 juffit
682 1350 694 1379 ε
731 1332 774 1378 se
803 1334 859 1379 de
882 1334 1114 1395 postulatis
1149 1334 1244 1394 ejus
1267 1335 1323 1380 ad
1345 1335 1594 1381 concilium
1619 1335 1884 1381 relaturum.

112 1405 290 1450 *Eorum
326 1398 609 1453 sententiam,
634 1398 711 1444 etsi
736 1396 817 1443 fibi
846 1396 898 1443 fit
919 1399 1087 1443 necesse
1112 1398 1160 1444 in
1184 1398 1318 1444 rebus
1335 1398 1621 1462 gravioribus
1641 1399 1784 1462 sequi,
1818 1404 1897 1445 ta-'

117 1483 224 1514 men
250 1477 481 1524 utcunque
501 1463 571 1509 illi
589 1464 899 1517 decernerent,
915 1461 955 1506 se
970 1464 1235 1508 effecturum
1258 1462 1467 1525 spondet,
1480 1480 1537 1508 ne
1554 1479 1657 1509 eum
1677 1463 1890 1526 aliquan-

119 1532 180 1578 do
202 1529 260 1576 ad
282 1528 323 1574 se
345 1527 595 1589 confugisse
618 1525 855 1588 poeniteat.
923 1527 1056 1572 Petro
1078 1528 1248 1589 egrefl‘o
1289 1542 1392 1572 cum
1424 1527 1653 1573 sententia:
1675 1543 1893 1590 rogaren-

123 1609 214 1648 tur,
254 1591 588 1654 prudentiores,
622 1595 672 1640 &
694 1590 860 1652 quibus
884 1589 1028 1649 major
1048 1603 1143 1636 erat
1164 1607 1313 1637 rerum
1338 1591 1436 1637 usus
1456 1607 1555 1637 rem·
1572 1590 1798 1654 integram
1821 1608 1893 1637 re·

111 1657 364 1722 jiciendam
387 1655 628 1700 censebant
654 1673 665 1699 :
700 1655 789 1699 five
811 1654 936 1715 quod
963 1670 1077 1699 vana
1099 1670 1201 1715 quae
1223 1656 1628 1716 praetenderentur,
1664 1655 1890 1702 existima·
1964 1656 2002 1677 ‘³

116 1736 245 1772 rent:
281 1720 369 1765 five
392 1720 520 1781 quod
542 1720 644 1780 plus
668 1735 692 1764 e
718 1717 840 1764 bello
863 1717 1170 1778 prospicerent
1193 1718 1555 1780 periculi,·quam
1577 1735 1602 1764 e
1618 1719 1820 1772 victoria,
1841 1737 1890 1765 e-

119 1790 228 1836 tiam
255 1785 284 1830 si
309 1795 429 1830 certa
452 1785 573 1834 ess'et.
609 1782 908 1829 emolumenti
933 1785 1238 1843 expectarent.
1329 1784 1394 1828 At
1415 1783 1556 1842 major
1579 1799 1697 1844 pars,
1738 1784 1809 1829 vel
1829 1784 1892 1830 ob
1916 1787 1921 1791 '

119 1848 398 1914 imperitiam
423 1866 591 1902 rerum,
617 1851 666 1897 δε
689 1846 945 1892 animorum
967 1846 1332 1901 inconstantiam,
1364 1847 1436 1892 vel
1459 1859 1506 1892 ut
1525 1847 1644 1910 Regi
1668 1847 1896 1909 gratifica-

120 1930 293 1970 rentur‚
321 1913 395 1976 (ι)
431 1929 551 1959 nunc
583 1913 639 1958 de
663 1910 791 1957 causa
813 1910 934 1956 Petri
973 1911 1238 1965 disserenda,
1297 1923 1346 1957 ut
1368 1927 1471 1974 quae
1509 1912 1613 1956 ess'et
1644 1911 1892 1971 justissima,

122 1983 354 2028 fortunam
377 1977 578 2024 hominis
601 1974 1048 2023 commiserabantur.
1097 1976 1240 2021 Nunc
1261 1975 1395 2022 rebus
1417 1974 1465 2021 in
1485 1974 1658 2038 Anglia
1679 1976 1891 2031 turbatis,
1961 1983 1963 1985 ’

117 2045 371 2108 animisque
403 2058 462 2089 ex
483 2040 610 2087 civili
648 2038 872 2086 discordia
894 2039 1043 2084 adhuc
1065 2039 1389 2085 fluctuantibus
1424 2040 1705 2085 occasionem
1729 2040 1891 2102 arripi-

117 2112 302 2163 endam,
326 2113 379 2160 &
405 2107 531 2170 quod
555 2102 699 2167 Angli
729 2102 904 2165 semper
931 2102 1077 2163 facere
1101 2103 1448 2157 consueverunt,
1488 2102 1538 2149 id
1561 2102 1601 2149 se
1641 2103 1890 2166 aliquando

118 2174 315 2238 experiri
339 2173 522 2224 debere,
546 2180 594 2216 ut
617 2167 910 2214 inimicorum
930 2167 1112 2213 adversa
1130 2179 1338 2228 tempora
1360 2167 1418 2212 ad
1440 2167 1566 2227 suum
1592 2167 1716 2212 usum
1741 2169 1891 2214 trahe-

90 2267 94 2270 *
120 2254 239 2287 rent.
306 2235 657 2295 Victoriamque
671 2232 767 2292 jam
791 2231 874 2278 fibi
895 2243 999 2278 ante
1021 2231 1246 2278 clafficum
1269 2230 1625 2294 augurabantur,
1645 2231 1893 2293 praesertirn

119 2303 345 2367 adjunctis
370 2299 548 2363 magnis
573 2297 832 2359 Anglorum
854 2295 999 2357 copiis
1027 2314 1037 2342 :
1068 2312 1172 2357 quae
1197 2295 1226 2341 fi
1257 2295 1331 2357 spe
1365 2295 1612 2341 hominum
1628 2294 1894 2358 infrequen-

119 2370 257 2416 tiores
279 2364 591 2417 convenirent,
613 2375 765 2407 tamen
787 2376 812 2405 e
847 2360 1027 2406 duobus
1049 2362 1243 2405 alterum
1263 2360 1420 2422 sponte
1442 2358 1716 2413 secuturum,
1744 2373 1792 2406 ut
1813 2361 1888 2407 vel

112 2435 314 2482 ,viclores
337 2444 465 2478 tanto
488 2425 711 2475 beneficio
736 2425 913 2486 Regem
936 2424 1015 2470 fibi
1038 2423 1288 2470 obnoxium
1316 2422 1366 2470 in
1389 2422 1584 2485 Regiam
1620 2423 1767 2470 sedem
1792 2424 1890 2470 col-

123 2499 330 2544 locarent
357 2513 369 2542 :
423 2494 482 2541 ab
519 2507 666 2554 eoque
687 2505 791 2552 quae
815 2489 1003 2544 vellent,
1044 2488 1202 2534 omnia
1220 2488 1517 2549 impetrarent
1542 2505 1553 2533 :
1584 2488 1657 2533 vel
1677 2487 1706 2533 fi
1730 2487 1896 2550 absque

117 2560 366 2609 certamine
389 2575 484 2606 rem
508 2557 749 2617 transigere
772 2553 964 2615 possent,
988 2552 1244 2599 Henricum
1269 2551 1429 2598 sedatis
1452 2551 1658 2598 motibus
1680 2552 1893 2599 domesti-

119 2626 186 2672 cis
209 2625 414 2682 nondum
437 2637 580 2684 regno
602 2619 890 2670 confirmato,
914 2617 962 2662 in
984 2633 1096 2679 quas
1117 2616 1290 2662 vellent
1322 2615 1610 2662 conditiones
1644 2618 1895 2677 pertractu-

117 2707 210 2738 ros.
310 2688 401 2734 u'od
424 2688 454 2733 fi
477 2686 624 2732 facere
646 2684 899 2735 cunctatur,
926 2681 1048 2728 bello
1070 2680 1206 2728 semel
1228 2692 1354 2727 moto
1376 2680 1621 2743 permulta,
1645 2696 1748 2743 qua:
1771 2696 1892 2728 nunc

121 2745 333 2808 laterent,
358 2752 516 2814 sponte
537 2749 580 2795 se
601 2747 828 2818 oblatura.

184 2819 318 2865 XIV.
352 2817 468 2863 Haec
485 2829 592 2860 cum
614 2826 759 2871 major
772 2826 875 2882 pars
893 2809 1143 2865 censuisset,
1163 2811 1264 2857 Rex
1285 2825 1507 2858 novarum
1525 2823 1674 2855 rerum
1697 2805 1894 2870 cupidus

41 2888 47 2895 '
118 2885 168 2931 in
191 2899 292 2930 eam
310 2879 579 2928 sententiam
601 2874 858 2927 inclinavit,
881 2889 935 2920 ac
957 2886 1143 2921 caeteros
1165 2875 1316 2920 secum
1350 2873 1505 2920 traxit.
1572 2873 1677 2920 Nec
1714 2872 1810 2933 post
1841 2871 1893 2918 id
1957 2901 1975 2906 --

118 2947 300 2994 ceffavit
322 2947 508 2992 Petrum
525 2937 904 2989 honorificentius
927 2939 1179 2993 tractando,
1195 2937 1455 2999 ducemque
1468 2935 1798 2984 Eboracensem
1812 2952 1894 2998 ap-

119 3011 338 3076 pellando
367 3008 542 3072 populo
564 3005 798 3052 ostentare.
868 3003 972 3049 Nec
994 3003 1079 3048 hac
1102 3001 1403 3049 beneficentia
1424 3013 1665 3048 contentus
1680 3000 1896 3048 Cathari-

115 3093 223 3124 *nam
250 3072 540 3120 Gordoniam
561 3066 760 3117 Comitis
781 3067 1034 3122 Huntilaeae
1057 3066 1215 3120 filiam,
1240 3081 1291 3112 ac
1311 3077 1475 3128 pra-:ter
1492 3065 1776 3128 splendorem
1811 3080 1895 3127 get

120 3140 239 3187 neris
264 3139 413 3185 forma
434 3133 802 3183 commendatam
827 3130 870 3176 ei
896 3146 1081 3177 uxorem
1099 3130 1244 3184 dedit,
1264 3130 1350 3176 hac
1372 3129 1587 3176 affinitate
1604 3128 1652 3175 in
1663 3128 1895 3191 spem-for-

121 3202 244 3250 tunae
267 3201 469 3249 melioris
504 3215 611 3247 eum
635 3197 999 3245 confirmaturus.
1068 3197 1249 3242 Interea
1277 3210 1332 3240 ex
1362 3193 1540 3240 consilii
1577 3193 1762 3239 decreto
1793 3193 1896 3238 Rex

26 3304 27 3307 η
118 3279 382 3326 comparato
403 3264 604 3312 exercitu
628 3262 674 3309 in
700 3257 921 3323 Angliam
943 3259 1088 3314 ducit,
1129 3259 1330 3322 primuni
1350 3256 1695 3322 circumspecte,
1737 3261 1778 3303 &
1807 3271 1893 3317 ag-

55 3366 62 3369 -
119 3330 243 3377 mine
266 3331 323 3377 ad
339 3329 567 3394 praelium,
592 3327 624 3373 fi
645 3342 737 3389 qua
757 3322 997 3388 repentina
1018 3323 1086 3370 vis
1108 3323 1359 3388 ingrueret,
1382 3334 1559 3384 parato.
1611 3319 1812 3374 Deinde,
1827 3327 1889 3372 ,ut

122 3503 124 3505 Ι
174 3457 238 3507 (1)
267 3457 296 3494 i.
326 3471 359 3494 e.
389 3459 434 3494 de
462 3470 532 3505 qua
557 3469 656 3494 nunc
674 3447 841 3493 disserere
872 3467 979 3502 para·
1032 3467 1117 3494 one.
1147 3455 1247 3492 Gen.
1273 3452 1486 3491 differendo.

120 3513 225 3564 bant.
263 3509 332 3557 ⁴On
356 3517 512 3547 account
541 3509 595 3546 of
609 3509 668 3546 his
698 3506 815 3553 cause,
849 3506 979 3552 which
1290 3522 1293 3525 Δ

119 3569 196 3603 was
214 3575 297 3601 now
331 3569 371 3599 to
405 3562 448 3599 be
471 3561 634 3600 ‘debated
668 3574 705 3598 as
731 3573 752 3598 a
785 3572 874 3617 very
906 3560 980 3610 just

1773 3589 1780 3594 ⁴
1816 3637 1898 3690 per
