2025 3833
139 129 272 215 396
445 134 805 200 RERUM
895 130 1572 202 ScoTIGARUM

142 231 330 280 arbitrio
353 231 417 278 sui
435 234 566 278 status
581 226 940 276 incolumitatem
965 229 1207 277 collocare.
1273 233 1510 294 Qantum
1533 234 1689 282 auxilii
1716 237 1763 285 in
1786 238 1913 285 ami-

145 296 210 342 cis
229 297 483 343 absentibus
506 292 710 340 adversus
735 291 968 352 praesentia
991 294 1191 354 pericula
1208 295 1329 350 effet,
1350 298 1378 342 fi
1410 312 1608 359 unquam
1632 301 1758 356 alias,
1779 308 1904 349 certe

147 360 235 406 hac
256 360 349 423 ipsa
383 362 527 405 aestate
564 373 652 402 non
678 355 816 402 modo
838 354 1055 419 intelligi,
1084 357 1158 406 sed
1179 359 1324 407 oculis
1346 360 1532 422 speclari
1559 361 1765 423 potuisse,
1795 381 1905 411 cum

150 425 331 488 Anglus
351 423 458 470 hinc
480 437 560 467 nos
584 420 642 467 ab
664 419 820 466 amicis
845 419 1039 467 desertos
1062 420 1215 477 ferret,
1235 436 1389 486 ageret
1412 442 1423 470 ι
1449 426 1641 487 totisque
1661 419 1834 473 iliribus
1857 429 1909 475 in

145 488 397 552 perniciem
430 487 619 531 nostram
656 483 960 538 incumberet,
993 484 1126 532 illinc
1155 487 1324 535 auxilia
1351 487 1466 552 saepe
1494 490 1723 553 promissa,
1753 504 1805 536 ac
1826 485 1919 537 diu'

145 553 319 616 sperata
339 561 511 596 teneret
527 548 731 595 clastibus
753 547 837 594 suis
859 548 1038 595 obsessa.

153 631 155 633 ·
214 617 321 662 XX.
353 615 470 661 Haec
491 630 593 660 cum
618 622 702 675 pro
724 611 897 658 foedere
923 613 1126 676 Anglico
1144 612 1496 677 disputarentur,
1518 631 1569 662 ac
1592 629 1681 662 nnn
1703 615 1838 679 pauci
1862 616 1913 665 in
1961 629 1966 678 j

151 690 252 727 earn
280 677 543 724 sententiam
566 676 675 723 ituri
693 677 848 730 essent,
872 677 1007 724 multi
1031 689 1188 724 contra
1208 678 1492 726 disserebant.
1557 676 1698 727 Erant
1719 680 1840 726 enim
1859 680 1911 729 in

147 760 203 790 eo
225 755 454 789 conventu
476 742 698 804 plaerique
714 740 906 790 Gallicis
924 741 1245 805 largitionibus
1264 744 1810 806 praeoccupati,nonnulli
1829 744 1917 791 eti-

149 825 242 863 am,
274 809 355 870 qui
391 807 520 869 quod
541 823 566 852 e
586 806 783 868 publicis
819 805 1104 855 detrimentis
1127 807 1201 853 sua
1223 809 1551 869 comparabant
1583 809 1911 864 emolumenta

147 871 339 918 omnino
358 887 382 916 a
400 887 510 933 pace
529 869 848 918 abhorrebant.
916 871 1018 917 Nec
1039 873 1242 925 deerant,
1258 871 1424 933 quibus
1449 872 1592 934 Angli
1614 873 1660 918 in
1683 872 1912 936 pollicen-

147 936 210 982 do
230 934 423 981 facilitas
445 935 550 981 esset
569 934 781 995 snspech,
806 935 1050 996 praesertim
1074 951 1179 981 cum
1205 952 1270 983 res
1293 935 1495 998 Angiica
1513 950 1611 985 tum
1632 936 1912 1000 potiffimum
1977 994 1988 1000 ἱ

146 1002 368 1062 'penderet
389 1015 445 1045 cx
463 998 650 1044 arbitrio
672 998 873 1047 Thomae
893 998 1063 1051 Volsazi
1083 999 1342 1047 Cardinalis
1361 1000 1445 1047 viri
1465 1000 1610 1063 pravi,
1635 1007 1675 1050 &
1698 1002 1913 1048 ambitio-

149 1066 197 1118 13,
235 1068 283 1113 ὅτ
310 1064 391 1126 qui
421 1062 605 1110 confilia
626 1061 781 1108 omnia
802 1064 858 1109 ad
881 1063 1003 1109 suam
1034 1063 1245 1125 privatim
1269 1065 1602 1120 aueloritatem,
1637 1069 1685 1113 δε
1710 1065 1914 1128 dignita·

148 1139 244 1174 tem
275 1127 581 1188 ampliandam
618 1127 805 1174 referret
827 1147 837 1173 z
862 1127 1059 1190 ideoque
1081 1145 1133 1174 ea
1152 1129 1206 1174 ad
1230 1144 1413 1177 omnem
1445 1129 1637 1175 fortunae
1659 1129 1814 1177 flatum
1838 1145 1919 1177 ac-

146 1193 476 1242 commodaret.
532 1190 599 1239 Hi
621 1203 719 1238 tum
738 1208 895 1240 omnes
919 1191 1099 1240 diversis
1118 1191 1369 1243 rationibus
1391 1194 1595 1248 adducti,
1613 1193 1685 1242 sed
1710 1192 1808 1255 pari
1826 1194 1915 1241 stu·
1935 1218 1938 1221 >

150 1259 233 1304 dio
255 1269 405 1302 tamen
425 1257 660 1302 Gallicum
680 1256 830 1302 foedus
849 1257 1119 1304 tuebantur:
1141 1257 1462 1320 negabantque
1482 1272 1770 1319 repentinam
1785 1257 1916 1306 illam-

146 1322 286 1367 hostis
315 1321 633 1368 liberalitatem
668 1322 751 1367 effe
776 1321 1038 1383 gratuitam.
1105 1322 1210 1368 Nec
1235 1338 1356 1367 nunc
1386 1322 1586 1384 primum
1610 1322 1788 1384 Anglos
1822 1322 1920 1369 illis

147 1386 317 1432 artibus
327 1385 602 1447 adincautos
624 1384 831 1433 homines
852 1384 1148 1445 decipiendos
1173 1385 1254 1432 uti.
1295 1386 1558 1436 Eduardum
1581 1386 1915 1450 primumjura-

148 1461 265 1503 turn,
299 1454 346 1498 8<
371 1450 772 1512 omnibus'legum
805 1449 1000 1499 vinculis
1032 1448 1320 1498 constrictum
1356 1451 1413 1496 ad
1444 1450 1572 1497 litem
1609 1450 1914 1498 dirimendam

146 1514 368 1560 arbitrum
391 1514 603 1568 eleflum,
628 1514 715 1559 sese
734 1529 813 1575 per
831 1514 1050 1561 summam
1071 1513 1284 1575 injuriam
1304 1516 1479 1577 Regem
1504 1516 1743 1561 Scotorum
1771 1515 1913 1562 creas-

146 1576 207 1624 se.
274 1579 440 1639 Nuper
471 1578 609 1624 etiam
641 1577 905 1624 Eduardum
929 1590 1141 1640 quartum
1179 1577 1580 1625 Caeciliam.filiam
1608 1577 1766 1625 Iacobi
1791 1578 1913 1626 tertii

148 1642 245 1689 filio
280 1642 575 1703 despondisse.
641 1643 760 1692 Cum
796 1652 946 1688 autem
971 1642 1125 1704 puella
1159 1641 1373 1688 nubendo
1398 1642 1695 1696 maturuiss'et,
1729 1643 1922 1704 nuptiae»

145 1723 291 1769 prope
310 1719 485 1768 paratas
504 1705 735 1752 occasione
756 1705 866 1753 belli
883 1705 1115 1752 exnostris
1139 1705 1394 1755 domesticis
1411 1705 1597 1754 diffidiis
1615 1717 1808 1768 arrepta,
1826 1706 1914 1753 dis-

146 1770 335 1816 solvisse.
372 1771 541 1832 Neque
566 1786 686 1816 nnnc
708 1768 834 1816 aliud
856 1771 1059 1833 Anglum
1080 1787 1300 1833 quaerere,
1324 1770 1463 1832 quam
1488 1782 1538 1816 ut
1557 1771 1722 1832 injefta
1738 1770 1812 1833 sp‘e
1835 1787 1913 1816 va-

148 1851 207 1880 na
230 1834 509 1888 dominatus,
545 1851 625 1881 nos
651 1833 697 1880 in
719 1850 874 1881 veram
897 1833 1156 1882 servitutem
1189 1835 1358 1897 rapiat„
1377 1851 1430 1881 ac
1453 1835 1686 1885 destitutos
1715 1834 1918 1882 externis

148 1897 332 1944 auxiliis
355 1911 454 1945 toto
478 1898 644 1945 virium
667 1899 843 1945 suarum
867 1898 1107 1946 molimine
1126 1898 1332 1946 incautos
1357 1898 1603 1961 opprimat.
1671 1900 1774 1946 Nec
1795 1899 1914 1946 illud

148 1963 358 2024 quidem,
391 1962 440 2009 in
472 1979 565 2027 quo
586 1963 760 2014 exultat
790 1979 947 2009 eorum
977 1963 1143 2019 oratio,
1183 1979 1341 2009 verum
1370 1963 1583 2010 tutiorem
1611 1965 1694 2010 effe
1724 1963 1915 2026 propin>-

146 2042 305 2088 quam,
329 2042 469 2090 quam
491 2027 793 2090 longinquam
821 2026 1067 2074 amicitiam
1099 2044 1113 2073 ;
1136 2026 1457 2075 dissentionum
1481 2028 1602 2074 enirn
1625 2028 1774 2074 causas
1795 2026 1916 2074 inter

146 2090 324 2136 vicinos
349 2108 581 2157 nunquam
604 2090 853 2138 defuturas.
923 2093 1050 2153 Qas
1072 2090 1380 2154 saepenumero
1404 2091 1525 2138 casus
1547 2093 1732 2156 gignat,
1753 2095 1803 2142 δε
1825 2107 1911 2154 Ρο-

146 2153 371 2201 tentiorea
390 2170 481 2202 non
503 2172 604 2202 raro
625 2155 716 2202 levi
737 2155 969 2205 occasione
991 2155 1144 2205 oblata
1165 2154 1325 2202 serant.
1373 2156 1645 2203 Concordiae
1666 2157 1808 2219 leges,
1833 2156 1915 2217 qui
1951 2204 1961 2208 ,

148 2217 352 2281 superior
373 2219 421 2265 in
444 2235 671 2267 armorum
696 2220 784 2266 erit
807 2218 1070 2274 certamine,
1095 2235 1178 2282 pro
1201 2219 1277 2264 suo
1298 2218 1779 2281 arbitriopraefcribet.
1811 2217 1913 2266 Ne-

120 2285 238 2345 'que
269 2299 472 2345 unquam
493 2284 614 2331 inter
642 2283 837 2332 finitima
858 2299 1000 2346 regna
1022 2295 1114 2329 tam
1145 2282 1343 2330 sancium
1367 2278 1493 2331 fuisse
1515 2283 1730 2329 amicitiae
1752 2281 1916 2330 vincu-

147 2347 266 2401 lum,
290 2347 416 2410 quod
439 2364 531 2395 non
560 2349 632 2394 vel
663 2348 828 2396 oblatis
858 2346 1186 2403 occasionibus,
1217 2348 1290 2394 vel
1307 2345 1504 2413 quaefitis
1526 2348 1665 2394 causis
1686 2345 1923 2410 saepiffime·

142 2410 407 2458 violaretur.
474 2413 643 2476 Neque
664 2412 930 2475 sperandum·
947 2412 1137 2475 -Anglos
1165 2428 1286 2458 nunc
1309 2411 1453 2474 magis
1473 2409 1500 2456 a
1518 2411 1650 2458 nobis
1682 2412 1913 2460 violandis

147 2480 494 2537 temperaturos,
519 2493 657 2539 quam
683 2477 752 2538 (1)
768 2493 793 2522 a
815 2488 883 2524 tot
904 2476 968 2523 sui
990 2475 1219 2538 sanguinis
1240 2476 1447 2540 Regibus
1464 2475 1773 2528 abstinuerint.
1811 2477 1916 2524 Foea

145 2542 307 2585 derum
330 2539 451 2586 enim
477 2540 702 2595 sanctitas,
732 2540 1085 2603 &jurisjurandi
1108 2539 1291 2604 religio,
1313 2547 1353 2588 &
1375 2541 1689 2604 paciorum2&
1713 2555 1913 2588 conven-

146 2615 299 2649 torum
333 2603 582 2651 fidesinter
614 2605 759 2652 bono's
793 2604 1036 2653 firmissima
1066 2604 1176 2652 suntv
1197 2605 1400 2660 vincula,
1434 2603 1553 2652 inter
1582 2606 1731 2652 malos>
1759 2604 1913 2653 oblata

147 2667 477 2714 commoditate
498 2669 554 2716 ad
578 2667 830 2716 fallendum
852 2668 981 2716 retia.
1048 2670 1335 2716 Haecautem
1359 2668 1661 2717 commoditas
1678 2669 1726 2716 in
1749 2668 1913 2718 finium

148 2730 519 2794 propinquitate,
539 2736 588 2782 δε
615 2732 788 2796 linguae
811 2732 1119 2788 commerciQf
1135 2736 1186 2783 δε
1206 2733 1316 2780 vitae
1337 2734 1465 2781 cultu
1494 2750 1585 2780 non
1616 2732 1815 2780 diffimili
1837 2737 1910 2784 vel

148 2794 349 2841 maxime
371 2796 451 2844 fita
472 2798 547 2843 est.
616 2797 758 2859 Qio'd
782 2798 813 2843 fx
836 2798 935 2843 haze
953 2796 1111 2844 omnia
1137 2797 1279 2861 longe
1305 2796 1428 2845 secus
1457 2798 1695 2853 haberent,
1730 2798 1823 2843 duo
1845 2810 1915 2846 ta-

148 2869 254 2904 m'en
278 2860 411 2906 nobis
435 2859 717 2923 providenda
738 2860 863 2915 sunt,
879 2861 1088 2916 alterum,
1110 2878 1168 2907 ne
1184 2874 1358 2910 veteres
1380 2862 1551 2910 amicos
1564 2861 1680 2924 saepe
1701 2863 1758 2910 de
1780 2864 1914 2911 nobis

145 2921 264 2969 bene
284 2924 470 2971 meritos
490 2923 720 2973 inauditos
730 2924 986 2986 rejiciamus
1003 2944 1014 2972 :
1035 2925 1246 2981 alterum,
1263 2943 1318 2973 ne
1337 2926 1496 2974 frustra
1515 2927 1778 2974 altercando
1795 2937 1914 2976 tem-

150 3004 237 3047 pus
256 2988 332 3033 hic
362 3002 582 3044 teramus,
601 3005 655 3034 ea
676 2989 922 3050 praesertim
941 2990 998 3037 de
1019 3006 1085 3044 re,
1108 2990 1165 3036 de
1187 3005 1276 3053 qua
1298 2991 1415 3037 nihil
1433 2991 1516 3040 uisi
1535 2991 1584 3038 in
1607 2991 1815 3039 omnium
1836 3005 1915 3041 or-

145 3050 306 3097 dinum
330 3060 559 3100 conventu
585 3053 796 3101 constitui
817 3053 978 3114 potest.
1042 3053 1151 3100 Hoc
1170 3055 1368 3102 maxime
1403 3058 1522 3107 ‚nelo
1537 3055 1734 3103 Gallicae
1754 3055 1920 3104 factio»
1963 3086 1973 3102 .

143 3114 213 3161 nis
236 3108 444 3162 homines
467 3129 733 3172 tenuerunt,
751 3134 807 3165 ne
825 3118 1075 3184 quicquam
1093 3130 1198 3166 ante
1218 3132 1366 3190 certos
1387 3071 1418 3167 5

140 3179 332 3226 nuncios
353 3181 686 3231 decerneretur.
1387 3223 1396 3227 ὴ

164 3357 173 3366 .
199 3308 261 3357 (1)
290 3310 319 3345 F
321 3322 364 3348 or
380 3310 558 3349 William
576 3310 642 3349 the
660 3307 877 3362 conqueror,
901 3313 1003 3353 Wil-
1057 3312 1158 3351 their
1175 3310 1333 3361 subieCis
1349 3327 1391 3352 or
1404 3315 1618 3361 emulators,
1632 3313 1669 3352 so
1684 3312 1768 3352 that
1784 3315 1831 3353 of
1842 3315 1912 3354 the*

145 3359 239 3396 ham
258 3362 401 3409 Rufus,
417 3364 547 3413 Henry
563 3364 736 3412 thcfirst,
756 3365 850 3414 king
867 3366 1003 3417 Stephss
1057 3367 1247 3415 catalogue
1260 3402 1263 3404 .
1275 3367 1320 3404 of
1345 3367 1400 3406 all·
1426 3367 1492 3405 the
1510 3367 1660 3415 English
1692 3368 1909 3414 monarche,

145 3424 208 3456 en,
244 3413 374 3462 Henry
415 3428 454 3454 2.
484 3411 652 3469 Richard
684 3430 721 3456 1.
758 3417 856 3466 king
884 3419 1002 3469 john,
1056 3421 1144 3469 only
1163 3421 1317 3460 Edward
1340 3431 1373 3457 1.
1400 3421 1555 3458 Edward
1575 3433 1612 3470 3.
1632 3422 1702 3457 and
1718 3421 1846 3469 Henry
1864 3433 1905 3471 5⁶

144 3464 277 3523 Hem]
297 3478 331 3514 3·
359 3468 488 3518 Henry
503 3481 558 3519 4„
572 3472 727 3517 Edward
745 3483 786 3519 4.
813 3473 945 3521 Henry
961 3485 1001 3520 7.
1057 3473 1197 3523 (altho'
1211 3472 1299 3521 they
1319 3472 1433 3510 found
1453 3472 1551 3511 some
1567 3471 1792 3510 ‘treasonable
1808 3469 1907 3520 plot's

145 3529 244 3574 vfere
262 3517 418 3555 infested
434 3521 529 3558 with
560 3522 647 3561 civil
677 3534 769 3560 wars
790 3525 859 3562 and
877 3521 998 3563 rebel·
1023 3520 1027 3525 ⁴
1053 3527 1123 3562 and
1142 3525 1530 3575 conspiraciesagainst
1545 3524 1665 3570 them,
1681 3522 1904 3574 yet2‘enioy-

148 3566 260 3606 hons.
315 3570 526 3609 Edwardz.
557 3575 723 3612 Richard
741 3574 780 3612 2'.
809 3578 939 3625 Henry
959 3578 997 3615 6.
1053 3579 1097 3615 ed
1114 3590 1224 3627 peace
1255 3586 1293 3616 at
1318 3575 1433 3618 home
1454 3578 1500 3628 by
1526 3576 1664 3626 having
1690 3581 1793 3626 great
1810 3584 1910 3613 war&

147 3621 302 3661 ‚Edwtrd
320 3635 357 3676 5.
379 3625 448 3662 and
467 3624 631 3664 Richard
645 3641 687 3680 3.
701 3641 798 3667 were
812 3627 935 3669 killed
953 3630 1007 3682 by-
1046 3626 1209 3670 abroad.'
1736 3638 1740 3641 ’
1775 3626 1909 3679 XXI·

1419 3136 1444 3166 e
1461 3120 1708 3175 Gallorum
1730 3120 1916 3170 auxiliis
1992 3156 1994 3158 »
