2055 3828
224 181 363 249 274
537 159 900 227 Renum
989 154 1679 229 Scor-reanum

217 271 386 309 (ratus.
436 259 603 308 Caeteri
626 259 762 304 duces
785 271 867 318 pro
888 254 1103 318 cujusque
1120 257 1241 310 loco,
1267 260 1308 302 Sc
1330 254 1500 302 virtute
1522 257 1686 305 ornati.
1733 259 1849 307 Haec
1870 257 1982 307 dum
2033 276 2055 285 *¹

227 327 349 374 an'no
372 323 608 372 millesimo
626 320 1070 384 quadringentesimo
1085 320 1305 385 vigesimo
1325 318 1373 367 in
1393 318 1552 367 Gallia
1569 333 1789 384 geruntur
1806 324 1983 371 Rober·

230 402 302 437 tus
325 390 619 436 Gubernator
639 384 804 449 Scotiae
826 385 989 431 eodem
1012 400 1132 431 anno
1154 383 1347 430 moritur
1380 384 1437 431 ad
1471 385 1658 431 tertium
1688 385 1848 433 Nonas
1870 390 1987 451 Sep,

228 455 442 506 tembres‚
466 449 647 496 decimo
667 449 831 513 quinto
852 450 948 512 post
971 447 1162 496 Roberti
1184 447 1306 495 tertii
1330 448 1469 510 Regis
1493 463 1687 496 mortem
1705 465 1843 496 anno.
1951 499 1953 501 ,

296 517 471 563 XXIII.
504 514 736 561 Sufficitur
756 513 803 560 in
826 513 977 561 locum
1000 512 1095 573 ejus
1118 511 1368 560 Mordacus
1391 511 1510 559 filius
1532 512 1720 577 ingenio
1741 511 1904 578 segnis.
1933 527 1987 561 ac

229 597 322 629 non
346 579 483 626 modo
505 577 562 624 ad
584 594 678 624 rem
701 576 951 641 publicam,
976 577 1050 623 sed
1073 592 1129 623 ne
1148 577 1205 623 ad
1221 576 1512 623 domesticam
1533 577 1720 639 quidem
1738 578 1987 640 regendam

226 644 328 691 satis
351 644 559 690 idonens.
580 643 741 705 Itaque
762 641 851 689 five
868 640 1088 695 socordia,
1104 640 1342 688 seunimia
1362 656 1472 704 erga
1493 639 1590 687 suos
1612 641 1915 705 indulgentia,
1930 641 1988 689 li-

230 709 359 755 beros
375 711 485 769 (tres
508 718 658 753 autem
684 706 879 753 habebat
898 705 1034 765 filios)
1049 704 1113 751 ita
1129 704 1349 777 corrupit,
1367 708 1469 753 ut&
1489 704 1546 759 se,
1569 709 1609 752 δι
1627 704 1730 752 illos
1753 706 1878 753 brevi
1896 705 1991 769 post

227 771 276 818 in
301 771 544 818 maximam
567 770 947 824 calamitatem,ac
966 771 1152 816 demum
1171 768 1362 816 exitium
1387 767 1754 831 praecipitaverit.
1772 770 1888 817 Haec
1905 770 1990 816 do-

227 835 680 893 mesticarumrerum
700 833 893 881 mutatio
913 835 1141 881 revocavit
1161 834 1183 881 ὲ
1208 831 1364 880 Gallia
1397 832 1985 894 BuchaniaeNiftoniaeque

231 899 457 954 Comite5‚
482 904 522 946 δε
544 899 803 962 complures
824 913 980 944 eorum
1002 897 1285 961 propinquos
1310 915 1322 943 ε
1357 896 1431 943 sed
1456 897 1579 945 brevi
1617 896 1876 960 compositis
1907 897 1992 943 do·

231 965 298 1011 mi
321 964 470 1019 rebus,
502 975 744 1010 revocante
766 960 953 1009 Delfino
975 962 1144 1008 Comes
1167 960 1428 1013 Buchaniae,
1456 966 1496 1007 δε
1519 962 1640 1007 socer
1660 960 1755 1022 ejus
1782 960 1993 1007 Arcibal-

232 1030 316 1075 dus
340 1043 440 1076 cum
472 1028 642 1074 Iacobo
664 1024 776 1081 filio,
802 1032 840 1073 ἃ
865 1041 1031 1090 magna
1047 1024 1301 1087 juventutis
1335 1024 1619 1071 nobiliffimae
1646 1041 1781 1072 manu
1803 1024 1849 1071 in
1875 1023 1991 1071 Gal·

232 1093 342 1140 liam
366 1090 600 1156 navigant,
638 1091 794 1139 relicto
817 1092 960 1138 altero
983 1090 1077 1137 filio
1099 1089 1329 1137 Viclonla:
1351 1087 1552 1143 Comite,
1580 1088 1661 1151 qui
1718 1087 1811 1135 ravi
1835 1089 1996 1135 morbo

232 1157 485 1218 implicitus
509 1155 631 1219 sequi
653 1172 744 1202 non
771 1155 934 1219 potuit.
989 1153 1058 1201 Hi
1081 1155 1184 1201 cum
1209 1153 1422 1217 expositis
1445 1154 1500 1200 ad
1526 1154 1676 1216 Rupel
1699 1169 1770 1199 am
1793 1153 1995 1221 militurn

147 1250 151 1257 ι
231 1223 439 1285 quinque
473 1219 675 1266 millibus
709 1219 960 1267 Pictavium
992 1219 1049 1264 ad
1085 1218 1319 1266 Delfinum
1358 1217 1634 1265 advenissent
1660 1232 1765 1263 cum
1797 1217 1996 1263 maxima

231 1283 538 1349 gratulatione
559 1282 752 1345 accepti,
776 1299 828 1330 ac
851 1282 1108 1356 Duglassius
1132 1283 1241 1330 Dux
1261 1282 1538 1329 Turonensis
1557 1282 1829 1345 appellatus.
1864 1282 1998 1328 Hen-

233 1349 352 1396 ricus
378 1349 557 1412 Anglus
580 1347 734 1395 audita
756 1347 978 1394 Clarenni
1015 1360 1177 1401 morte,
1214 1347 1432 1392 Ioannem
1455 1346 1647 1393 alterum
1672 1345 1855 1393 fratrem
1875 1345 1991 1393 Bed-

236 1412 395 1460 fordiae
417 1413 581 1459 ducem
604 1411 652 1458 in
670 1411 766 1473 ejus
787 1412 941 1459 locum
955 1411 1177 1458 substituit
1197 1428 1207 1457 :
1243 1425 1439 1472 eumque
1462 1409 1554 1472 ipse
1578 1426 1687 1457 mox
1709 1421 1922 1457 venturus
1944 1409 1995 1457 in

237 1476 442 1524 Galliam
482 1475 694 1540 praemisit
724 1491 830 1523 curn
852 1480 1048 1538 quatuor
1084 1474 1311 1538 equitum,
1349 1467 1749 1537 decim‘peditum
1774 1473 1996 1521 millibus.

237 1541 356 1587 Mox
376 1539 468 1604 ipse
492 1540 666 1587 secutus
691 1540 908 1586 Iacobum
937 1541 1174 1586 Scotorum
1200 1540 1376 1601 Regem
1399 1538 1546 1584 secum
1582 1538 1627 1585 in
1653 1537 1994 1600 expeditionem

235 1604 384 1658 duxit,
409 1618 459 1651 ut
480 1620 561 1667 per
581 1619 685 1649 eum
709 1606 867 1650 Scotos
885 1604 931 1650 in
956 1602 1113 1650 Gallia
1135 1601 1380 1648 militantes
1397 1602 1470 1648 vel
1494 1600 1576 1648 fibi
1600 1601 1883 1656 conciliaret,
1923 1603 1997 1650 vel

239 1667 267 1714 Ξι
288 1668 448 1724 Galle,
469 1682 517 1715 ut
539 1667 758 1730 suspectos
781 1679 1001 1714 averteret
1027 1684 1037 1711 :
1070 1665 1141 1711 scd
1161 1678 1372 1711 neutrum
1388 1664 1429 1712 ei
1447 1681 1502 1712 ex
1520 1665 1738 1712 sententia
1761 1665 1953 1712 succeffit
1977 1685 1992 1721 ;

235 1748 288 1779 ac
312 1743 368 1778 ne
388 1732 507 1779 illud
527 1732 716 1795 quidem
740 1731 902 1785 tenuit,
927 1744 975 1778 ut
997 1742 1157 1794 rogatu
1181 1728 1242 1774 sui
1269 1729 1409 1791 Regis
1432 1729 1620 1775 domum
1644 1729 1859 1783 redirent,
1882 1744 1934 1776 ac
1956 1729 2001 1778 fe

235 1796 350 1843 belli
378 1796 646 1859 spectatores
671 1794 939 1858 praebcrent.
1007 1795 1131 1841 Nam
1151 1809 1255 1847 cum
1279 1793 1501 1855 praesidia,
1535 1809 1633 1856 quae
1660 1792 1683 1838 «ἶ
1704 1792 1850 1839 Scotis
1872 1806 2000 1842 tene·

235 1859 401 1908 bantur
423 1860 595 1914 adisset,
618 1859 760 1906 ferme
782 1859 840 1905 ab
862 1859 1074 1907 omnibus
1100 1874 1240 1903 unum
1264 1856 1518 1919 responsum
1541 1856 1712 1913 retulit,
1752 1856 1812 1912 se,
1847 1857 1927 1921 qui
1949 1857 1998 1907 in

236 1924 385 1971 aliena
407 1925 620 1987 potestate
636 1924 759 1977 effet,
783 1940 887 1970 eum
906 1939 989 1985 pro
1012 1923 1141 1985 Rege
1166 1938 1254 1968 non
1273 1921 1531 1986 agnoscere.
1988 1941 1999 1949 >-

303 1989 480 2036 XXIV.
514 1989 616 2036 Hac
638 2002 793 2034 eorum
817 1985 1065 2034 constantia
1085 1985 1314 2032 l-Ienricus
1335 1985 1526 2032 offensus
1551 1999 1655 2032 cum
1680 1985 1724 2033 vi
1744 1985 1993 2034 Meldenfi-
2017 2005 2021 2010 ’

236 2066 314 2098 um
337 2053 561 2116 oppidum
582 2050 778 2114 caepiffet
796 2051 961 2114 viginti
985 2052 1142 2097 Scotos
1162 2047 1226 2095 ibi
1246 2061 1445 2112 repertos
1468 2049 1635 2111 laqueo
1656 2050 2002 2115 strangulandos

237 2117 382 2171 dedit,
403 2117 621 2171 causatus,
644 2116 770 2180 quod
793 2114 999 2161 adversus
1023 2116 1198 2178 Regem
1223 2113 1347 2159 suum
1375 2113 1638 2161 militarent.
1682 2115 1802 2167 Mox
1822 2113 2000 2177 ipse,&

238 2182 432 2228 Carolus
450 2181 594 2227 sextus
612 2180 858 2227 Gallorum
876 2181 975 2226 Rex
995 2193 1139 2242 prope
1158 2176 1433 2224 continuatis
1451 2177 1686 2235 funeribus
1703 2174 2022 2227 decefferuntf'

237 2244 480 2291 Biennium
502 2244 592 2291 fere
613 2243 708 2307 post
727 2242 892 2306 Anglis
911 2241 967 2289 ad
983 2242 1257 2289 Vernolium
1278 2241 1525 2288 victoribus
1548 2242 1645 2287 caefi
1665 2242 1848 2290 fuerunt
1866 2240 1890 2288 ὲ
1906 2239 2020 2305 pri-2*

237 2305 439 2356 motibus
463 2308 671 2355 Comites
704 2307 968 2362 Buchaniae,
1006 2311 1047 2354 δε
1072 2304 1331 2370 Duglafliae,
1364 2304 1439 2351 hic
1462 2305 1556 2351 'dux
1585 2306 1884 2361 Turonensm,
1919 2303 2023 2362 illes

238 2373 449 2436 magister
468 2372 675 2436 equitum
710 2371 968 2419 Gallorum.
1039 2371 1156 2417 Item
1188 2371 1257 2432 (ι)
1280 2368 1474 2416 Iacobus
1508 2369 1731 2432 Duglaffii
1752 2369 1901 2424 filius..
1926 2368 2023 2432 (2)·[

238 2436 501 2483 Alexander
522 2435 773 2492 Lindefi'us,
799 2437 879 2498 (3)·
896 2435 1123 2483 Robertus
1146 2435 1370 2485 stuartus,
1396 2433 1466 2496 (4)
1489 2432 1697 2480 Thomas
1716 2421 2025 2496 Saintonius,{

239 2515 290 2546 ac
313 2517 338 2546 e
361 2502 503 2564 vulgo
534 2500 734 2547 militum
765 2500 895 2563 supra
915 2499 1007 2546 duo
1031 2497 1190 2547 millia.
1244 2497 1360 2544 ‘Post
1381 2495 1497 2543 hanc
1518 2495 1611 2543 fere
1633 2496 1830 2545 triennio
1860 2497 1986 2544 alter
2007 2500 2025 2543 ’.ἐι

239 2564 390 2611 clades
424 2565 610 2628 insignis
649 2565 888 2611 Scotorum
911 2561 1083 2611 auxilia
1109 2559 1310 2627 graviter
1334 2558 1497 2609 afflixit
1521 2578 1531 2606 :
1564 2577 1670 2608 cnm
1691 2570 2002 2610 commeatum

238 2626 474 2674 Aureliam
509 2630 579 2693 (ς)
605 2639 836 2690 portantes
859 2627 1038 2691 Anglos
1059 2626 1107 2673 in
1124 2624 1288 2674 itinere
1309 2624 1495 2692 aggrefli
1518 2623 1565 2673 in
1590 2625 1739 2673 Belfia‘
1758 2624 1955 2675 infelicit
1976 2624 1981 2631 '
2007 2658 2017 2677 ς,

237 2704 519 2755 pugnarunt.
607 2693 712 2753 Qa
751 2690 798 2738 in
822 2706 977 2754 pugna
998 2691 1098 2737 caefi
1128 2689 1229 2737 sunt
1253 2689 1279 2736 ὲ
1303 2688 1450 2737 Scotis
1470 2687 1559 2735 viri
1591 2688 1703 2737 clari
1737 2688 1943 2737 Gulielm
1992 2723 2007 2749 ,·

240 2756 446 2803 Stuartus
483 2770 587 2803 cum
621 2755 778 2811 fratre,
801 2771 860 2806 ac,
880 2755 950 2818 (6)
980 2753 1226 2820 Duglaffiae
1251 2753 1402 2817 gentis
1431 2752 1529 2799 dno
1569 2752 1747 2818 eq'uites
1780 2751 1977 2818 insignes

292 2883 354 2934 (1)
370 2885 481 2923 Some
498 2881 615 2921 think
629 2876 754 2920 either
768 2882 851 2920 that
871 2882 1092 2930 Buchamu,
1144 2886 1199 2922 ek.
1257 2880 1357 2922 This
1376 2878 1439 2918 so‘n
1457 2881 1489 2920 is
1506 2875 1553 2932 by
1577 2882 1711 2928 Bower
1726 2880 1844 2921 called
1860 2882 1968 2935 Jame
1999 2903 2004 2912 =

240 2949 281 2975 as
295 2936 406 2975 other
422 2936 589 2982 authors,
604 2935 671 2972 has
688 2936 872 2973 nristaken
898 2936 963 2974 the
982 2948 1094 2974 name
1144 2933 1233 2972 who
1243 2936 1351 2982 «adda,
1380 2934 1464 2973 tlnt
1492 2935 1542 2974 he
1570 2937 1639 2973 and
1672 2934 1730 2972 his
1749 2933 1877 2974 father
1905 2948 1940 2972 w
1975 2932 1978 2937 '
1998 2972 2002 2974 ,
2026 2928 2031 2940 ’

239 2990 286 3028 of
294 2989 413 3042 john,-
429 3003 471 3028 or
488 2989 578 3027 such
594 2989 675 3026 like
692 2988 752 3027 for
768 2989 895 3041 James
913 3003 926 3037 3
954 3002 994 3026 or
1010 2989 1093 3027 that
1146 2987 1238 3026 both
1256 2986 1347 3031 stain
1361 2988 1414 3025 'in
1435 3000 1538 3038 1424
1554 2987 1595 3030 in
1614 2987 1682 3026 the
1705 2987 1851 3028 octava
1876 2987 1922 3026 of
1942 3012 1955 3024 .
1979 2987 1999 3015 ·'

238 3042 317 3081 this
334 3044 460 3095 james
473 3042 568 3080 must
585 3040 681 3091 have
698 3041 790 3079 been
803 3055 825 3078 a
843 3041 1007 3089 bastard5
1029 3041 1090 3079 be·
1145 3041 1348 3087 Laurente,
1369 3039 1452 3080 that
1470 3040 1516 3089 is,
1542 3040 1688 3093 August
1707 3039 1771 3079 16.
1793 3042 1868 3081 aad
1882 3040 1920 3080 so
1960 3059 1964 3063 ’
1996 3060 2001 3074 ν
2026 3029 2032 3045 ¹

237 3094 342 3133 cause
356 3096 498 3148 James,
506 3093 634 3132 second
646 3094 776 3132 lawful
789 3093 852 3132 son
870 3104 908 3131 to
920 3093 996 3132 this
1015 3092 1090 3145 earl
1143 3092 1254 3131 other
1268 3093 1426 3131 writers.
1730 3088 1736 3093 ’

242 3146 380 3197 (called
403 3149 484 3186 lord
497 3147 543 3185 of
550 3146 760 3197 Abercom)
775 3146 968 3187 succeeded
985 3155 1024 3186 to
1046 3146 1091 3184 be
1203 3145 1267 3194 (2)
1296 3146 1453 3187 Brother
1471 3155 1510 3185 to
1525 3147 1590 3187 the
1601 3146 1680 3187 carl
1694 3145 1740 3186 of.
1751 3145 1957 3186 erawford.
1993 3143 1995 3147 ¹
2012 3183 2013 3186 ,

239 3201 317 3242 carl
328 3200 373 3238 of
381 3200 550 3252 Duglass,
562 3196 659 3237 after
667 3198 733 3237 the
746 3198 928 3249 ssaughter
938 3199 1093 3238 orWil-
1200 3199 1215 3247 (
1223 3198 1264 3250 3)
1292 3198 1380 3236 The
1398 3201 1473 3238 earl
1491 3199 1536 3239 of
1549 3197 1737 3239 Buchan’s
1756 3198 1921 3239 brother.
1979 3207 1986 3229 -’

240 3251 334 3291 liam
347 3254 417 3290 and
429 3253 551 3306 ⁹3⁹¹&
565 3251 848 3301 grandchildren
864 3260 904 3291 to
915 3252 980 3291 th‘e
991 3251 1092 3290 dulte
1200 3252 1260 3301 (4)
1289 3249 1422 3290 Either
1439 3265 1495 3290 we
1506 3252 1609 3290 *must
1618 3251 1702 3291 read
1720 3250 1810 3290 here
1827 3251 1845 3289 1
1894 3263 1935 3289 n·
1954 3248 1991 3300 ‘J

240 3304 286 3340 of
298 3304 561 3351 Touraine„in
579 3304 645 3343 the
662 3306 768 3344 castle
786 3305 832 3344 of
845 3304 1087 3353 Edinbnrgh:
1143 3317 1182 3342 as
1200 3317 1279 3355 cap.
1299 3315 1364 3341 2¹.
1396 3316 1440 3342 or
1454 3303 1561 3343 there
1576 3315 1634 3341 we
1652 3305 1747 3342 must
1769 3310 1823 3342 ral
1937 3325 1951 3332 ν
1964 3343 1966 3346 ,
1994 3345 2001 3352 ,
2022 3342 2028 3358 ,

239 3354 307 3392 but
323 3369 394 3393 one
411 3359 483 3395 and
500 3356 573 3394 *the
590 3356 688 3395 same
705 3357 829 3397 father
846 3357 971 3406 might
996 3357 1089 3394 have
1143 3357 1329 3404 Thomas,
1343 3356 1400 3407 say
1419 3356 1516 3395 some
1537 3370 1552 3405 ς
1579 3355 1728 3395 because
1751 3368 1821 3394 our
1832 3355 1875 3394 hi
1987 3355 1996 3403 j
2019 3365 2022 3372 ’

243 3406 361 3445 called
377 3416 452 3446 two
471 3410 514 3446 of
527 3409 586 3446 his
603 3408 734 3448 lawful
752 3411 833 3448 sons
847 3410 893 3460 by
910 3406 1090 3448 the'same
1143 3411 1228 3456 teu,
1254 3409 1338 3448 that
1352 3407 1399 3447 fir
1415 3409 1518 3468 John
1535 3409 1706 3459 ‚swintun
1725 3404 1935 3447 was'killev'l

234 3469 368 3496 name.
385 3459 491 3497 That
503 3460 569 3498 the
580 3461 721 3500 former
730 3463 859 3516 james
868 3474 942 3501 was
959 3475 981 3500 a
997 3463 1091 3501 law,-
1143 3460 1641 3513 Homeldonr4or,somea3
1655 3472 1758 3513 years
1771 3459 1895 3499 before
1935 3482 1939 3489 ·
1995 3471 2018 3506 ..⁷-

241 3509 300 3548 ful
318 3509 380 3549 son
394 3510 509 3548 seems
520 3512 622 3560 plain
638 3513 736 3562 from
749 3514 888 3566 Major,
902 3515 990 3553 who
1003 3515 1093 3564 sayt,
1149 3522 1162 3531 ⁶
1200 3513 1262 3565 (5)
1289 3511 1487 3553 Portant&
1498 3513 1620 3565 quarti
1633 3512 1747 3552 casus.
1881 3517 1897 3527 “
1913 3532 1923 3540 ·
1948 3514 1971 3529 ’“
2000 3511 2010 3523 “

243 3562 311 3600 the
328 3563 403 3600 carl
420 3562 466 3600 of
486 3562 640 3611 Duglass
655 3565 759 3605 ‹luke
785 3567 829 3605 of
839 3568 978 3612 Toum,
996 3566 1094 3604 with
1144 3591 1147 3594 -
1201 3568 1269 3618 (6)
1291 3565 1393 3618 John
1414 3565 1592 3614 nongtass
1608 3564 1685 3604 first
1698 3563 1791 3603 lain-d
1811 3561 1859 3612 of
1911 3582 1916 3591 =
1936 3581 1949 3590 -

246 3614 308 3657 hin
321 3614 382 3656 tim
397 3616 466 3651 and
483 3614 566 3652 heir
583 3616 649 3652 fou
668 3618 707 3653 in
725 3618 790 3656 the
809 3619 922 3657 battle
936 3619 980 3657 of
992 3620 1094 3656 Ver·
1144 3619 1263 3667 levin,
1287 3631 1451 3668 younger
1466 3616 1618 3658 brother
1642 3627 1680 3658 to
1707 3613 1928 3671 Jamuloed
1962 3621 1978 3639 *¹
2013 3663 2017 3665 λ

244 3665 366 3715 mu,
379 3667 451 3720 aaa
462 3665 562 3717 gives
576 3666 797 3709 monstrelet
812 3671 870 3710 for
881 3670 941 3710 ιώ
952 3670 1094 3709 vouch·
1883 3677 1922 3730 q
1933 3685 1938 3698 ·
1949 3695 1950 3698 η
1963 3686 1969 3696 ·
1983 3656 1995 3671 ‘
