2106 3864
487 187 814 254 Lar-,R
905 181 1455 248 SECUNDUS.
1780 185 1861 265 63

98 290 332 354 re-pserint,
353 306 454 352 quae
481 290 550 350 (1)
580 281 1023 333 Cambrobritannus
1059 283 1136 329 iste
1159 283 1258 329 vult
1286 279 1429 327 videri
1452 280 1621 328 vetusta
1646 286 1662 328 ?
1697 284 1812 330 Item
1835 284 1866 329 fi

100 374 236 418 quem
261 357 466 417 Anglum
485 365 616 414 roges
631 350 754 410 cujas
772 348 839 401 fit,
862 362 996 393 nemo
1011 348 1235 393 Saxonem
1254 348 1296 393 se
1312 344 1613 410 profitebitur,
1638 363 1740 393 cum
1756 350 1866 394 Sco-

99 420 153 473 ti,
179 419 310 475 Fini,
338 415 553 470 Hiberni,
580 413 760 476 utrique
781 412 1027 465 Brittones,
1061 416 1099 456 &
1123 411 1205 472 qui
1228 408 1523 463 Britanniam,
1550 415 1590 456 δε
1610 410 1691 472 qui
1714 411 1867 458 Galli-

100 501 172 529 am
210 483 417 530 incolunt
443 498 531 527 uno
553 478 766 525 consensu
788 487 1008 539 perpetuo
1044 476 1241 522 Saxones
1278 493 1354 521 eos
1386 486 1552 520 vocent
1575 479 1593 521 ἒ
1631 492 1710 521 cur
1733 476 1869 537 prisci

101 549 224 593 Scoti
251 565 306 592 ne
330 561 448 592 nunc
472 544 659 597 Quidem
681 546 921 588 Scotorum
944 555 1112 589 nomen
1136 540 1378 602 agnoscant
1401 543 1418 585 ?
1452 555 1542 585 non
1564 540 1702 586 debet
1725 539 1870 602 igitur

76 611 233 657 'nobis
255 603 500 658 absurdunt*
521 608 684 663 videri,
711 604 740 653 fi
764 603 984 652 Romanis
1016 603 1223 665 captivos
1258 603 1525 666 rogantibus
1560 605 1689 665 cujus
1718 607 1870 666 gentis

99 675 255 731 effent,
280 674 392 721 aliu-3
424 676 656 724 {wiaeatam,
677 671 790 718 alius
814 671 1118 721 Attacottum,
1150 667 1262 713 alius
1287 668 1593 729 Caledonium
1617 668 1658 714 se
1679 671 1763 715 effe
1796 673 1870 717 di-

102 753 239 795 ceret,
259 746 301 786 &
324 757 426 801 quae
449 741 506 785 ab
529 737 591 782 eis
629 733 888 795 acceperint
910 748 1077 777 exterae
1111 746 1270 795 gentes
1295 749 1348 778 ea
1372 733 1558 779 nomina
1580 735 1866 791 retinuerint,

103 809 142 850 δε
169 804 216 849 in
252 804 452 850 sermone
482 800 672 863 publico
707 796 1049 859 usurpaverint:
1072 813 1155 842 nec
1185 797 1271 842 erit
1305 797 1468 858 opinor
1488 797 1760 847 incredibile
1781 802 1872 850 alia

103 868 292 915 nomina
314 867 529 912 'li-istoricis
553 870 593 910 Sc
612 862 886 926 peregrini»,
910 861 998 907 alia
1019 861 1316 924 popularibus
1338 862 1421 908 effe
1444 862 1637 922 notiora.

168 933 341 978 XLIV.
363 931 454 977 Etfi
476 929 575 975 satis
594 944 652 973 ex
670 928 737 973 his
758 928 903 990 liquet
923 931 1180 978 Scotorum,
1203 930 1244 973 ἃ
1274 925 1503 973 PiCtorum
1524 925 1567 972 in
1588 928 1873 979 Britanniam

102 997 349 1044 adventurn
373 1011 461 1041 non
494 993 635 1039 modo
664 992 987 1054 antiquiorem,
1011 1008 1149 1053 quam
1172 991 1418 1036 contendat
1443 991 1649 1047 Luddus,
1681 994 1755 1040 sed
1779 1013 1874 1043 non

104 1062 219 1107 adeo
241 1061 321 1106 diu
346 1059 600 1106 Brittonuxn
628 1058 826 1102 adventu
854 1055 1144 1116 posteriorem
1171 1053 1312 1108 fuisse,
1345 1053 1559 1113 adjiciam
1583 1061 1624 1101 &
1646 1058 1756 1104 alias
1778 1076 1873 1108 non

107 1128 178 1187 (2)
204 1123 471 1187 spernandas
495 1123 790 1181 conjeeturas.
859 1118 1096 1182 Brigantes
1130 1135 1298 1180 magna
1330 1123 1370 1163 δε
1405 1117 1558 1179 valida
1592 1121 1716 1168 natio
1751 1135 1872 1172 trans

104 1190 390 1247 Humbrum,
415 1204 581 1249 nempe
604 1187 723 1231 circa
743 1184 1001 1230 Eboracum
1032 1182 1318 1234 habitabant,
1343 1197 1395 1227 ac
1417 1182 1557 1229 totius
1580 1184 1733 1233 insule
1767 1188 1872 1235 latia

105 1253 312 1300 tudinem
345 1253 464 1299 inter
498 1253 590 1297 duo
625 1250 770 1295 maria
795 1247 1081 1294 obtinebant.
1149 1248 1251 1293 Hos
1288 1262 1378 1292 non
1414 1263 1437 1291 e
1468 1246 1681 1309 proximo
1704 1251 1874 1299 Galliae

106 1321 267 1372 tractu,
291 1317 338 1363 in
360 1333 453 1380 quo
490 1315 606 1361 nulli
639 1314 849 1377 Brigante
906 1311 1121 1358 habitasse
1145 1312 1370 1363 dicantur,
1398 1310 1471 1356 sed
1502 1327 1559 1357 ex
1581 1313 1805 1376 Hispania
1825 1317 1874 1363 in

104 1383 400 1435 Hiberniam,
436 1396 492 1427 ex
526 1379 753 1426 Hibernia
782 1378 828 1423 in
865 1376 1145 1424 Britanniam
1178 1376 1489 1438 propinquam
1519 1375 1792 1441 immigrasse
1814 1383 1874 1428 est

104 1447 347 1494 verisimile
374 1464 384 1492 ε
422 1461 505 1492 nec
527 1461 552 1489 a
574 1444 834 1505 conjectura
856 1441 1063 1497 Cornelii
1087 1440 1261 1493 Taciti,
1290 1457 1428 1502 quam
1453 1441 1509 1487 de
1532 1442 1731 1505 antiquis
1753 1445 1874 1492 insu-

104 1513 161 1559 ]ae
183 1511 433 1558 cultoribus
463 1509 588 1562 facit,
613 1509 874 1554 abhorrens.
946 1506 992 1552 Si
1023 1506 1079 1552 ab
1105 1505 1331 1552 Hibernia
1363 1504 1599 1568 Brigantes
1632 1509 1872 1566 advenere,

115 1574 277 1622 ‘cotici
298 1574 502 1638 profecto
524 1573 726 1636 generiS,
761 1573 827 1618 uti
862 1577 902 1618 &
934 1569 1101 1632 reliqui
1134 1586 1294 1615 omnes
1327 1568 1568 1616 Hiberniae
1599 1571 1875 1623 habitatores

105 1639 247 1687 fuere.
317 1641 452 1687 Hanc
475 1641 667 1684 nostram
691 1636 956 1683 sententiam
978 1635 1163 1680 videtur
1183 1633 1322 1679 etiam
1346 1636 1516 1680 Seneca
1538 1637 1804 1686 confirmare
1825 1640 1876 1687 in

105 1704 431 1769 elegantissima
449 1702 528 1749 ilia
550 1702 606 1747 de
626 1715 771 1748 morte
797 1702 866 1763 (3)
894 1698 1081 1746 Claudii
1103 1698 1246 1760 satyra
1266 1698 1333 1744 his
1357 1698 1530 1745 verbis⁸>

319 1770 336 1785 s
362 1787 451 1834 me
476 1785 713 1833 Britannos
810 1777 812 1780 ’
856 1784 994 1831 Ultra
1018 1781 1114 1828 noti
1358 1781 1517 1828 Litora
1535 1783 1684 1844 ponti,

364 1850 423 1898 Et
445 1851 658 1897 caeruleos
866 1846 1236 1907 Scutabrigantes
1363 1845 1486 1892 Dare
1515 1848 1755 1896 Romuleis

366 1917 503 1964 Colla
526 1913 727 1960 cathenis
859 1912 1002 1974 jussit,
1032 1916 1071 1957 ὃε
1095 1910 1243 1971 ipsum
1355 1911 1494 1958 Nova
1516 1913 1740 1963 Romanae

362 1981 472 2042 jura
492 1979 655 2025 securis
862 1978 1086 2023 Tremere
1109 1976 1365 2020 Oceanum.

108 2069 162 2114 In
184 2066 253 2112 ‘nis
275 2064 468 2111 verfi'nus
492 2080 574 2124 pro
595 2060 962 2125 Scutabrigantes
985 2058 1206 2121 Josephus
1227 2057 1431 2121 Scaliger
1447 2060 1559 2121 Jtlii
1583 2060 1701 2109 filius
1720 2064 1878 2128 legen-

107 2133 218 2178 dum
237 2129 382 2177 censet
407 2128 791 2180 Scotobrigantes.
861 2128 904 2171 Is
920 2125 1102 2186 juvenis
1125 2136 1298 2185 quanta
1319 2124 1371 2170 fit
1393 2125 1667 2181 eruditione,
1693 2134 1733 2175 Sc
1749 2130 1879 2190 judi-

106 2200 199 2248 cio,
218 2208 399 2258 quaque
417 2193 462 2239 in
488 2185 670 2239 vetustis
694 2190 866 2254 scriptis
889 2188 1177 2236 conferendis
1201 2187 1434 2241 industria,
1457 2193 1497 2236 δε
1520 2192 1722 2238 abstrusis
1744 2195 1874 2243 senfi-

107 2260 192 2306 bus
215 2277 251 2306 e
271 2259 423 2306 ‘endis
441 2256 650 2303 acumine
675 2267 972 2303 monumenta
990 2254 1046 2300 ab
1068 2269 1124 2317 eo
1146 2252 1270 2299 edita
1293 2253 1521 2300 testantur.
1567 2257 1621 2301 In'
1642 2257 1881 2318 praesentia

107 2338 259 2371 autem
283 2339 388 2370 cum
411 2338 478 2368 res
503 2320 784 2368 Britannicas
806 2320 1090 2366 illustrandas
1113 2316 1391 2378 suscepissem
1414 2317 1509 2378 ejus
1528 2318 1756 2379 judicium
1785 2335 1880 2372 non

107 2387 259 2435 censui
277 2387 610 2446 omittendum.v
645 2386 699 2433 Id
722 2397 876 2432 autem
894 2400 975 2430 cur
997 2398 1155 2430 verum
1178 2380 1429 2428 existimem
1452 2384 1608 2445 paucis
1632 2399 1879 2449 exponam.

108 2449 292 2500 Etenim
325 2467 430 2498 cuni
453 2452 658 2514 legamus
697 2450 818 2512 apud
853 2447 1092 2502 Caesarem,
1117 2445 1319 2508 aliosque
1341 2447 1576 2509 scriptores
1612 2467 1704 2496 non
1727 2451 1880 2502 minus

108 2516 350 2580 diligentia
371 2533 508 2580 quam
531 2513 790 2562 eruditione
813 2513 1070 2576 praestantes
1094 2509 1334 2559 Britannos
1360 2512 1430 2574 (4)
1457 2513 1598 2574 glasto
1632 2514 1786 2563 solitos
1809 2518 1880 2565 in-

107 2581 243 2628 ficere
265 2597 491 2644 corpora:
525 2595 577 2626 ac
608 2579 742 2641 juxta
775 2578 1094 2624 Herodianum
1131 2575 1264 2622 scutis
1300 2577 1497 2638 angustis
1524 2579 1698 2640 (qualia
1721 2581 1882 2630 Livius

110 2646 262 2692 Gallis
285 2640 492 2692 Asiaticis
513 2644 692 2703 tribuit)
714 2658 798 2690 nec
817 2643 866 2689 in
885 2640 1020 2688 armis
1043 2641 1210 2705 insigni
1233 2641 1328 2687 ullo
1357 2639 1454 2687 usos
1477 2655 1764 2701 ornamento,
1801 2647 1882 2694 ab-

109 2710 293 2756 surdum
331 2709 572 2758 videbatur
609 2707 829 2770 corporis,
865 2706 991 2769 quod
1015 2705 1292 2770 pingebatur
1322 2705 1556 2753 mentione
1577 2708 1750 2765 omiss‘a,
1770 2710 1885 2760 scuti

110 2776 238 2836 quod
288 2791 379 2821 non
432 2772 725 2837 pingebatur,
768 2769 1036 2818 meminisse.
1123 2769 1441 2835 Pingebantur
1497 2783 1650 2833 autem
1707 2791 1884 2825 veteres
1897 2811 1909 2821 ,ι

109 2837 321 2886 Britanni
357 2854 447 2886 non
489 2838 547 2884 ad
585 2837 817 2891 decorem,
863 2848 912 2882 ut
951 2835 1050 2882 aliae
1086 2852 1178 2882 non
1222 2846 1380 2898 paucae
1418 2834 1624 2883 nationes
1663 2854 1674 2883 t
1723 2838 1798 2886 sed
1834 2852 1885 2887 ut

97 2903 330 2949 -caeruleus
373 2903 501 2950 color
554 2901 878 2949 terribiliorem
920 2899 1232 2964 pugnantium
1273 2897 1471 2962 speciem
1511 2898 1560 2946 in
1603 2900 1700 2948 acie
1747 2904 1884 2951 hosti-

111 2967 195 3014 bus
229 2967 427 3014 offerret.
495 2968 539 3015 Is
598 2982 706 3013 vero
747 2966 875 3012 coior
918 2964 1154 3028 quomodo
1186 2964 1237 3010 in
1278 2965 1466 3027 angusto
1504 2963 1630 3012 scuto
1668 2966 1886 3016 terribilis

106 3029 258 3078 videri
299 3032 456 3095 pofl‘et,
518 3046 612 3078 non
642 3030 872 3094 intellige.
974 3031 1138 3092 Itaque
1191 3028 1434 3076 verisimile
1488 3030 1548 3076 est
1598 3030 1656 3076 ab
1697 3030 1888 3082 homine

161 3169 227 3219 (Ι)
246 3173 409 3220 Luddu‘s‚
421 3173 510 3211 who
523 3173 663 3211 calleth
675 3172 835 3213 himself
841 3185 861 3210 a
874 3171 960 3209 Bri·
1033 3171 1154 3208 Waad
1172 3171 1231 3209 for
1248 3171 1377 3219 Dyers.
1423 3171 1459 3208 1t
1478 3183 1551 3207 was
1568 3169 1652 3209 used
1679 3169 1726 3221 by
1743 3170 1807 3210 the
1827 3174 1890 3211 old

110 3227 206 3272 zain,
226 3225 271 3264 of
281 3226 458 3264 Cambria
474 3240 516 3263 or
530 3228 672 3265 Wales.
1035 3224 1185 3262 Britons
1199 3234 1236 3261 to
1254 3224 1359 3274 paint
1375 3223 1597 3260 themselves
1610 3223 1691 3261 into
1703 3236 1750 3262 an
1769 3226 1891 3264 aethe-

171 3278 232 3328 (2)
262 3282 329 3316 Al.
349 3280 579 3329 spernendas.
628 3274 629 3277 ¹
1037 3278 1112 3315 real
1136 3279 1276 3322 colour,
1308 3290 1350 3313 or
1382 3276 1568 3326 sky-blue,
1603 3276 1662 3314 for
1678 3285 1889 3326 ornament,

106 3370 115 3377 ⁴,
169 3332 233 3382 (3)
263 3334 300 3370 It
317 3332 347 3369 is
366 3346 385 3369 a
402 3333 569 3383 ‚pleasant
589 3332 683 3382 satyr
699 3333 851 3371 written
868 3332 907 3370 in
925 3346 966 3370 e-
1038 3331 1097 3379 say
1112 3331 1214 3367 ‘some
1228 3345 1240 3378 3
1256 3331 1321 3366 but
1335 3329 1528 3378 according
1540 3339 1579 3368 to
1592 3329 1731 3378 others,
1751 3340 1790 3368 to
1803 3346 1891 3370 ren-

112 3386 241 3432 legant
257 3385 360 3436 prose
377 3389 447 3422 and
467 3386 580 3433 verse,
600 3387 644 3435 by
659 3385 725 3423 the
738 3386 824 3424 wife
841 3385 966 3435 philo·
1040 3385 1104 3421 der
1120 3383 1226 3420 them
1240 3395 1342 3419 more
1354 3383 1507 3420 terrible
1525 3391 1562 3421 to
1582 3382 1684 3420 their
1699 3382 1892 3423 enemie's‘:

106 3437 245 3486 'sopher
260 3440 413 3485 Seneca,
435 3453 490 3476 on·
503 3439 569 3477 the
593 3439 807 3477 transsation
838 3439 882 3475 of
902 3438 969 3475 the
1042 3437 1108 3473 but
1126 3435 1252 3473 others
1276 3435 1397 3473 think
1415 3437 1446 3473 it
1463 3444 1539 3473 was
1567 3435 1632 3473 the
1652 3437 1780 3474 colour
1805 3438 1896 3488 they

114 3503 285 3540 emperor
305 3493 502 3530 'Claudius
533 3494 615 3539 into
634 3492 712 3530 -the
742 3492 901 3529 number
932 3491 976 3528 of
1042 3489 1208 3536 thought
1226 3488 1339 3526 fittest
1369 3497 1408 3526 to
1426 3488 1574 3526 deceive
1598 3488 1699 3526 their
1718 3503 1823 3537 game
1854 3491 1897 3529 in

113 3542 181 3580 the
199 3541 343 3582 deities.
592 3540 602 3546 i
1043 3541 1145 3579 their
1161 3541 1354 3589 huntings.
1371 3542 1432 3579 To
1450 3541 1527 3579 this
1547 3543 1618 3592 day
1636 3555 1703 3582 our
1715 3542 1896 3592 highlan-

170 3596 235 3646 (4)
266 3598 454 3643 Glastum,
480 3597 547 3635 the
566 3598 663 3636 same
683 3597 779 3636 with
807 3599 971 3635 Luteum
1044 3597 1123 3634 ders
1142 3594 1256 3633 much
1276 3594 1337 3634 use
1354 3595 1431 3635 this
1449 3595 1591 3636 colour·

76 3670 79 3674 ·
114 3649 230 3688 herba
266 3664 283 3700 ς
316 3651 348 3690 it
365 3651 396 3688 is
415 3651 498 3691 that
518 3652 611 3691 herb
638 3653 757 3691 called
775 3652 898 3691 Woad
930 3663 973 3699 or

1791 3708 1913 3782 doc„
