2078 3771
181 129 270 192 14
479 106 659 173 DE
772 100 1143 189 JURE
1245 50 1748 172 REGNJ

173 203 300 265 quod
322 202 594 251 instituimus
615 217 820 266 agamus,
839 195 917 262 qui
938 197 1062 262 leges
1080 196 1219 260 primi
1239 197 1563 253 condiderunt,
1582 199 1695 262 quid
1718 217 1794 248 eos
1811 203 1940 266 spec.

174 270 280 314 tasse
303 267 505 314 dicemus
531 271 548 312 ?
622 275 683 315 M.
721 265 1028 325 AEquitatem,
1054 262 1217 323 opinor
1248 280 1264 318 3
1303 274 1350 308 ut
1372 262 1503 318 antea
1539 262 1710 310 dictum
1734 267 1808 311 est.
1845 287 1848 292 ·
1874 269 1934 314 Β.

177 333 280 395 Ego
305 347 423 377 nunc
446 347 535 376 non
559 329 606 376 id
630 345 790 391 quero,
817 343 953 389 quem
978 326 1113 372 finem
1135 326 1375 387 spe&arint
1400 344 1410 372 :
1446 326 1519 373 sed
1542 328 1692 388 potius
1715 329 1839 391 quod
1860 347 1942 376 ex·
2016 380 2019 383 i

172 396 409 457 exemplar
427 393 506 439 fibi
529 391 860 456 proposuerint·
898 396 967 439 As.
983 391 1104 436 Istud
1129 390 1203 435 etfi
1223 389 1771 454 sortasseintelligo,velim
1793 404 1946 442 tamen
1968 389 1969 393 ¹

177 460 397 521 expliceS,
437 471 483 502 ut
507 458 534 501 fi
560 459 676 502 recte
700 454 860 505 sentio,
903 470 1059 517 meum
1076 453 1303 514 judicium
1328 454 1566 501 confirmes
1592 471 1604 499 ε
1638 456 1698 501 sin
1722 456 1861 511 secus,
1894 474 1943 504 e-

175 525 363 570 mendes
385 537 597 567 errorem.
668 522 724 566 B.
760 519 875 573 Scis,
903 518 1085 581 opinor,
1108 518 1235 581 quod
1257 519 1310 564 sit
1332 517 1473 564 animi
1494 519 1543 565 in
1566 534 1729 582 corpus
1752 520 1945 584 imperi-

179 605 272 643 um.
347 592 408 631 dv.
443 584 566 630 Scire
585 584 758 630 videor.
1903 590 1905 592 ·

241 649 419 696 XXVI.
457 650 514 695 B.
549 649 651 694 Nec
672 647 789 694 illud
812 644 949 693 etiam
974 645 1175 708 ignorm,
1208 662 1495 709 quaecunque
1519 661 1610 693 non
1634 658 1803 694 temere
1821 648 1944 711 geri-

177 732 296 768 mus,
332 730 490 759 eorum
514 712 636 774 prius
660 712 707 758 in
733 711 1074 757 animisnostris
1107 711 1338 772 quandam
1373 710 1509 757 ineffe
1549 710 1798 774 imaginem
1836 731 1849 760 :
1898 731 1949 760 e·

177 795 345 840 amque
367 780 504 839 longe
539 775 854 839 perfeetiorem
891 775 1127 837 operibus,
1163 791 1264 837 quae
1288 775 1346 821 ad
1374 774 1493 820 illud
1513 778 1749 837 exemplar
1782 775 1946 824 summi

177 843 316 889 etiam
341 843 530 888 artifices
553 842 777 902 effingunt
801 847 838 885 &
862 840 988 894 velut
1010 838 1316 900 experimunt.
1385 844 1451 886 M.
1487 838 1717 898 Equidem
1740 840 1829 886 hoc
1851 853 1949 888 me-

178 923 281 953 cum
308 907 399 968 ipse
423 909 471 955 ὅζ
495 906 540 951 in
566 905 763 951 dicendo
785 908 832 953 &
861 904 1101 950 scribendo
1123 903 1391 964 plaerunque
1413 896 1668 963 experior':
1704 903 1940 968 sentioque

177 988 269 1017 non
297 976 443 1017 minus
468 969 620 1016 animo
643 968 831 1029 verba‚q
844 985 943 1013 uam
970 968 1103 1013 rebus
1127 965 1328 1012 animum
1355 967 1513 1013 deeffe.
1533 967 1655 1012 Nam
1678 985 1826 1031 neque
1849 970 1950 1016 nos-

178 1047 248 1082 ter
269 1035 444 1082 animus
466 1034 508 1079 in
535 1034 623 1079 hoc
644 1032 893 1078 obscuro&
915 1031 1097 1078 turbido
1119 1031 1319 1091 corporis
1339 1046 1519 1077 carcere
1536 1032 1770 1078 conclusus
1794 1031 1946 1079 rerum

178 1101 385 1148 omniurn
407 1097 705 1144 subtilitatem
731 1096 980 1160 perspicere
1000 1097 1143 1157 potest
1169 1113 1179 1140 :
1207 1111 1356 1155 neque
1374 1095 1420 1141 in
1444 1094 1597 1141 animo
1617 1112 1765 1142 rerum
1789 1105 1951 1143 utcun-

178 1182 270 1227 que
295 1162 499 1226 praevisas
525 1161 747 1225 imagines
768 1162 825 1207 ad
848 1161 962 1207 alios
987 1158 1191 1206 oratione
1216 1161 1442 1220 poii'umus
1469 1159 1532 1206 ita
1555 1159 1769 1222 perferre,
1788 1174 1834 1206 ut
1857 1178 1950 1208 non

178 1231 328 1291 multo
349 1230 431 1274 sint
454 1227 691 1273 inferiores
715 1225 805 1271 illis
830 1242 940 1288 quas
967 1225 1110 1270 noster
1133 1222 1215 1268 fibi
1238 1222 1542 1270 conformavit
1564 1224 1836 1270 intelletum.
1888 1228 1946 1272 B.

182 1294 329 1356 Leges
355 1296 466 1353 ergo
489 1291 569 1354 qui
589 1292 806 1342 tulerunt,
832 1290 944 1352 quid
967 1289 1172 1350 spe-{tasse
1195 1303 1270 1334 eos
1293 1288 1497 1334 dicemus
1523 1291 1540 1334 ?
1610 1294 1677 1335 Λ..
1711 1289 1858 1350 Prope
1881 1291 1951 1335 vi-

182 1358 294 1404 deor
315 1356 573 1418 intelligere
592 1354 703 1415 quid
722 1354 834 1399 velis
862 1371 872 1398 :
898 1370 1063 1414 nempe
1087 1351 1272 1414 perfecti
1293 1351 1417 1398 illius
1439 1352 1580 1414 Regis
1604 1351 1851 1414 imaginem
1873 1369 1951 1399 eos

181 1423 231 1469 in
250 1422 438 1468 confiiio
460 1420 660 1465 habuisse
685 1437 696 1464 2
732 1425 770 1463 &
794 1419 849 1463 ad
874 1434 971 1463 eam
996 1433 1135 1479 quam
1160 1415 1368 1478 proxime
1389 1428 1598 1478 poterant
1631 1417 1950 1464 simulachrum

179 1487 413 1550 quoddam
437 1483 681 1546 expressiffe
700 1499 788 1528 non
810 1481 1011 1544 corporis
1031 1481 1103 1527 sed
1126 1480 1455 1542 cogitationum
1474 1498 1485 1526 :
1504 1480 1644 1541 idque
1665 1496 1748 1542 pro
1768 1481 1950 1543 legibus

178 1554 264 1599 effe
286 1551 473 1596 voluisse
494 1550 621 1610 quod
643 1547 722 1592 ille
747 1548 919 1591 bonum
941 1551 978 1591 δι
1004 1561 1187 1607 aequum
1207 1544 1354 1589 fuiss'et
1378 1539 1704 1590 arbitraturus.⁴
1739 1550 1794 1592 B.
1829 1547 1950 1591 Rec-

180 1628 227 1663 te
248 1614 468 1676 intelligis
492 1632 500 1655 :
541 1612 630 1657 hoc
652 1611 774 1656 enim
799 1610 944 1672 ipsum
968 1609 1119 1655 dicere
1141 1608 1282 1654 volui.
1350 1608 1491 1658 Nunc
1516 1624 1620 1654 vero
1642 1607 1778 1653 velim
1801 1610 1951 1655 consi·

181 1682 309 1727 deres
334 1678 514 1740 qualem
539 1676 671 1721 illum
695 1675 753 1721 ab
774 1674 907 1720 initio
934 1676 1106 1735 Regem
1134 1671 1512 1720 constituerimus.
1574 1672 1746 1718 Nonne
1768 1672 1951 1719 firmum

182 1743 394 1791 adversus
413 1740 590 1793 odium,
609 1755 832 1792 amorem,
856 1738 988 1792 iram,
1013 1736 1252 1789 invidiam,
1274 1735 1544 1798 caeterasque
1567 1736 1823 1782 animorum
1847 1753 1953 1799 per..

181 1807 463 1856 turbationes
489 1809 507 1852 ?
575 1806 644 1851 Μ.
681 1805 845 1849 Talem
874 1814 994 1849 certe
1018 1818 1098 1848 nos
1122 1817 1225 1848 eum
1251 1800 1482 1854 finximus,
1508 1813 1585 1846 aut
1606 1799 1872 1848 hominibus
1895 1800 1953 1848 il·

182 1875 238 1921 lis
265 1872 416 1935 priscis
439 1870 575 1917 etiam
605 1869 732 1916 fuiss‘e
756 1867 1051 1914 credidimus.
1125 1872 1177 1913 H.
1212 1866 1359 1927 Leges
1386 1881 1495 1910 vero
1516 1863 1684 1926 ecquid
1706 1863 1764 1910 ad
1785 1863 1955 1928 imagi-

181 1955 288 1985 nem
309 1937 404 1997 ejus
426 1936 529 1981 latae
550 1934 768 1980 videntur
789 1934 806 1977 ἓ
877 1940 943 1980 Λ).
976 1929 1113 1977 Nihil
1138 1929 1341 1976 fimilius.
1391 1930 1449 1975 B.
1485 1928 1641 1975 Durus
1663 1928 1806 1992 igitur
1823 1934 1863 1976 &
1881 1931 1969 1976 in·-

182 2001 426 2048 exorabilis
451 1999 595 2045 nihilo
615 1997 763 2046 minus
788 1997 933 2042 bonus
956 1996 1056 2041 Rex
1075 2010 1212 2057 quam
1235 1994 1354 2040 bona
1374 1993 1465 2039 lex.
1516 2007 1582 2040 ,1
1619 1993 1776 2056 AEque
1797 1995 1954 2041 durus.

153 2067 155 2070 ’
185 2068 273 2113 Sed
294 2081 396 2111 cum
419 2075 627 2110 neutrum
651 2074 822 2107 mutare
841 2076 1024 2121 queam,
1041 2072 1120 2105 aut
1141 2058 1258 2105 velle
1276 2058 1466 2104 debeam
1490 2075 1504 2112 ;
1526 2068 1680 2105 tamen
1704 2069 1950 2120 utrunque,

185 2131 217 2178 fi
240 2147 422 2193 queam,
447 2126 656 2173 nonnihil
677 2126 905 2172 inflectere
927 2124 1082 2170 velim.
1127 2124 1184 2169 B.
1212 2121 1356 2183 Atqui
1379 2122 1506 2168 Deus
1530 2138 1587 2168 ne
1609 2121 1820 2184 pauperis
1843 2123 1952 2184 qui-

185 2198 290 2241 dem
317 2195 415 2240 vult
462 2205 511 2238 ut
534 2193 579 2238 in
598 2190 774 2250 judicio
798 2188 1103 2242 misereamur,
1135 2186 1209 2232 sed
1229 2187 1275 2231 id
1301 2203 1441 2232 unum
1464 2187 1590 2248 quod
1625 2188 1797 2231 rectum
1821 2188 1882 2232 est
1903 2189 1957 2236 δε

184 2277 386 2322 aequum,
423 2273 503 2303 nos
530 2257 664 2318 jubet
684 2253 871 2306 intueri,
906 2257 953 2300 δε
978 2252 1223 2298 secundum
1246 2249 1295 2297 id
1318 2267 1458 2296 unum
1490 2249 1807 2311 pronunciare.
1877 2255 1945 2299 M.

181 2324 401 2386 Agnosco
423 2320 706 2373 sententiam,
732 2323 780 2367 &
804 2316 920 2364 veris
943 2317 1117 2363 vincor.
1185 2315 1384 2376 Qando
1411 2313 1556 2376 igitur
1583 2315 1759 2376 Regem
1788 2314 1958 2361 solvere

184 2388 368 2450 legibus
393 2403 482 2433 non
518 2385 641 2438 licet,
673 2383 776 2446 quis
801 2382 983 2430 tandem
1005 2380 1092 2428 erit
1112 2379 1357 2443 legissator,
1393 2394 1531 2442 quem
1555 2378 1598 2424 ei
1620 2390 1836 2441 tanquam
1860 2394 1958 2442 pae·

187 2456 419 2515 dagogum
446 2449 659 2496 dabimus
689 2453 707 2494 ἓ
1558 2457 1562 2460 ·

224 2521 228 2523 ’
253 2517 463 2562 XXVII.
507 2515 564 2562 B.
592 2513 743 2571 Quem
767 2510 914 2558 censes
935 2509 1207 2572 potissimum
1231 2507 1340 2555 huic
1367 2506 1544 2554 muneri
1567 2504 1909 2568 praeficiendum
1935 2509 1958 2552 ἒ

183 2583 259 2633 'M.
295 2581 397 2643 Ego
421 2581 453 2625 si·
482 2595 555 2625 me
577 2577 848 2642 inte-rrogaS,
871 2576 1017 2638 ipsum
1041 2575 1236 2636 Regem.
1303 2573 1427 2619 Nam
1453 2571 1500 2617 in
1524 2571 1711 2633 reliquis
1735 2570 1828 2616 fere
1850 2570 1960 2616 arti·
1998 2610 2000 2614 ,
2068 2565 2072 2578 '

188 2645 273 2691 bus
295 2647 353 2689 ab
375 2642 623 2691 artificibus
647 2653 875 2704 praecepta
897 2653 1049 2687 earum
1075 2638 1193 2684 tradi
1215 2637 1421 2686 videmus
1448 2655 1458 2682 :
1488 2636 1662 2698 ‘quibus
1685 2638 1733 2684 δε
1757 2634 1841 2696 ipsi
1861 2650 1958 2680 me-

187 2709 346 2756 moriae
370 2707 690 2754 confirmandae
723 2705 852 2751 causa
893 2705 1018 2751 velut
1039 2701 1378 2749 commentariis
1422 2712 1620 2752 utantur,
1661 2704 1702 2746 δε
1740 2699 1852 2744 alios
1889 2697 1958 2744 sui

187 2783 510 2819 commoneant
531 2771 687 2818 officii.
754 2771 812 2817 B.
845 2770 946 2832 Ego
968 2780 1125 2814 contra
1147 2765 1263 2812 nihil
1298 2766 1502 2811 interesse
1525 2763 1679 2818 video,
1719 2763 1958 2825 Regemne

186 2836 382 2884 liberum
409 2842 448 2882 &
472 2837 664 2882 solutum
701 2834 881 2896 legibus
903 2832 1233 2892 relinquamus,
1267 2843 1331 2875 ‘an
1353 2830 1394 2876 ei
1419 2828 1671 2875 tribuamus
1708 2827 1862 2889 legum
1880 2826 1959 2888 ju-

186 2902 438 2947 bendarum
463 2901 749 2962 potestatem.
813 2897 970 2944 Nemo
992 2895 1115 2942 enim
1151 2895 1192 2940 se
1215 2894 1373 2955 sponte
1411 2892 1609 2939 vinculis
1641 2891 1818 2938 induet.
1885 2892 1957 2936 Ac

184 2965 341 3011 nescio
372 2981 429 3010 an
452 2966 626 3026 praestet
649 2964 842 3009 solutum
859 2961 1123 3022 -relinquere
1144 2974 1283 3020 quem
1306 2957 1572 3004 circundare
1604 2953 1800 3002 vinculis
1838 2953 1956 3000 nihil

116 3040 121 3043 *
186 3025 458 3091 profuturis,
481 3028 654 3090 quippe
691 3043 794 3089 quae
822 3025 902 3071 ubi
923 3027 1048 3071 volet
1067 3036 1219 3069 exuat.
1291 3030 1358 3070 sta.
1392 3023 1457 3068 At
1495 3033 1544 3066 tu
1567 3020 1754 3082 quando
1776 3019 1957 3081 legibus

189 3093 342 3155 potius
364 3109 499 3155 quam
524 3092 727 3154 Regibus
748 3091 880 3154 regni
902 3088 1212 3152 gubernacula
1233 3081 1398 3139 credis,
1442 3083 1549 3130 vide
1572 3083 1724 3146 quaeso
1746 3098 1803 3129 ne
1827 3081 1959 3138 huic,

192 3173 330 3218 quem
355 3157 492 3204 verbo
518 3170 646 3203 tenus
670 3157 846 3217 Regem
870 3153 1002 3207 facis,
1024 3153 1266 3214 Tyranum
1288 3150 1515 3211 imponas,
1547 3148 1630 3211 qui
1657 3163 1765 3193 eum
1797 3176 1802 3180 ,
1857 3178 1861 3181 -

443 3226 625 3282 Imperio·
628 3232 799 3282 premat
817 3237 833 3274 3
867 3237 919 3264 ac
934 3216 1095 3264 vinclis
1111 3215 1165 3264 Εἴ
1185 3233 1347 3262 carcere
1350 3217 1502 3276 frenet
1523 3230 1540 3258 .·

192 3298 246 3328 ac
269 3294 445 3330 tanturn
468 3301 558 3330 non
583 3282 882 3345 compedibus
906 3294 1144 3328 oneratum
1181 3279 1228 3326 in
1252 3294 1412 3340 agrum
1436 3277 1607 3330 mittat,
1631 3285 1710 3320 aut
1728 3272 1777 3320 in
1802 3271 1954 3336 pistri-

188 3359 301 3392 'num
326 3349 480 3394 dedat.
547 3350 604 3394 B.
638 3349 764 3395 Bona
784 3346 924 3392 verba
967 3365 981 3401 ;
1034 3343 1262 3406 neminem
1287 3357 1374 3404 ego
1394 3341 1437 3388 ei
1459 3339 1704 3386 dominum
1722 3338 1960 3400 impono:

160 3462 163 3464 ,
187 3411 264 3456 sed
290 3411 480 3470 populo,
500 3412 582 3472 qui
611 3411 655 3458 ei
676 3410 918 3474 imperium
941 3408 988 3456 in
1012 3408 1054 3454 se
1076 3406 1223 3463 dedit,
1254 3407 1403 3452 *licere
1424 3405 1548 3456 volo,
1577 3417 1633 3456 ut,
1650 3403 1746 3462 ejus
1769 3399 1951 3461 imperii

184 3475 375 3518 modum
398 3474 440 3518 ei
462 3475 718 3535 praescribat
743 3494 760 3520 ;.
787 3490 933 3535 eoque
956 3473 1077 3532 jure,
1117 3472 1242 3535 quod
1268 3468 1467 3532 populus
1504 3466 1554 3513 in
1576 3467 1617 3513 se
1659 3465 1852 3517 dederit,
1898 3461 1963 3508 ut?
1990 3471 1994 3474 “

176 3535 278 3585 Rex
302 3548 455 3585 utatur
477 3539 673 3600 postulo.
738 3539 908 3601 Neque
949 3539 1032 3585 has
1063 3537 1189 3600 leges
1211 3551 1292 3599 per
1315 3532 1433 3590 vim,
1480 3545 1531 3581 ut
1553 3540 1603 3578 tu
1623 3525 1949 3596 iuramentis,

158 3620 167 3626 -
1858 3602 1957 3635 im·-
