2006 3858
351 142 656 211 L1BER
731 143 1548 209 Decri-russax‘rns.
1706 144 1842 229 485

77 242 287 305 profeffi,
312 245 362 290 δε
400 258 503 287 cum
530 243 770 290 Huntilaeo
799 243 1003 290 triduum
1038 244 1106 290 ibi
1129 243 1349 290 collocuti
1392 241 1526 288 facile
1570 250 1711 286 totam
1737 258 1838 287 eam

79 307 244 353 beotia:
261 306 462 368 plagam,
487 322 589 368 quae
612 308 668 352 ad
690 307 1013 369 septentriones
1034 306 1155 354 versa
1177 310 1253 363 est,
1278 308 1359 355 fibi
1391 308 1711 366 adjunxerunt.
1779 307 1840 350 E-

83 371 206 419 dicta
224 372 360 433 paulo
383 370 480 434 post
501 372 730 433 proposita
767 371 881 426 sunt,
909 385 957 419 ut
990 375 1045 419 ad
1070 374 1205 420 finem
1229 372 1389 420 Martii
1434 371 1693 433 frequentes
1725 369 1850 415 ades-

80 437 189 483 sent.

146 500 247 546 LV.
287 497 358 544 Ad
381 497 426 543 id
449 509 627 561 tempus
649 497 759 544 univ
746 500 835 545 erli
863 499 955 546 fere
977 501 1174 547 ecclesiae
1197 500 1448 547 instauratae
1468 497 1696 562 principes
1718 496 1849 543 Lim-

81 564 283 612 nuchum
305 575 652 609 convenerunt-z
698 564 806 609 inde
830 564 1065 610 Hadinam
1086 565 1276 627 profefti
1317 567 1373 611 ad
1415 564 1641 611 Calendas
1666 562 1849 623 Apriles

82 628 248 689 Anglis
267 640 577 673 occurrerunt.
635 628 668 673 F
650 640 777 673 rant
797 627 843 672 in
872 630 1130 690 Anglorum
1155 629 1356 675 exercitu
1377 629 1508 692 supra
1529 626 1602 674 sex
1623 627 1851 690 peditum,

82 694 175 738 duo
192 707 249 752 eq
257 689 398 736 uitam
423 690 584 737 millia.
653 692 686 736 P
691 692 866 737 mxima
889 695 1020 738 noete
1044 693 1100 741 ad
1122 694 1397 739 Praestonum
1432 693 1569 739 castra
1593 691 1750 762 posuer
1756 704 1852 736 unt.

82 757 258 804 Eodem
283 752 356 799 die
377 755 591 819 Regens
574 771 671 816 Jam
697 773 809 819 prop
815 756 883 803 ius
908 757 1096 803 admoto
1119 759 1342 818 periculo,
1369 769 1417 803 ut
1439 758 1496 803 ab
1534 756 1717 802 incertis
1741 755 1853 801 belli

84 820 255 866 casibus
278 819 457 874 abesset,
483 820 524 866 se
547 835 650 865 cum
687 820 844 882 paucis
883 821 1142 867 domesticis
1183 822 1230 867 in
1255 838 1403 868 arcem
1442 820 1855 883 Edimburgenlem

84 884 272 955 recepit.
341 885 536 932 Praeerat
553 885 645 930 3τεὶ
668 885 860 930 Ioannes
901 885 1147 932 Arefizinus
1188 886 1258 932 vir
1295 890 1343 935 ὃς
1366 886 1658 937 innocentiae,
1683 891 1724 930 &
1747 883 1855 930 dili·

85 948 252 1012 gentiae
276 948 497 1010 ipeciatae.
565 949 676 1010 Ejus
720 962 871 995 autem
911 949 1157 996 custodiam
1181 967 1237 996 ex
1275 950 1451 1012 publici
1473 950 1650 995 confilii
1672 948 1856 995 decreto

89 1013 266 1074 (utJ'am
292 1028 423 1058 antea
444 1013 798 1060 demonstratum
823 1015 902 1074 est)
929 1027 1165 1075 acceperat
1186 1031 1240 1060 ea
1284 1015 1404 1077 lege,
1450 1025 1499 1060 ut
1537 1030 1636 1059 eam
1662 1012 1856 1066 nemini,

86 1079 167 1124 nisi
189 1077 388 1138 ejusdem
414 1078 616 1140 confiliij
627 1080 716 1124 ussu
739 1079 965 1125 redderet.
1033 1080 1171 1125 Hanc
1207 1095 1310 1125 cum
1328 1054 1465 1125 Galli
1495 1078 1579 1124 suis
1604 1076 1857 1124 rationibus

87 1155 252 1203 opport
241 1158 392 1187 unam
412 1159 454 1187 v
445 1143 636 1198 derent,
663 1143 809 1189 multa
830 1142 944 1211 saepe
968 1142 1119 1189 moliti
1143 1143 1261 1196 sunt,
1290 1155 1335 1188 ut
1358 1158 1411 1188 ea
1452 1142 1560 1188 dolo
1584 1143 1856 1203 potirentur.

87 1207 190 1260 Ille,
215 1207 292 1252 etsi
317 1221 400 1251 rec
425 1207 495 1251 ani
503 1224 628 1253 mum
652 1224 810 1253 eorum
829 1224 937 1270 erga
955 1206 995 1253 se
1030 1207 1278 1269 ignoraret,
1303 1222 1544 1269 arcemque
1566 1208 1630 1252 ita
1651 1222 1860 1251 commu-

88 1271 232 1325 niffet,
259 1281 307 1315 ut
325 1288 386 1316 3
388 1270 433 1324 Ξ,
460 1272 660 1333 doloque
682 1272 788 1317 effet
805 1271 1000 1326 securus,
1025 1287 1077 1317 ac
1101 1270 1256 1317 omnia
1274 1269 1433 1318 sedulo
1455 1285 1649 1324 caveret,
1679 1273 1861 1332 Regen-

88 1349 179 1380 tem
206 1347 354 1380 tamen
381 1336 621 1382 excludere
643 1335 721 1381 tali
743 1349 948 1397 tempore
964 1336 1165 1381 nolebat.
1203 1334 1257 1380 Id
1278 1347 1432 1381 autern
1455 1334 1502 1380 in
1526 1352 1577 1380 ea
1596 1333 1862 1396 recipienda

89 1399 334 1462 diligenter
356 1399 575 1461 providit,
603 1414 651 1446 ut
672 1400 832 1462 ipsam,
857 1404 901 1447 ὃ(
931 1416 1080 1446 arcem
1101 1399 1149 1445 in
1177 1398 1254 1445 sua
1276 1401 1492 1462 potestate
1515 1400 1688 1460 semper
1721 1398 1749 1442 h
1737 1399 1863 1443 abe-

89 1476 189 1510 ret:
223 1479 306 1509 nec
329 1479 555 1525 proceres,
580 1465 661 1525 qui
684 1463 929 1510 liberandae
952 1465 1109 1526 patriae
1131 1481 1180 1510 er
1183 1477 1260 1510 ant
1282 1465 1438 1518 duces,
1478 1465 1556 1511 etfi
1594 1463 1707 1525 saepe
1731 1477 1865 1509 antea

88 1528 310 1588 Βεςξεηῑὶε
330 1527 530 1577 animum
557 1528 765 1575 adversus
788 1528 982 1584 causam,
1003 1545 1141 1592 quam
1160 1527 1458 1590 susceperant,
1473 1528 1746 1576 obstinatum
1768 1527 1866 1573 sen·

90 1574 251 1647 sissent,
272 1605 421 1650 tamen
446 1594 710 1655 praesentem
733 1593 1015 1640 occassonem
1039 1591 1477 1656 praetermittendam
1501 1592 1807 1639 censuerunt:
1832 1591 1863 1637 st

91 1656 208 1703 forte
231 1670 309 1703 aut
331 1647 440 1703 belli
464 1673 652 1730 propius
676 1657 850 1704 admoti
882 1671 1045 1712 metus,
1078 1670 1158 1704 aut
1178 1674 1234 1703 ex
1263 1656 1530 1720 longinquis
1562 1655 1744 1702 auxiliis
1767 1656 1866 1717 spes

89 1720 263 1768 incerta
283 1737 382 1767 eam
406 1722 464 1767 ad
485 1723 711 1784 quietiora
731 1722 917 1768 consilia
936 1722 1236 1769 inflecterent.
1305 1722 1456 1786 Igitur
1476 1721 1658 1796 colletii
1679 1721 1734 1767 acl
1750 1721 1867 1769 Dal-

91 1784 284 1831 kethum
309 1785 517 1832 faciionis
540 1786 768 1849 principes
788 1786 853 1832 ita
873 1785 1156 1848 scripserunt.

158 1850 355 1896 LV1.“
375 1851 402 1896 S
418 1851 479 1896 AE
494 1852 525 1896 Ρ
539 1853 577 1898 E
591 1852 639 1898 N
655 1852 701 1897 U
719 1852 772 1897 M
785 1852 822 1897 E
837 1853 879 1897 R
893 1853 937 1896 O
962 1851 1066 1897 ante
1078 1867 1159 1913 per
1180 1850 1351 1906 literas,
1373 1850 1651 1913 nunciolque
1666 1867 1689 1895 a
1704 1861 1747 1895 te
1759 1864 1869 1896 con-

91 1914 339 1968 tendimus,
375 1926 423 1960 ut
445 1915 614 1962 milites
633 1917 846 1970 Gallos,
839 1916 918 1978 qui
937 1915 1030 1976 jam
1055 1917 1248 1962 alterum
1270 1932 1441 1962 annum
1461 1915 1687 1961 infirmam
1711 1915 1871 1976 plebe-

92 1979 241 2024 culam
274 1979 641 2026 intolerabilibus
665 1980 796 2025 malis
842 1993 1074 2043 premunt,
1099 1995 1151 2026 ac
1174 1979 1397 2042 populum
1421 1979 1710 2025 universum
1701 1997 1747 2024 in
1783 1979 1872 2025 mi-

90 2042 286 2089 serrimae
309 2042 532 2090 servitutis
554 2044 848 2090 formidinem
872 2045 1182 2106 conjecerunt,
1207 2045 1392 2091 tandem
1416 2044 1665 2107 aliquando
1690 2044 1796 2088 hinc
1822 2060 1872 2089 a-

94 2109 346 2163 mandares,
379 2107 549 2170 nosque
582 2109 672 2155 hoc
694 2121 820 2154 metu
854 2109 1085 2156 liberares.
1153 2109 1326 2156 Verum
1365 2110 1468 2156 cum
1498 2109 1626 2169 justis
1661 2108 1872 2171 precibus

94 2172 217 2233 apud
241 2182 284 2217 te
307 2173 374 2219 nil
405 2189 794 2233 promoveremuS,
829 2174 976 2220 coacti
998 2173 1169 2219 fuimus
1200 2174 1324 2236 apud
1346 2173 1574 2236 Reginam
1611 2174 1875 2235 Anglorum

31 2264 34 2267 ·
55 2243 57 2246 ⁴
93 2241 141 2284 ἃ
162 2237 293 2299 regni
317 2236 481 2283 finibus
506 2238 703 2284 maxime
726 2239 1035 2301 propinquam
1061 2238 1374 2285 conditionem
1399 2238 1591 2284 nostram
1617 2239 1872 2299 deplorare,

93 2303 144 2348 &
168 2301 387 2348 auxilium
410 2301 656 2363 implorare
679 2303 736 2348 ad
760 2309 939 2365 peregri
927 2319 1028 2349 nos
1048 2303 1182 2349 servit
1189 2316 1309 2350 utem
1335 2303 1466 2349 nobis
1489 2302 1765 2348 intentantes
1802 2319 1875 2347 ar-

94 2365 183 2411 mis
223 2366 275 2426 (fi
298 2366 430 2413 aliter
450 2369 752 2429 nequeamus)
786 2367 1102 2430 expellendos.
1169 2368 1258 2413 Illa
1289 2384 1397 2414 vero
1419 2383 1682 2428 quanquam
1716 2366 1876 2413 nostris

95 2429 430 2476 calamitatibus
455 2444 663 2493 permota
684 2431 862 2478 causam
888 2434 1083 2478 nostram
1118 2431 1378 2494 susceperit,
1403 2446 1554 2478 tamen
1582 2445 1628 2476 ut
1651 2447 1759 2493 erga
1781 2433 1878 2477 Re-

28 2541 31 2558 4
93 2494 217 2556 ginae
240 2495 397 2543 nostrae
422 2507 625 2542 matrem
637 2497 784 2542 nostro
807 2496 1104 2559 fungeremur
1120 2496 1289 2551 officiO,
1311 2503 1351 2543 &
1374 2513 1400 2542 3
1418 2495 1676 2542 Christiano
1695 2496 1877 2558 langui-

95 2575 154 2604 ne
177 2558 430 2615 fundendo,
465 2560 620 2633 quoad
642 2560 739 2606 fieri
761 2562 918 2622 pofl‘et,
954 2560 1296 2614 abstineremus,
1333 2567 1374 2607 &
1395 2561 1489 2607 vim
1523 2573 1742 2607 armatam
1777 2574 1877 2608 tum

94 2623 296 2686 denique
331 2625 658 2686 experiremur,
694 2640 800 2671 cum
823 2625 991 2672 aliter
975 2642 1050 2698 Jus
1079 2626 1287 2671 nostrum
1317 2625 1526 2672 obtinere
1563 2624 1875 2688 nequi1·.emus

95 2687 268 2734 Adhuc
289 2689 448 2737 nostrae
471 2688 703 2736 modestiae
724 2690 810 2736 effe
838 2692 1103 2752 putavimus
1125 2702 1169 2737 te
1192 2690 1360 2736 iterum
1379 2706 1558 2754 rogare,
1597 2702 1647 2736 ut
1670 2689 1879 2735 Gallicas

95 2751 251 2814 copias
274 2769 377 2800 cum
401 2753 643 2817 praefectis,
666 2758 717 2805 &
735 2754 930 2802 ducibus
955 2754 1302 2827 quamprimum
1324 2755 1434 2801 hinc
1456 2770 1679 2817 emigrare
1697 2754 1762 2812 ju
1754 2755 1879 2800 l.3eas

98 2816 155 2862 Id
177 2829 327 2864 autem
355 2831 403 2864 ut
430 2819 718 2865 commodius
737 2819 900 2865 confici
925 2819 1072 2882 possit,
1113 2819 1296 2882 Regina
1329 2820 1592 2883 Anglorum
1617 2835 1710 2863 non
1736 2818 1878 2863 modo

99 2888 270 2937 tutum,
291 2882 340 2929 ut
362 2882 511 2930 fititer
525 2901 607 2946 per
620 2884 946 2946 suumregnum
965 2883 1210 2956 praestabit,
1224 2884 1300 2930 sed
1315 2886 1363 2932 ὅ(
1377 2884 1508 2929 ςΞΞΞΤε
1524 2882 1654 2927 suain
1674 2882 1882 2928 Galliam

95 2946 466 3016 transportandos
487 2948 682 2995 curabit.
751 2950 870 3010 Qae
889 2947 1095 2995 conditio
1115 2949 1146 2994 fi
1169 2946 1416 3008 rejiciatur,
1436 2964 1517 2993 nos
1537 2947 1709 3000 Deum,
1735 2951 1776 2991 &
1795 2946 1881 2996 ho-

98 3025 246 3056 mmes
268 3012 497 3066 testamur,
529 3014 655 3059 nulla
677 3014 823 3059 nostra
844 3012 1038 3067 malitia,
1075 3023 1154 3059 aut
1174 3011 1284 3058 odio
1306 3012 1364 3058 ad
1395 3027 1520 3057 arma
1540 3010 1675 3064 itum,
1711 3008 1822 3055 sed
1807 3027 1883 3056 m-

97 3073 252 3127 vit05,
269 3079 318 3125 ὃς
336 3091 460 3122 mera
484 3077 738 3123 necestitate
759 3079 940 3124 coac'tos
963 3089 1167 3123 extrema
1188 3074 1386 3136 experiri
1406 3073 1627 3128 remedia,
1647 3075 1881 3121 nestatum

97 3138 361 3199 publicum,
392 3155 474 3191 nos
497 3139 633 3202 ipsos,
666 3140 960 3204 fortunalque
999 3140 1186 3193 nostras,
1220 3143 1269 3186 δε
1292 3139 1598 3202 posteritatem
1623 3154 1807 3184 omnem
1833 3138 1882 3186 in

97 3200 282 3247 ultimas
305 3203 587 3250 calamitates
605 3205 1014 3277 praecipitaremuS.
1082 3204 1254 3266 Neque
1277 3215 1448 3255 tamen,
1472 3219 1738 3265 quanquam
1774 3220 1884 3266 gra·

99 3263 274 3310 viffima
304 3266 548 3328 patiamur,
585 3275 626 3314 δι
645 3269 858 3331 graviora
883 3268 1067 3320 instent,
1093 3268 1238 3312 ullum
1273 3266 1527 3338 periculum
1552 3282 1636 3312 nos
1657 3280 1796 3331 coget
1823 3269 1882 3315 ab

99 3327 254 3374 officio
275 3344 384 3391 erga
404 3330 633 3392 Reginam
657 3332 848 3377 nostram
877 3330 1123 3385 discedere,
1159 3340 1237 3375 aut
1259 3330 1380 3394 Regi
1404 3329 1570 3377 marito
1596 3330 1694 3392 ejus
1719 3332 1845 3378 ulla
1832 3349 1882 3380 Ξιι

100 3409 168 3445 re,
192 3408 296 3454 quae
318 3408 409 3439 non
431 3395 488 3439 ad
512 3396 694 3441 vetustte
716 3394 972 3441 libertatis
962 3394 1119 3440 interit
1123 3409 1216 3447 um,
1250 3407 1329 3440 aut
1350 3395 1406 3440 ad
1431 3395 1647 3450 nostrum,
1680 3397 1884 3458 postero-

99 3473 298 3518 rumque
320 3459 570 3504 nostrorum
593 3458 785 3506 exitium
808 3458 1074 3521 pertinebit,
1106 3458 1316 3505 refistere.
1385 3460 1461 3505 Te
1490 3470 1641 3506 autem
1666 3476 1846 3523 prince‘
1862 3479 1882 3507 s

101 3520 435 3582 benignissima,
468 3522 656 3579 iterum,
688 3535 828 3585 atque
847 3522 1011 3570 iterum
1035 3539 1269 3595 rogamus,
1304 3534 1356 3570 ut
1376 3523 1569 3586 expensa
1597 3527 1756 3572 nostrae
1780 3527 1884 3586 pos-

102 3584 337 3634 sanationis
358 3586 613 3650 aequitate„
628 3593 685 3636 δι,
691 3603 795 3651 quae
813 3603 870 3638 ex
891 3587 1015 3637 hello
1037 3585 1163 3653 sequi
1181 3586 1348 3652 possiut
1357 3588 1515 3648 malis,
1549 3593 1590 3637 δε
1613 3605 1750 3652 quam
1772 3588 1850 3634 ht'
1836 3605 1883 3635 lc

1795 3662 1888 3700 tue
