2055 3828
190 189 322 258 270
437 172 866 256 *RERUM
955 164 1639 239 SCOTICAR'UM

191 286 351 320 ornnes
365 268 548 319 ordines
570 267 837 314 confirmata
852 263 930 319 est,
962 263 1043 327 qui
1066 276 1116 311 ut
1136 263 1386 328 cupiditate
1406 263 1470 316 im
1507 265 1666 315 eraudi
1682 281 1831 320 eaecus
1853 269 1954 337 pes-

194 336 315 385 simis
334 333 586 383 rationibus
604 331 660 378 εὸ
683 328 971 393 properabat,
992 327 1059 376 ita
1089 328 1120 375 fi
1144 344 1285 376 unum
1306 329 1425 378 illud
1491 347 1633 387 emas,
1654 334 1798 382 multa
1816 335 1865 382 in
1899 352 1959 384 eo

193 412 323 453 tanto
341 398 598 462 magistratu
621 393 763 457 digna
784 391 977 440 inerant.
1038 393 1164 441 Nam
1183 395 1232 443 &
1258 394 1381 442 bello
1404 395 1551 451 fortis,
1577 401 1618 443 δε
1639 396 1826 446 confilio
1847 416 1957 463 pru.

191 466 304 516 dens
334 475 444 513 erat,
466 466 505 507 δι
529 457 744 522 aequitate
764 457 939 505 summa
958 457 1062 518 lites
1084 455 1365 520 dijudicabat
1389 476 1403 507 ε
1437 462 1478 507 &
1502 459 1775 509 liberalitate
1797 477 1957 526 proee—
1999 491 2007 498 ι

189 545 259 578 res
283 524 574 579 conciliabat,
597 538 682 570 nec
703 520 882 568 tributis
905 521 1088 585 plebem
1111 522 1420 571 exhauriebat.

255 592 387 640 XVI.
416 587 593 636 'Eodem
616 602 737 634 anno
767 585 949 634 Percius
971 585 1119 634 senior
1141 585 1308 634 iterum
1344 587 1392 636 in
1427 589 1605 654 Regem
1644 589 1771 638 suum
1794 591 1957 654 conju·

190 657 305 708 ravit
331 674 341 701 :
392 666 446 700 ut
477 650 644 707 fratris,
680 656 721 699 sc
741 650 936 698 duorum
958 650 1157 699 filiorum
1180 651 1395 699 caesorum
1421 652 1643 701 ultionem
1664 653 1722 702 ab
1742 671 1797 703 eo
1818 672 1876 702 ex
1911 672 1962 704 e-

190 731 308 770 teret
331 736 343 766 :
375 716 453 765 sed
474 717 652 764 detecta
671 716 774 788 conj
783 715 1003 769 uratione.
1023 721 1063 763 δι
1084 715 1292 778 plurimis
1310 715 1592 764 consciorum
1611 719 1775 782 captis,
1795 725 1836 767 δι
1878 737 1964 784 up-

225 784 336 832 licio
358 779 546 836 affectis,
570 780 617 829 in
641 780 841 827 Scotram
860 779 945 827 fibi
966 792 1172 828 metuens
1195 779 1333 846 fugit,
1355 794 1404 829 ut
1425 780 1594 830 indein
1616 781 1894 838 Flandri'am,
1919 788 1964 833 δε

189 802 431 898 {muciam
459 844 713 910 navigaret,
747 850 788 891 δε
826 843 997 891 auxilia
1022 844 1080 891 ad
1121 844 1296 894 bellum
1317 846 1631 896 renovandum
1654 846 1962 913 conquireret.
2009 879 2011 881 -

150 925 157 930 “
192 914 372 963 Interea
396 908 542 974 Angli
579 909 699 958 filius
721 907 953 956 Henricus
975 923 1163 973 magnas
1185 908 1234 956 in
1260 910 1503 959 Scotorum
1525 927 1550 958 a
1585 927 1656 960 ros
1679 911 1965 960 excursiones

188 989 327 1032 terra,
351 975 555 1040 marique
594 973 720 1022 fecit.
789 973 834 1020 Is
864 973 970 1022 cum
1010 970 1164 1037 praeda
1185 972 1362 1038 ingenti
1404 986 1533 1036 parta
1586 990 1742 1024 omum
1766 976 1966 1032 rediffet,

191 1059 272 1090 arx
296 1041 467 1090 Iedbur
500 1040 533 1096 i,
555 1055 694 1102 quam
717 1038 862 1086 hostes
885 1036 912 1085 ὲ
934 1037 1092 1101 praelio
1122 1038 1423 1087 Dunelmensi
1445 1039 1504 1086 ad
1525 1055 1632 1088 eum
1655 1039 1779 1087 diem
1803 1053 1963 1088 tenue·
1997 1083 1999 1087 .

191 1122 311 1163 rant,
336 1121 417 1169 per
487 1105 622 1152 ebem
643 1102 874 1152 Teviotiae
904 1116 1055 1164 capta,
1081 1108 1123 1151 δι
1146 1102 1172 1151 s
1197 1102 1352 1159 oliata,
1393 1119 1444 1150 ac
1467 1101 1633 1152 deinde
1673 1121 1753 1167 per
1776 1103 1966 1153 Guber-

191 1185 401 1221 natorem
438 1169 515 1218 olo
538 1180 717 1242 aequata
737 1168 817 1224 est,
841 1169 889 1218 δε
914 1167 1146 1232 Georgius
1228 1167 1362 1215 arciae
1380 1167 1551 1217 Comes
1572 1184 1677 1216 cum
1698 1169 1757 1217 ab
1778 1167 1966 1233 Angue,

192 1251 390 1300 quorum
423 1234 471 1280 in
494 1246 689 1298 gratiam
711 1233 857 1281 multa
877 1231 1047 1281 damna
1080 1230 1166 1279 suis
1187 1231 1391 1288 dederat,
1429 1249 1485 1280 ne
1525 1248 1579 1279 ue
1601 1232 1660 1281 ad
1683 1232 1757 1280 sua
1777 1249 1966 1298 recupe-

193 1300 334 1349 randa
355 1297 596 1356 auxilium,
641 1313 793 1409 ungu:
811 1295 919 1344 vitae
942 1295 1127 1344 honeste
1160 1296 1385 1360 degendae
1414 1296 1493 1345 sub
1529 1296 1657 1346 dium
1680 1295 1964 1362 impetraret.

192 1381 277 1430 per
313 1363 486 1412 amicos
514 1363 695 1426 placato
796 1361 1035 1408 bernatore
1056 1358 1247 1408 domum
1285 1359 1423 1408 rediit
1448 1379 1458 1408 z
1491 1373 1619 1424 parte
1650 1366 1801 1410 tamen
1825 1360 1990 1427 patris

184 1429 358 1485 smonii,
382 1443 548 1490 nempe
565 1441 666 1474 arce
688 1426 747 1474 ad
768 1425 1024 1473 Mabanum
1043 1425 1212 1480 lacum,
1237 1427 1286 1475 ὃς
1311 1424 1557 1473 Annandia
1587 1426 1822 1483 multatus,
1858 1439 1963 1491 quae

193 1493 430 1558 Duglafflo
453 1490 639 1539 nomine
659 1489 817 1538 damni
838 1488 935 1537 dati
952 1489 1181 1537 attributae
1203 1488 1304 1537 sunt
1328 1509 1339 1536 ε
1386 1505 1437 1535 ac
1458 1488 1686 1537 veteribus
1708 1491 1888 1538 offenfis
1911 1507 1963 1537 u-

195 1557 378 1621 trinque
416 1555 618 1609 remissis,
655 1555 703 1602 in
726 1554 902 1602 summa
927 1570 1034 1602 cum
1056 1552 1219 1601 vicinis
1241 1553 1505 1610 concordia,
1544 1570 1597 1601 ac
1628 1553 1716 1601 fide
1743 1570 1853 1620 erga
1874 1554 1968 1602 Re·
1995 1550 2017 1560 “

194 1639 304 1688 gem
327 1621 549 1684 reliquam
574 1632 753 1667 aetatem
777 1617 1007 1683 transegit.

262 1687 445 1747 xV11.(
455 1701 469 1732 ι
481 1682 719 1744 >Proximo
736 1681 1042 1730 annoPercius
1060 1681 1219 1731 frustra
1235 1682 1820 1746 pervagatusfranciam,ac
1832 1682 1967 1732 Flan-

197 1751 343 1799 driam
366 1751 414 1798 in
437 1748 636 1797 Scotiam
654 1748 713 1795 ad
736 1746 969 1796 Comitem
986 1747 1278 1796 Marcianum
1299 1758 1499 1794 veterem
1518 1745 1716 1794 amicum
1735 1746 1795 1794 est
1818 1764 1969 1796 rever·

195 1816 267 1864 sus
292 1834 304 1862 ε
342 1821 382 1863 &
405 1815 463 1861 ab
479 1830 536 1862 eo
559 1807 872 1862 humanissime
892 1811 1093 1867 babitus,
1117 1817 1158 1860 δι
1181 1825 1266 1875 pro
1287 1809 1434 1873 copiis
1452 1810 1619 1860 cultus.
1688 1810 1759 1858 lbi
1780 1825 1886 1858 cum
1908 1811 1967 1860 de
2004 1823 2009 1828 ·

194 1880 346 1929 reditu
368 1878 414 1926 in
438 1878 631 1943 patriam
653 1893 732 1942 per
747 1877 952 1925 occultos
968 1876 1165 1939 nuncios
1186 1874 1445 1938 frequenter
1465 1887 1638 1940 ageret,
1656 1874 1711 1923 ad
1735 1876 1967 1940 quendam
2021 1931 2026 1934 ,

195 1945 420 1993 vetustum
444 1941 660 1997 amicum,
685 1947 744 1996 ἃ,
771 1955 821 1989 ut
841 1941 1052 2005 putabat,
1075 1940 1218 1991 fidum
1248 1938 1502 1987 Rodolfum
1525 1938 1803 1988 Rokespium
1827 1940 1967 2004 scrip-

196 2010 266 2064 fit.
291 2008 373 2056 fibi
394 2008 421 2056 e
444 2007 607 2061 Scotis,
632 2019 768 2069 atque
793 2004 958 2069 Anglis
982 2020 1074 2053 non
1094 2002 1251 2052 defore
1272 2002 1447 2067 copias,
1471 2003 1638 2067 quibus
1661 2003 1801 2053 fretus
1823 2003 1974 2068 patri-v

199 2072 409 2121 monium
427 2071 468 2119 se
491 2084 861 2134 recuperaturum
884 2084 977 2116 non
995 2067 1278 2133 desperabat,
1297 2068 1329 2115 fi
1342 2084 1481 2128 opera
1504 2068 1642 2132 ipfius
1662 2068 1974 2131 adjuvaretur,
2013 2087 2016 2091 ·

197 2139 309 2186 Erat
331 2150 482 2184 autem
506 2148 603 2183 tum
628 2133 855 2183 Rodolfus
875 2132 924 2181 in
950 2149 1061 2198 agro
1083 2131 1354 2180 Ebot-acensi
1379 2132 1669 2187 Vicecomes,
1709 2145 1760 2180 ut
1785 2128 1974 2192 vocant,
2004 2150 2010 2168 ··

197 2204 288 2250 hoc
304 2202 366 2249 est
387 2200 690 2265 conventibus
706 2196 914 2260 juridicis
933 2196 1123 2262 agendis
1146 2194 1401 2260 praefectus.
1477 2198 1521 2244 Is
1540 2199 1643 2245 ciam
1668 2195 1776 2246 falsa
1798 2196 1872 2260 spe
1889 2213 1971 2252 au·

198 2266 302 2314 xiiii
325 2264 538 2314 Percium
567 2263 681 2312 illuc
702 2261 963 2318 attraxisset,
983 2260 1301 2325 conjuratione
1322 2261 1442 2324 Regi
1465 2260 1667 2311 indicata
1688 2260 1900 2310 miserum
1921 2278 1973 2310 a·
2017 2267 2030 2315 ἦ

200 2330 375 2378 micum
394 2330 441 2377 in
460 2328 641 2376 infidias
663 2326 814 2375 illexit
835 2344 848 2373 z
878 2339 1108 2390 caputque
1129 2324 1264 2374 occifi
1284 2325 1546 2374 Londinum
1566 2326 1623 2372 ad
1643 2323 1820 2390 Regem
1835 2325 1973 2376 mifit.
2022 2355 2029 2382 f

198 2397 312 2444 Erat
334 2408 484 2443 autem
507 2394 672 2442 eodem
692 2406 897 2454 tempore
930 2391 978 2439 in
1013 2389 1169 2439 Scotia
1187 2388 1376 2452 quidam
1402 2387 1606 2455 Anglus,
1623 2390 1705 2453 qui
1723 2389 1765 2438 se
1791 2392 1864 2453 (2)
1888 2389 1974 2439 Ri-
2002 2388 2031 2428 *s*

197 2459 420 2507 chardum
453 2457 702 2506 secundum
740 2456 915 2504 diceret
939 2473 950 2503 ε
993 2454 1069 2503 sed
1091 2453 1220 2510 falso,
1257 2465 1308 2501 ut
1343 2469 1461 2502 reor.
1540 2453 1664 2502 Nam
1696 2470 1800 2502 cum
1823 2454 2006 2520 senior:

202 2523 387 2571 Pei-cius
410 2522 541 2585 saepe,
566 2538 619 2569 ac
639 2521 933 2569 vehementer
949 2519 1235 2582 colloquium
1253 2518 1350 2581 ejus
1370 2529 1622 2583 expeteret,
1647 2534 1881 2582 nunquam
1903 2522 1973 2566 ta·
1992 2552 1998 2567 -.

203 2604 309 2636 men
332 2586 547 2634 inducere
567 2586 616 2633 in
640 2584 843 2634 animum
866 2583 1132 2648 cujusquam
1153 2581 1360 2644 oratione
1389 2594 1585 2647 poterat,
1611 2595 1663 2630 ut
1679 2597 1784 2630 cum
1807 2597 1864 2632 eo
1887 2581 1975 2634 serv
1996 2579 1999 2582 ¹

207 2666 393 2699 monem
417 2649 664 2697 conferret.
731 2649 885 2697 Credo
907 2662 1116 2698 metuens
1137 2664 1193 2695 ne
1213 2647 1463 2711 impostura
1481 2645 1897 2709 deprehenderetur
1913 2644 1981 2709 al>

203 2714 415 2771 homine,
438 2714 520 2778 qui
555 2713 731 2778 optime
753 2713 882 2760 suum
905 2714 1083 2777 Regem
1108 2723 1313 2761 noverat.
1391 2712 1435 2758 Is
1467 2722 1619 2759 tamen
1643 2724 1858 2773 tanquam
1881 2709 1976 2760 Re·
1999 2729 2035 2795 5

201 2780 272 2844 gii
298 2775 527 2843 sanguinis
553 2794 679 2825 ‚unus
714 2776 890 2839 aliquot
912 2793 1054 2824 annos
1076 2776 1245 2830 cultus,
1285 2780 1324 2822 δι
1346 2776 1443 2839 quo
1476 2774 1670 2823 securius
1700 2786 1872 2840 ageret,
1914 2773 2034 2825 aba

202 2843 332 2892 omni
364 2842 495 2907 regni
532 2840 784 2905 cupiditate
807 2839 849 2887 se
871 2839 1183 2887 alienissimum
1206 2839 1438 2893 fimulans,
1479 2840 1664 2888 tandem
1697 2851 1904 2886 mortuus
1924 2828 2037 2890 3⁸5⁷ss

205 2905 303 2956 aede
326 2907 516 2956 fratrum
530 2904 945 2954 Dominicanorum
967 2902 1152 2951 Sterlini
1174 2899 1262 2949 fuit
1283 2901 1502 2966 sepultus,
1518 2903 1711 2966 ascripto
1729 2903 1865 2951 titulo
1883 2894 1996 2950 Re:
2026 2935 2031 2947 2

202 2972 275 3046 gis
303 2971 504 3036 Angliae.
572 2970 676 3017 Nec
713 2968 859 3016 multo
882 2969 978 3030 post
999 2969 1033 3016 F
1037 2966 1310 3020 ascastellum
1333 2983 1413 3013 arx
1434 2967 1626 3015 Marciae
1649 2966 1789 3029 longe
1823 2961 1974 3022 muni}
1994 2968 2014 3007 ’ζ

204 3034 367 3083 tissima
386 3038 457 3098 (3)
482 3032 569 3097 (uti
589 3049 755 3081 nomen
776 3032 968 3093 indicat)
995 3033 1053 3080 de
1072 3029 1240 3094 Anglis
1260 3041 1444 3094 captum
1462 3046 1543 3094 per
1561 3031 1805 3081 Patricium
1820 3030 1976 3096 Dumg·
1987 3035 2001 3090 ‘3
2033 3075 2035 3078 Α

202 3100 380 3147 barium
404 3098 601 3161 Georgii
624 3097 784 3144 filium.
824 3097 1000 3159 Captus
1017 3112 1205 3159 quoque
1225 3095 1433 3143 Thomas
1453 3095 1697 3144 Huldenus
1715 3094 1829 3142 arcis
1851 3098 1993 3157 prat-J

203 3164 365 3220 fectus,
408 3163 490 3228 qui
529 3162 768 3210 Lothianae
811 3161 916 3207 loca
952 3160 1213 3224 propinqua
1240 3158 1491 3208 latrociniis
1520 3158 1686 3207 affidue
1715 3146 2035 3216 ‘infestabat‘a‘ffg

207 3229 267 3274 Et
290 3228 338 3275 in
357 3227 578 3275 Teviotia
598 3242 785 3290 quoque
804 3243 826 3270 a
848 3225 1166 3289 (4)Gulielmo
1183 3223 1482 3335 Duffilaffiossc
1498 3222 1704 3272 Galvino
1717 3202 2034 3293 Dumbariffsgz'

202 3291 382 3339 minore
411 3290 612 3339 Comitis
649 3288 877 3339 Marciani
907 3288 1002 3337 filio
1036 3303 1151 3351 pons
1174 3288 1248 3335 Ro
1300 3288 1403 3352 urgi
1439 3285 1622 3339 fractus,
1655 3283 1966 3351 oppidumiu-
1987 3284 2016 3339 542

256 3417 324 3466 (ι)
349 3431 461 3467 ¹407·
1172 3415 1236 3467 (3)
1264 3417 1298 3454 It
1313 3415 1346 3454 is
1363 3416 1496 3455 named
1513 3415 1704 3454 Fassoeffle
1718 3413 1778 3454 for
1794 3412 1859 3453 the
1873 3408 1975 3452 surd-
1994 3406 2010 3426 ’·

261 3471 323 3520 (2)
345 3471 509 3510 Richard
527 3475 589 3511 πά.
607 3473 651 3512 of
664 3472 938 3521 England,who
955 3471 1066 3520 being
1118 3469 1199 3509 nest
1215 3469 1260 3509 of
1275 3468 1340 3506 the
1358 3467 1534 3518 strength.
1643 3492 1646 3495 -
1949 3481 1963 3492 ⁷

201 3524 320 3563 taken
338 3523 379 3561 in
409 3523 540 3570 battle,
556 3525 631 3564 had
648 3527 739 3565 been
757 3526 978 3576 imprisoned
995 3526 1067 3564 and
1173 3521 1242 3571 (4)
1269 3520 1362 3561 first
1378 3522 1472 3561 bird
1493 3520 1539 3559 os
1551 3518 1834 3569 Drumlssssflssn
1864 3522 1972 3556 Μ’·
1985 3527 2006 3540 ”’

182 3577 357 3628 ¹secretly
374 3578 567 3617 murdercd
584 3576 631 3628 by
651 3578 728 3618 this
753 3580 883 3629 Henry
898 3579 944 3618 of
966 3579 1066 3619 Lan-
1122 3576 1174 3613 nl
1196 3575 1259 3614 son
1271 3582 1311 3612 to
1327 3575 1456 3628 Jeme·
1471 3573 1547 3618 carl
1563 3573 1610 3617 of
1620 3571 1815 3625 Dowssltfi.»
1828 3567 1918 3609 Μ’*
1932 3572 1991 3608 ⁸⁶·

209 3632 334 3676 canet,
1125 3626 1348 3670 ottexburn.
1456 3639 1463 3643 ⁴
2003 3671 2011 3686 ι
