<?xml version="1.0" encoding="UTF-8"?>
<!DOCTYPE html PUBLIC "-//W3C//DTD XHTML 1.0 Transitional//EN"
    "http://www.w3.org/TR/xhtml1/DTD/xhtml1-transitional.dtd">
<html xmlns="http://www.w3.org/1999/xhtml" xml:lang="en" lang="en">
 <head>
  <title>
</title>
<meta http-equiv="Content-Type" content="text/html;charset=utf-8" />
  <meta name='ocr-system' content='tesseract 3.04.00' />
  <meta name='ocr-capabilities' content='ocr_page ocr_carea ocr_par ocr_line ocrx_word'/>
</head>
<body>
  <div class='ocr_page' id='page_1' title='image "./rerumscoticarumh00buch_0218.png"; bbox 0 0 2055 3828; ppageno 0'>
   <div class='ocr_carea' id='block_1_1' title="bbox 206 116 1650 195">
    <p class='ocr_par' dir='ltr' id='par_1_1' title="bbox 206 116 1650 195">
     <span class='ocr_line' id='line_1_1' title="bbox 206 116 1650 195; baseline -0.001 -5"><span class='ocrx_word' id='word_1_1' title='bbox 206 145 411 190; x_wconf 81' lang='lat'>202·</span> <span class='ocrx_word' id='word_1_2' title='bbox 515 122 885 195; x_wconf 61' lang='lat' dir='ltr'>Renum„</span> <span class='ocrx_word' id='word_1_3' title='bbox 966 116 1650 189; x_wconf 71' lang='lat' dir='ltr'>Sco&#39;rICARUM</span> 
     </span>
    </p>
   </div>
   <div class='ocr_carea' id='block_1_2' title="bbox 181 215 1967 2278">
    <p class='ocr_par' dir='ltr' id='par_1_2' title="bbox 200 215 1967 1246">
     <span class='ocr_line' id='line_1_2' title="bbox 213 215 1961 281; baseline -0.001 -8"><span class='ocrx_word' id='word_1_4' title='bbox 213 241 297 272; x_wconf 88' lang='lat' dir='ltr'>nos</span> <span class='ocrx_word' id='word_1_5' title='bbox 315 221 507 273; x_wconf 80' lang='lat' dir='ltr'>deceiiit.</span> <span class='ocrx_word' id='word_1_6' title='bbox 574 224 644 270; x_wconf 84' lang='lat' dir='ltr'>Ita</span> <span class='ocrx_word' id='word_1_7' title='bbox 659 220 793 267; x_wconf 78' lang='lat' dir='ltr'>rebus</span> <span class='ocrx_word' id='word_1_8' title='bbox 814 235 871 274; x_wconf 78' lang='lat' dir='ltr'>ex</span> <span class='ocrx_word' id='word_1_9' title='bbox 893 217 1112 264; x_wconf 88' lang='lat' dir='ltr'>sententia</span> <span class='ocrx_word' id='word_1_10' title='bbox 1130 218 1263 281; x_wconf 87' lang='lat' dir='ltr'>gestis</span> <span class='ocrx_word' id='word_1_11' title='bbox 1281 219 1452 267; x_wconf 88' lang='lat' dir='ltr'>Ioanne</span> <span class='ocrx_word' id='word_1_12' title='bbox 1472 215 1658 268; x_wconf 84' lang='lat' dir='ltr'>Vareno</span> <span class='ocrx_word' id='word_1_13' title='bbox 1679 221 1843 270; x_wconf 75' lang='lat' dir='ltr'>Surriae‘</span> <span class='ocrx_word' id='word_1_14' title='bbox 1866 222 1961 271; x_wconf 89' lang='lat' dir='ltr'>Co-</span> 
     </span>
     <span class='ocr_line' id='line_1_3' title="bbox 214 281 1964 351; baseline -0.002 -15"><span class='ocrx_word' id='word_1_15' title='bbox 214 289 326 336; x_wconf 86' lang='lat' dir='ltr'>mite</span> <span class='ocrx_word' id='word_1_16' title='bbox 355 305 441 351; x_wconf 90' lang='lat' dir='ltr'>pro</span> <span class='ocrx_word' id='word_1_17' title='bbox 463 290 605 350; x_wconf 77' lang='lat' dir='ltr'>Rege,</span> <span class='ocrx_word' id='word_1_18' title='bbox 630 287 680 335; x_wconf 86' lang='lat'>&amp;</span> <span class='ocrx_word' id='word_1_19' title='bbox 710 284 914 346; x_wconf 86' lang='lat' dir='ltr'>Hugone</span> <span class='ocrx_word' id='word_1_20' title='bbox 935 281 1264 345; x_wconf 80' lang='lat' dir='ltr'>Creffingamio</span> <span class='ocrx_word' id='word_1_21' title='bbox 1283 299 1368 346; x_wconf 89' lang='lat' dir='ltr'>pro</span> <span class='ocrx_word' id='word_1_22' title='bbox 1387 284 1606 346; x_wconf 84' lang='lat' dir='ltr'>quaestore</span> <span class='ocrx_word' id='word_1_23' title='bbox 1625 284 1723 346; x_wconf 87' lang='lat' dir='ltr'>post</span> <span class='ocrx_word' id='word_1_24' title='bbox 1744 285 1785 333; x_wconf 91' lang='lat' dir='ltr'>se</span> <span class='ocrx_word' id='word_1_25' title='bbox 1807 287 1964 335; x_wconf 74' lang='lat' dir='ltr'>reliEto</span> 
     </span>
     <span class='ocr_line' id='line_1_4' title="bbox 209 345 1964 413; baseline -0.002 -11"><span class='ocrx_word' id='word_1_26' title='bbox 209 352 471 401; x_wconf 89' lang='lat' dir='ltr'>Londinum</span> <span class='ocrx_word' id='word_1_27' title='bbox 493 350 642 397; x_wconf 87' lang='lat' dir='ltr'>rediit.</span> <span class='ocrx_word' id='word_1_28' title='bbox 720 347 794 394; x_wconf 90' lang='lat' dir='ltr'>Ibi</span> <span class='ocrx_word' id='word_1_29' title='bbox 813 349 1028 393; x_wconf 85' lang='lat' dir='ltr'>Ioannem</span> <span class='ocrx_word' id='word_1_30' title='bbox 1042 345 1286 393; x_wconf 87' lang='lat' dir='ltr'>Balliolum</span> <span class='ocrx_word' id='word_1_31' title='bbox 1308 346 1358 394; x_wconf 90' lang='lat' dir='ltr'>in</span> <span class='ocrx_word' id='word_1_32' title='bbox 1373 346 1625 395; x_wconf 83' lang='lat' dir='ltr'>custodiam</span> <span class='ocrx_word' id='word_1_33' title='bbox 1647 348 1850 403; x_wconf 75' lang='lat' dir='ltr'>tradidit,</span> <span class='ocrx_word' id='word_1_34' title='bbox 1867 352 1964 413; x_wconf 76' lang='lat' dir='ltr'>&#39;post</span> 
     </span>
     <span class='ocr_line' id='line_1_5' title="bbox 209 410 1967 482; baseline -0.003 -17"><span class='ocrx_word' id='word_1_35' title='bbox 209 430 438 482; x_wconf 89' lang='lat' dir='ltr'>quartum,</span> <span class='ocrx_word' id='word_1_36' title='bbox 462 429 600 475; x_wconf 86' lang='lat' dir='ltr'>quam</span> <span class='ocrx_word' id='word_1_37' title='bbox 621 428 815 476; x_wconf 86' lang='lat' dir='ltr'>regnum</span> <span class='ocrx_word' id='word_1_38' title='bbox 835 411 998 458; x_wconf 86' lang='lat' dir='ltr'>inierat</span> <span class='ocrx_word' id='word_1_39' title='bbox 1018 425 1204 456; x_wconf 89' lang='lat' dir='ltr'>annum.</span> <span class='ocrx_word' id='word_1_40' title='bbox 1273 410 1362 457; x_wconf 86' lang='lat' dir='ltr'>Sed</span> <span class='ocrx_word' id='word_1_41' title='bbox 1382 411 1420 458; x_wconf 88' lang='lat' dir='ltr'>is</span> <span class='ocrx_word' id='word_1_42' title='bbox 1441 413 1579 474; x_wconf 86' lang='lat' dir='ltr'>paulo</span> <span class='ocrx_word' id='word_1_43' title='bbox 1602 413 1699 475; x_wconf 86' lang='lat' dir='ltr'>post</span> <span class='ocrx_word' id='word_1_44' title='bbox 1718 413 1967 476; x_wconf 86' lang='lat' dir='ltr'>deprecan-</span> 
     </span>
     <span class='ocr_line' id='line_1_6' title="bbox 206 474 1963 539; baseline -0.002 -11"><span class='ocrx_word' id='word_1_45' title='bbox 206 495 255 528; x_wconf 79' lang='lat' dir='ltr'>te</span> <span class='ocrx_word' id='word_1_46' title='bbox 277 480 494 528; x_wconf 86' lang='lat' dir='ltr'>Pontifice</span> <span class='ocrx_word' id='word_1_47' title='bbox 516 479 745 529; x_wconf 75' lang='lat' dir='ltr'>Romano,</span> <span class='ocrx_word' id='word_1_48' title='bbox 769 491 821 522; x_wconf 91' lang='lat' dir='ltr'>ac</span> <span class='ocrx_word' id='word_1_49' title='bbox 846 474 1094 539; x_wconf 85' lang='lat' dir='ltr'>spondente</span> <span class='ocrx_word' id='word_1_50' title='bbox 1125 474 1241 521; x_wconf 87' lang='lat' dir='ltr'>nihil</span> <span class='ocrx_word' id='word_1_51' title='bbox 1262 491 1366 521; x_wconf 91' lang='lat' dir='ltr'>eum</span> <span class='ocrx_word' id='word_1_52' title='bbox 1399 474 1448 522; x_wconf 89' lang='lat' dir='ltr'>in</span> <span class='ocrx_word' id='word_1_53' title='bbox 1471 474 1625 523; x_wconf 83' lang='lat' dir='ltr'>Scotia</span> <span class='ocrx_word' id='word_1_54' title='bbox 1643 489 1893 531; x_wconf 81' lang='lat' dir='ltr'>moturum,</span> <span class='ocrx_word' id='word_1_55' title='bbox 1915 476 1963 524; x_wconf 86' lang='lat' dir='ltr'>in</span> 
     </span>
     <span class='ocr_line' id='line_1_7' title="bbox 209 538 1966 604; baseline -0.002 -13"><span class='ocrx_word' id='word_1_56' title='bbox 209 545 410 592; x_wconf 83' lang='lat' dir='ltr'>Galliam</span> <span class='ocrx_word' id='word_1_57' title='bbox 433 542 492 589; x_wconf 90' lang='lat' dir='ltr'>est</span> <span class='ocrx_word' id='word_1_58' title='bbox 514 540 731 595; x_wconf 78' lang='lat' dir='ltr'>remissuS,</span> <span class='ocrx_word' id='word_1_59' title='bbox 756 539 969 587; x_wconf 83' lang='lat' dir='ltr'>Eduardo</span> <span class='ocrx_word' id='word_1_60' title='bbox 991 538 1084 584; x_wconf 81' lang='lat' dir='ltr'>filio</span> <span class='ocrx_word' id='word_1_61' title='bbox 1105 538 1260 588; x_wconf 85' lang='lat' dir='ltr'>obfide</span> <span class='ocrx_word' id='word_1_62' title='bbox 1280 551 1473 586; x_wconf 86' lang='lat' dir='ltr'>retento.</span> <span class='ocrx_word' id='word_1_63' title='bbox 1541 539 1722 604; x_wconf 87' lang='lat' dir='ltr'>Anglus</span> <span class='ocrx_word' id='word_1_64' title='bbox 1751 539 1966 589; x_wconf 87' lang='lat' dir='ltr'>omnibus</span> 
     </span>
     <span class='ocr_line' id='line_1_8' title="bbox 207 603 1966 666; baseline -0.002 -10"><span class='ocrx_word' id='word_1_65' title='bbox 207 610 339 656; x_wconf 89' lang='lat' dir='ltr'>rebus</span> <span class='ocrx_word' id='word_1_66' title='bbox 360 608 418 653; x_wconf 87' lang='lat' dir='ltr'>ad</span> <span class='ocrx_word' id='word_1_67' title='bbox 443 606 614 652; x_wconf 87' lang='lat' dir='ltr'>bellum</span> <span class='ocrx_word' id='word_1_68' title='bbox 637 604 873 652; x_wconf 89' lang='lat' dir='ltr'>Gallicum</span> <span class='ocrx_word' id='word_1_69' title='bbox 897 603 1042 665; x_wconf 89' lang='lat' dir='ltr'>(quod</span> <span class='ocrx_word' id='word_1_70' title='bbox 1066 616 1250 666; x_wconf 86' lang='lat' dir='ltr'>propter</span> <span class='ocrx_word' id='word_1_71' title='bbox 1271 605 1510 649; x_wconf 87' lang='lat' dir='ltr'>Scotorum</span> <span class='ocrx_word' id='word_1_72' title='bbox 1534 604 1755 651; x_wconf 88' lang='lat' dir='ltr'>tumultus</span> <span class='ocrx_word' id='word_1_73' title='bbox 1781 605 1966 652; x_wconf 91' lang='lat' dir='ltr'>distule-</span> 
     </span>
     <span class='ocr_line' id='line_1_9' title="bbox 205 665 1961 733; baseline -0.002 -14"><span class='ocrx_word' id='word_1_74' title='bbox 205 675 292 731; x_wconf 88' lang='lat' dir='ltr'>rat)</span> <span class='ocrx_word' id='word_1_75' title='bbox 315 670 477 733; x_wconf 82' lang='lat' dir='ltr'>paratis</span> <span class='ocrx_word' id='word_1_76' title='bbox 499 686 604 716; x_wconf 87' lang='lat' dir='ltr'>cum</span> <span class='ocrx_word' id='word_1_77' title='bbox 623 669 798 732; x_wconf 83' lang='lat' dir='ltr'>magnis</span> <span class='ocrx_word' id='word_1_78' title='bbox 822 667 967 729; x_wconf 82' lang='lat' dir='ltr'>copiis</span> <span class='ocrx_word' id='word_1_79' title='bbox 994 667 1184 727; x_wconf 87' lang='lat' dir='ltr'>trajecit.</span> <span class='ocrx_word' id='word_1_80' title='bbox 1254 666 1378 714; x_wconf 91' lang='lat' dir='ltr'>Scoti</span> <span class='ocrx_word' id='word_1_81' title='bbox 1403 683 1482 729; x_wconf 91' lang='lat' dir='ltr'>per</span> <span class='ocrx_word' id='word_1_82' title='bbox 1503 665 1598 726; x_wconf 86' lang='lat' dir='ltr'>ejus</span> <span class='ocrx_word' id='word_1_83' title='bbox 1632 667 1879 716; x_wconf 77' lang='lat' dir='ltr'>absentiam</span> <span class='ocrx_word' id='word_1_84' title='bbox 1911 668 1961 717; x_wconf 88' lang='lat' dir='ltr'>in</span> 
     </span>
     <span class='ocr_line' id='line_1_10' title="bbox 205 731 1959 805; baseline -0.003 -23"><span class='ocrx_word' id='word_1_85' title='bbox 205 732 570 799; x_wconf 72' lang='lat' dir='ltr'>spemlibertatis</span> <span class='ocrx_word' id='word_1_86' title='bbox 591 735 726 781; x_wconf 68' lang='lat' dir='ltr'>erefti</span> <span class='ocrx_word' id='word_1_87' title='bbox 748 733 991 779; x_wconf 82' lang='lat' dir='ltr'>duodecim</span> <span class='ocrx_word' id='word_1_88' title='bbox 1010 731 1206 793; x_wconf 86' lang='lat' dir='ltr'>eligunt,</span> <span class='ocrx_word' id='word_1_89' title='bbox 1228 731 1310 793; x_wconf 89' lang='lat' dir='ltr'>qui</span> <span class='ocrx_word' id='word_1_90' title='bbox 1331 731 1517 777; x_wconf 84' lang='lat' dir='ltr'>summae</span> <span class='ocrx_word' id='word_1_91' title='bbox 1539 747 1688 777; x_wconf 89' lang='lat' dir='ltr'>rerum</span> <span class='ocrx_word' id='word_1_92' title='bbox 1712 733 1959 805; x_wconf 77' lang='lat' dir='ltr'>praeess‘ent.</span> 
     </span>
     <span class='ocr_line' id='line_1_11' title="bbox 205 793 1964 846; baseline -0.003 0"><span class='ocrx_word' id='word_1_93' title='bbox 205 802 273 846; x_wconf 80' lang='lat' dir='ltr'>Ex</span> <span class='ocrx_word' id='word_1_94' title='bbox 308 799 471 845; x_wconf 87' lang='lat' dir='ltr'>horum</span> <span class='ocrx_word' id='word_1_95' title='bbox 507 797 745 845; x_wconf 88' lang='lat' dir='ltr'>communi</span> <span class='ocrx_word' id='word_1_96' title='bbox 775 793 996 842; x_wconf 83' lang='lat' dir='ltr'>sententia</span> <span class='ocrx_word' id='word_1_97' title='bbox 1025 795 1216 842; x_wconf 86' lang='lat' dir='ltr'>loannes</span> <span class='ocrx_word' id='word_1_98' title='bbox 1251 795 1496 843; x_wconf 88' lang='lat' dir='ltr'>Cuminius</span> <span class='ocrx_word' id='word_1_99' title='bbox 1526 794 1771 842; x_wconf 85' lang='lat' dir='ltr'>Buchaniae</span> <span class='ocrx_word' id='word_1_100' title='bbox 1794 797 1964 845; x_wconf 79' lang='lat' dir='ltr'>Comes</span> 
     </span>
     <span class='ocr_line' id='line_1_12' title="bbox 200 857 1965 923; baseline -0.003 -12"><span class='ocrx_word' id='word_1_101' title='bbox 200 880 306 912; x_wconf 85' lang='lat' dir='ltr'>cum</span> <span class='ocrx_word' id='word_1_102' title='bbox 329 879 465 910; x_wconf 85' lang='lat' dir='ltr'>manu</span> <span class='ocrx_word' id='word_1_103' title='bbox 485 861 587 909; x_wconf 74' lang='lat' dir='ltr'>satis</span> <span class='ocrx_word' id='word_1_104' title='bbox 604 862 758 908; x_wconf 84' lang='lat' dir='ltr'>valida</span> <span class='ocrx_word' id='word_1_105' title='bbox 777 862 825 906; x_wconf 88' lang='lat' dir='ltr'>in</span> <span class='ocrx_word' id='word_1_106' title='bbox 852 857 1070 922; x_wconf 86' lang='lat' dir='ltr'>Angliam</span> <span class='ocrx_word' id='word_1_107' title='bbox 1087 858 1259 905; x_wconf 83' lang='lat' dir='ltr'>miffus.</span> <span class='ocrx_word' id='word_1_108' title='bbox 1325 858 1512 921; x_wconf 85' lang='lat' dir='ltr'>Anglis,</span> <span class='ocrx_word' id='word_1_109' title='bbox 1538 859 1619 920; x_wconf 87' lang='lat' dir='ltr'>qui</span> <span class='ocrx_word' id='word_1_110' title='bbox 1641 859 1687 906; x_wconf 92' lang='lat' dir='ltr'>in</span> <span class='ocrx_word' id='word_1_111' title='bbox 1711 860 1863 906; x_wconf 89' lang='lat' dir='ltr'>Scotia</span> <span class='ocrx_word' id='word_1_112' title='bbox 1883 877 1965 923; x_wconf 86' lang='lat' dir='ltr'>per</span> 
     </span>
     <span class='ocr_line' id='line_1_13' title="bbox 201 910 1960 991; baseline -0.002 -18"><span class='ocrx_word' id='word_1_113' title='bbox 201 928 408 991; x_wconf 82' lang='lat' dir='ltr'>praefidia</span> <span class='ocrx_word' id='word_1_114' title='bbox 429 927 558 990; x_wconf 70' lang='lat' dir='ltr'>sparsi</span> <span class='ocrx_word' id='word_1_115' title='bbox 581 939 724 980; x_wconf 60' lang='lat' dir='ltr'>erunt,</span> <span class='ocrx_word' id='word_1_116' title='bbox 750 924 790 971; x_wconf 90' lang='lat' dir='ltr'>se</span> <span class='ocrx_word' id='word_1_117' title='bbox 822 939 913 970; x_wconf 89' lang='lat' dir='ltr'>non</span> <span class='ocrx_word' id='word_1_118' title='bbox 947 922 1061 969; x_wconf 85' lang='lat' dir='ltr'>aufis</span> <span class='ocrx_word' id='word_1_119' title='bbox 1081 937 1372 970; x_wconf 88' lang='lat' dir='ltr'>commovere</span> <span class='ocrx_word' id='word_1_120' title='bbox 1393 923 1533 969; x_wconf 90' lang='lat' dir='ltr'>libere</span> <span class='ocrx_word' id='word_1_121' title='bbox 1557 910 1960 978; x_wconf 63' lang='lat' dir='ltr'>Northumbriam;</span> 
     </span>
     <span class='ocr_line' id='line_1_14' title="bbox 201 985 1962 1054; baseline -0.002 -15"><span class='ocrx_word' id='word_1_122' title='bbox 201 998 242 1039; x_wconf 60' lang='grc' dir='ltr'>ἂν</span> <span class='ocrx_word' id='word_1_123' title='bbox 263 992 531 1039; x_wconf 89' lang='lat' dir='ltr'>Cumbriam</span> <span class='ocrx_word' id='word_1_124' title='bbox 554 990 813 1054; x_wconf 82' lang='lat' dir='ltr'>populatur.</span> <span class='ocrx_word' id='word_1_125' title='bbox 878 986 1142 1034; x_wconf 83' lang='lat' dir='ltr'>Carleolum</span> <span class='ocrx_word' id='word_1_126' title='bbox 1166 985 1322 1034; x_wconf 84' lang='lat' dir='ltr'>frustra</span> <span class='ocrx_word' id='word_1_127' title='bbox 1341 985 1530 1032; x_wconf 86' lang='lat' dir='ltr'>obsedit.</span> <span class='ocrx_word' id='word_1_128' title='bbox 1585 987 1703 1033; x_wconf 84' lang='lat' dir='ltr'>Haec</span> <span class='ocrx_word' id='word_1_129' title='bbox 1724 987 1962 1048; x_wconf 85' lang='lat' dir='ltr'>expeditio</span> 
     </span>
     <span class='ocr_line' id='line_1_15' title="bbox 200 1049 1960 1113; baseline -0.004 -9"><span class='ocrx_word' id='word_1_130' title='bbox 200 1057 278 1103; x_wconf 70' lang='lat' dir='ltr'>etsi</span> <span class='ocrx_word' id='word_1_131' title='bbox 309 1058 546 1103; x_wconf 85' lang='lat' dir='ltr'>Scotorum</span> <span class='ocrx_word' id='word_1_132' title='bbox 570 1055 745 1101; x_wconf 84' lang='lat' dir='ltr'>animos</span> <span class='ocrx_word' id='word_1_133' title='bbox 768 1051 978 1100; x_wconf 85' lang='lat' dir='ltr'>nonnihil</span> <span class='ocrx_word' id='word_1_134' title='bbox 1009 1050 1169 1103; x_wconf 82' lang='lat' dir='ltr'>erexit,</span> <span class='ocrx_word' id='word_1_135' title='bbox 1195 1055 1234 1097; x_wconf 80' lang='lat'>&amp;</span> <span class='ocrx_word' id='word_1_136' title='bbox 1255 1050 1513 1113; x_wconf 86' lang='lat' dir='ltr'>Anglorum</span> <span class='ocrx_word' id='word_1_137' title='bbox 1535 1049 1721 1111; x_wconf 85' lang='lat' dir='ltr'>injurias</span> <span class='ocrx_word' id='word_1_138' title='bbox 1743 1049 1960 1105; x_wconf 78' lang='lat' dir='ltr'>inhibuit,</span> 
     </span>
     <span class='ocr_line' id='line_1_16' title="bbox 200 1114 1963 1185; baseline -0.003 -18"><span class='ocrx_word' id='word_1_139' title='bbox 200 1134 350 1169; x_wconf 89' lang='lat' dir='ltr'>tamen</span> <span class='ocrx_word' id='word_1_140' title='bbox 374 1137 533 1185; x_wconf 87' lang='lat' dir='ltr'>parum</span> <span class='ocrx_word' id='word_1_141' title='bbox 551 1121 608 1166; x_wconf 88' lang='lat' dir='ltr'>ad</span> <span class='ocrx_word' id='word_1_142' title='bbox 626 1119 843 1166; x_wconf 86' lang='lat' dir='ltr'>summam</span> <span class='ocrx_word' id='word_1_143' title='bbox 864 1114 972 1162; x_wconf 87' lang='lat' dir='ltr'>belli</span> <span class='ocrx_word' id='word_1_144' title='bbox 995 1131 1049 1161; x_wconf 88' lang='lat' dir='ltr'>ea</span> <span class='ocrx_word' id='word_1_145' title='bbox 1070 1114 1324 1178; x_wconf 62' lang='lat' dir='ltr'>profestum</span> <span class='ocrx_word' id='word_1_146' title='bbox 1346 1115 1422 1169; x_wconf 89' lang='lat' dir='ltr'>est,</span> <span class='ocrx_word' id='word_1_147' title='bbox 1446 1114 1661 1161; x_wconf 87' lang='lat' dir='ltr'>omnibus</span> <span class='ocrx_word' id='word_1_148' title='bbox 1680 1114 1790 1161; x_wconf 85' lang='lat' dir='ltr'>locis</span> <span class='ocrx_word' id='word_1_149' title='bbox 1810 1115 1963 1162; x_wconf 88' lang='lat' dir='ltr'>muni-</span> 
     </span>
     <span class='ocr_line' id='line_1_17' title="bbox 200 1179 1483 1246; baseline -0.006 -14"><span class='ocrx_word' id='word_1_150' title='bbox 200 1185 397 1232; x_wconf 86' lang='lat' dir='ltr'>tioribus</span> <span class='ocrx_word' id='word_1_151' title='bbox 417 1185 475 1232; x_wconf 87' lang='lat' dir='ltr'>ab</span> <span class='ocrx_word' id='word_1_152' title='bbox 498 1184 691 1230; x_wconf 82' lang='lat' dir='ltr'>hostium</span> <span class='ocrx_word' id='word_1_153' title='bbox 713 1181 930 1246; x_wconf 78' lang='lat' dir='ltr'>praestdiis</span> <span class='ocrx_word' id='word_1_154' title='bbox 953 1179 1130 1226; x_wconf 78' lang='lat' dir='ltr'>insessis.</span> <span class='ocrx_word' id='word_1_155' title='bbox 1480 1226 1483 1229; x_wconf 13' lang='grc' dir='ltr'><em>Α</em></span> 
     </span>
    </p>

    <p class='ocr_par' dir='ltr' id='par_1_3' title="bbox 181 1242 1960 2278">
     <span class='ocr_line' id='line_1_18' title="bbox 230 1242 1960 1298; baseline -0.003 -2"><span class='ocrx_word' id='word_1_156' title='bbox 230 1257 236 1265; x_wconf 68' lang='grc'><em>“</em></span> <span class='ocrx_word' id='word_1_157' title='bbox 263 1249 445 1296; x_wconf 87' lang='lat' dir='ltr'><strong>XVIII.</strong></span> <span class='ocrx_word' id='word_1_158' title='bbox 464 1250 652 1296; x_wconf 81' lang='lat' dir='ltr'>Verum</span> <span class='ocrx_word' id='word_1_159' title='bbox 686 1263 790 1293; x_wconf 92' lang='lat' dir='ltr'>cum</span> <span class='ocrx_word' id='word_1_160' title='bbox 818 1244 1049 1292; x_wconf 87' lang='lat' dir='ltr'>nobilitati</span> <span class='ocrx_word' id='word_1_161' title='bbox 1071 1261 1153 1290; x_wconf 90' lang='lat' dir='ltr'>nec</span> <span class='ocrx_word' id='word_1_162' title='bbox 1175 1243 1358 1298; x_wconf 89' lang='lat' dir='ltr'>virium,</span> <span class='ocrx_word' id='word_1_163' title='bbox 1386 1258 1468 1290; x_wconf 86' lang='lat' dir='ltr'>nec</span> <span class='ocrx_word' id='word_1_164' title='bbox 1489 1242 1634 1290; x_wconf 87' lang='lat' dir='ltr'>animi</span> <span class='ocrx_word' id='word_1_165' title='bbox 1654 1242 1753 1290; x_wconf 86' lang='lat' dir='ltr'>satis</span> <span class='ocrx_word' id='word_1_166' title='bbox 1781 1242 1960 1290; x_wconf 85' lang='lat' dir='ltr'>videre·</span> 
     </span>
     <span class='ocr_line' id='line_1_19' title="bbox 197 1307 1955 1376; baseline -0.004 -14"><span class='ocrx_word' id='word_1_167' title='bbox 197 1326 272 1362; x_wconf 71' lang='lat' dir='ltr'>tir</span> <span class='ocrx_word' id='word_1_168' title='bbox 299 1313 361 1361; x_wconf 85' lang='lat' dir='ltr'>ad</span> <span class='ocrx_word' id='word_1_169' title='bbox 395 1313 566 1373; x_wconf 85' lang='lat' dir='ltr'>majora</span> <span class='ocrx_word' id='word_1_170' title='bbox 586 1311 864 1376; x_wconf 74' lang='lat' dir='ltr'>capessenda,</span> <span class='ocrx_word' id='word_1_171' title='bbox 888 1321 1074 1371; x_wconf 88' lang='lat' dir='ltr'>repente</span> <span class='ocrx_word' id='word_1_172' title='bbox 1095 1320 1277 1355; x_wconf 84' lang='lat' dir='ltr'>exortus</span> <span class='ocrx_word' id='word_1_173' title='bbox 1298 1308 1359 1355; x_wconf 86' lang='lat' dir='ltr'>est</span> <span class='ocrx_word' id='word_1_174' title='bbox 1391 1307 1654 1355; x_wconf 88' lang='lat' dir='ltr'>Gulielmus</span> <span class='ocrx_word' id='word_1_175' title='bbox 1685 1308 1729 1353; x_wconf 83' lang='lat' dir='ltr'>V</span> <span class='ocrx_word' id='word_1_176' title='bbox 1733 1307 1841 1354; x_wconf 86' lang='lat' dir='ltr'>allas</span> <span class='ocrx_word' id='word_1_177' title='bbox 1863 1309 1955 1369; x_wconf 84' lang='grc' dir='ltr'>(ι),</span> 
     </span>
     <span class='ocr_line' id='line_1_20' title="bbox 196 1370 1958 1432; baseline -0.005 -6"><span class='ocrx_word' id='word_1_178' title='bbox 196 1379 335 1426; x_wconf 88' lang='lat' dir='ltr'>homo</span> <span class='ocrx_word' id='word_1_179' title='bbox 359 1376 520 1432; x_wconf 85' lang='lat' dir='ltr'>nobili,</span> <span class='ocrx_word' id='word_1_180' title='bbox 545 1383 585 1423; x_wconf 70' lang='lat'>&amp;-</span> <span class='ocrx_word' id='word_1_181' title='bbox 608 1375 701 1424; x_wconf 78' lang='lat' dir='ltr'>anti</span> <span class='ocrx_word' id='word_1_182' title='bbox 738 1391 796 1422; x_wconf 85' lang='lat' dir='ltr'>ua</span> <span class='ocrx_word' id='word_1_183' title='bbox 815 1372 1005 1426; x_wconf 85' lang='lat' dir='ltr'>familia,</span> <span class='ocrx_word' id='word_1_184' title='bbox 1025 1371 1100 1420; x_wconf 90' lang='lat' dir='ltr'>sed</span> <span class='ocrx_word' id='word_1_185' title='bbox 1120 1372 1168 1418; x_wconf 90' lang='lat' dir='ltr'>in</span> <span class='ocrx_word' id='word_1_186' title='bbox 1191 1389 1238 1418; x_wconf 89' lang='lat' dir='ltr'>re</span> <span class='ocrx_word' id='word_1_187' title='bbox 1258 1370 1383 1421; x_wconf 87' lang='lat' dir='ltr'>tenui</span> <span class='ocrx_word' id='word_1_188' title='bbox 1413 1384 1562 1426; x_wconf 89' lang='lat' dir='ltr'>natus,</span> <span class='ocrx_word' id='word_1_189' title='bbox 1582 1377 1622 1418; x_wconf 69' lang='grc' dir='ltr'>δι</span> <span class='ocrx_word' id='word_1_190' title='bbox 1645 1372 1880 1427; x_wconf 82' lang='lat' dir='ltr'>educatus,</span> <span class='ocrx_word' id='word_1_191' title='bbox 1904 1388 1958 1418; x_wconf 91' lang='lat' dir='ltr'>ac</span> 
     </span>
     <span class='ocr_line' id='line_1_21' title="bbox 196 1393 1956 1516; baseline -0.006 -25"><span class='ocrx_word' id='word_1_192' title='bbox 196 1443 335 1492; x_wconf 89' lang='lat' dir='ltr'>nullis</span> <span class='ocrx_word' id='word_1_193' title='bbox 349 1459 498 1516; x_wconf 69' lang='lat' dir='ltr'>prope</span> <span class='ocrx_word' id='word_1_194' title='bbox 529 1393 857 1503; x_wconf 58' lang='lat' dir='ltr'>opibus&lt;iretus</span> <span class='ocrx_word' id='word_1_195' title='bbox 882 1457 893 1485; x_wconf 73' lang='grc' dir='ltr'><strong>ε</strong></span> <span class='ocrx_word' id='word_1_196' title='bbox 929 1436 1009 1501; x_wconf 91' lang='lat' dir='ltr'>qui</span> <span class='ocrx_word' id='word_1_197' title='bbox 1032 1449 1182 1484; x_wconf 88' lang='lat' dir='ltr'>tamen</span> <span class='ocrx_word' id='word_1_198' title='bbox 1206 1453 1296 1482; x_wconf 91' lang='lat' dir='ltr'>non</span> <span class='ocrx_word' id='word_1_199' title='bbox 1325 1435 1463 1481; x_wconf 91' lang='lat' dir='ltr'>modo</span> <span class='ocrx_word' id='word_1_200' title='bbox 1498 1434 1628 1498; x_wconf 89' lang='lat' dir='ltr'>supra</span> <span class='ocrx_word' id='word_1_201' title='bbox 1648 1435 1855 1482; x_wconf 89' lang='lat' dir='ltr'>omnium</span> <span class='ocrx_word' id='word_1_202' title='bbox 1877 1451 1956 1485; x_wconf 87' lang='lat' dir='ltr'>ex·</span> 
     </span>
     <span class='ocr_line' id='line_1_22' title="bbox 195 1498 1958 1571; baseline -0.005 -17"><span class='ocrx_word' id='word_1_203' title='bbox 195 1510 517 1571; x_wconf 69' lang='grc' dir='ltr'>Ρεὲὶειιιοηειη,</span> <span class='ocrx_word' id='word_1_204' title='bbox 539 1505 614 1552; x_wconf 86' lang='lat' dir='ltr'>sed</span> <span class='ocrx_word' id='word_1_205' title='bbox 636 1503 773 1551; x_wconf 86' lang='lat' dir='ltr'>ctiam</span> <span class='ocrx_word' id='word_1_206' title='bbox 798 1503 925 1564; x_wconf 85' lang='lat' dir='ltr'>supra</span> <span class='ocrx_word' id='word_1_207' title='bbox 959 1501 1094 1547; x_wconf 84' lang='lat' dir='ltr'>tidem</span> <span class='ocrx_word' id='word_1_208' title='bbox 1117 1517 1185 1546; x_wconf 84' lang='lat' dir='ltr'>res</span> <span class='ocrx_word' id='word_1_209' title='bbox 1208 1516 1263 1546; x_wconf 90' lang='lat' dir='ltr'>eo</span> <span class='ocrx_word' id='word_1_210' title='bbox 1286 1500 1409 1546; x_wconf 88' lang='lat' dir='ltr'>bello</span> <span class='ocrx_word' id='word_1_211' title='bbox 1429 1498 1570 1562; x_wconf 84' lang='lat' dir='ltr'>geffit.</span> <span class='ocrx_word' id='word_1_212' title='bbox 1591 1522 1596 1526; x_wconf 94' lang='lat'>·</span> <span class='ocrx_word' id='word_1_213' title='bbox 1638 1500 1683 1546; x_wconf 84' lang='lat' dir='ltr'>Is</span> <span class='ocrx_word' id='word_1_214' title='bbox 1704 1499 1825 1546; x_wconf 88' lang='lat' dir='ltr'>enim</span> <span class='ocrx_word' id='word_1_215' title='bbox 1850 1515 1958 1546; x_wconf 90' lang='lat' dir='ltr'>cum</span> 
     </span>
     <span class='ocr_line' id='line_1_23' title="bbox 193 1562 1958 1635; baseline -0.006 -15"><span class='ocrx_word' id='word_1_216' title='bbox 193 1588 365 1635; x_wconf 85' lang='lat' dir='ltr'>magna</span> <span class='ocrx_word' id='word_1_217' title='bbox 384 1570 428 1617; x_wconf 87' lang='lat' dir='ltr'>vi</span> <span class='ocrx_word' id='word_1_218' title='bbox 448 1567 669 1634; x_wconf 87' lang='lat' dir='ltr'>corporis,</span> <span class='ocrx_word' id='word_1_219' title='bbox 693 1581 829 1630; x_wconf 83' lang='lat' dir='ltr'>atquc</span> <span class='ocrx_word' id='word_1_220' title='bbox 852 1564 993 1612; x_wconf 81' lang='lat' dir='ltr'>animi</span> <span class='ocrx_word' id='word_1_221' title='bbox 1010 1566 1130 1616; x_wconf 80' lang='lat' dir='ltr'>effet,</span> <span class='ocrx_word' id='word_1_222' title='bbox 1153 1563 1304 1610; x_wconf 83' lang='lat' dir='ltr'>adhuc</span> <span class='ocrx_word' id='word_1_223' title='bbox 1324 1562 1580 1613; x_wconf 84' lang='lat' dir='ltr'>adolescens</span> <span class='ocrx_word' id='word_1_224' title='bbox 1602 1563 1805 1610; x_wconf 90' lang='lat' dir='ltr'>nobilem</span> <span class='ocrx_word' id='word_1_225' title='bbox 1822 1563 1958 1622; x_wconf 88' lang='lat' dir='ltr'>juve-</span> 
     </span>
     <span class='ocr_line' id='line_1_24' title="bbox 195 1625 1958 1699; baseline -0.008 -14"><span class='ocrx_word' id='word_1_226' title='bbox 195 1653 299 1685; x_wconf 87' lang='lat' dir='ltr'>nem</span> <span class='ocrx_word' id='word_1_227' title='bbox 321 1635 526 1699; x_wconf 82' lang='lat' dir='ltr'>Anglum</span> <span class='ocrx_word' id='word_1_228' title='bbox 548 1632 738 1695; x_wconf 70' lang='lat' dir='ltr'>superbe</span> <span class='ocrx_word' id='word_1_229' title='bbox 760 1630 842 1676; x_wconf 82' lang='lat' dir='ltr'>fibi</span> <span class='ocrx_word' id='word_1_230' title='bbox 863 1628 1149 1676; x_wconf 78' lang='lat' dir='ltr'>insultantem</span> <span class='ocrx_word' id='word_1_231' title='bbox 1173 1625 1359 1672; x_wconf 71' lang='lat' dir='ltr'>occidit.</span> <span class='ocrx_word' id='word_1_232' title='bbox 1427 1625 1577 1672; x_wconf 85' lang='lat' dir='ltr'>Obid</span> <span class='ocrx_word' id='word_1_233' title='bbox 1600 1625 1773 1672; x_wconf 88' lang='lat' dir='ltr'>facinus</span> <span class='ocrx_word' id='word_1_234' title='bbox 1801 1625 1958 1687; x_wconf 86' lang='lat' dir='ltr'>prosu-</span> 
     </span>
     <span class='ocr_line' id='line_1_25' title="bbox 193 1687 1959 1766; baseline -0.007 -18"><span class='ocrx_word' id='word_1_235' title='bbox 193 1719 280 1766; x_wconf 84' lang='lat' dir='ltr'>gus</span> <span class='ocrx_word' id='word_1_236' title='bbox 300 1701 457 1755; x_wconf 80' lang='lat' dir='ltr'>domn,</span> <span class='ocrx_word' id='word_1_237' title='bbox 487 1704 526 1746; x_wconf 65' lang='lat' dir='ltr'>a:</span> <span class='ocrx_word' id='word_1_238' title='bbox 561 1698 759 1747; x_wconf 81' lang='lat' dir='ltr'>latitans,</span> <span class='ocrx_word' id='word_1_239' title='bbox 791 1694 913 1757; x_wconf 74' lang='lat' dir='ltr'>fuga:</span> <span class='ocrx_word' id='word_1_240' title='bbox 946 1695 1100 1738; x_wconf 65' lang='lat' dir='ltr'>loz-nm</span> <span class='ocrx_word' id='word_1_241' title='bbox 1133 1691 1322 1737; x_wconf 87' lang='lat' dir='ltr'>subinde</span> <span class='ocrx_word' id='word_1_242' title='bbox 1357 1689 1576 1736; x_wconf 89' lang='lat' dir='ltr'>mutando</span> <span class='ocrx_word' id='word_1_243' title='bbox 1611 1704 1752 1736; x_wconf 89' lang='lat' dir='ltr'>annos</span> <span class='ocrx_word' id='word_1_244' title='bbox 1781 1687 1959 1752; x_wconf 82' lang='lat' dir='ltr'>aliquot</span> 
     </span>
     <span class='ocr_line' id='line_1_26' title="bbox 181 1753 1955 1829; baseline -0.008 -16"><span class='ocrx_word' id='word_1_245' title='bbox 181 1764 424 1829; x_wconf 71' lang='lat' dir='ltr'>transegit.</span> <span class='ocrx_word' id='word_1_246' title='bbox 500 1764 603 1810; x_wconf 86' lang='lat' dir='ltr'>Hac</span> <span class='ocrx_word' id='word_1_247' title='bbox 630 1761 743 1813; x_wconf 17' lang='lat' dir='ltr'>,vitae</span> <span class='ocrx_word' id='word_1_248' title='bbox 772 1757 1097 1806; x_wconf 74' lang='lat' dir='ltr'>consuetudine</span> <span class='ocrx_word' id='word_1_249' title='bbox 1130 1771 1297 1818; x_wconf 84' lang='lat' dir='ltr'>corpus</span> <span class='ocrx_word' id='word_1_250' title='bbox 1326 1753 1534 1800; x_wconf 78' lang='lat' dir='ltr'>adversus</span> <span class='ocrx_word' id='word_1_251' title='bbox 1567 1769 1725 1800; x_wconf 79' lang='lat' dir='ltr'>omnes</span> <span class='ocrx_word' id='word_1_252' title='bbox 1762 1753 1955 1799; x_wconf 79' lang='lat' dir='ltr'>fortuna:</span> 
     </span>
     <span class='ocr_line' id='line_1_27' title="bbox 193 1816 1958 1893; baseline -0.008 -17"><span class='ocrx_word' id='word_1_253' title='bbox 193 1830 380 1893; x_wconf 80' lang='lat' dir='ltr'>injurias</span> <span class='ocrx_word' id='word_1_254' title='bbox 402 1825 599 1880; x_wconf 77' lang='lat' dir='ltr'>duravit,</span> <span class='ocrx_word' id='word_1_255' title='bbox 621 1830 662 1872; x_wconf 64' lang='lat' dir='ltr'>Se</span> <span class='ocrx_word' id='word_1_256' title='bbox 693 1822 896 1870; x_wconf 86' lang='lat' dir='ltr'>animum</span> <span class='ocrx_word' id='word_1_257' title='bbox 937 1820 1049 1882; x_wconf 76' lang='lat' dir='ltr'>saepe</span> <span class='ocrx_word' id='word_1_258' title='bbox 1084 1817 1326 1866; x_wconf 80' lang='lat' dir='ltr'>subeundis</span> <span class='ocrx_word' id='word_1_259' title='bbox 1349 1816 1561 1881; x_wconf 87' lang='lat' dir='ltr'>periculis</span> <span class='ocrx_word' id='word_1_260' title='bbox 1594 1817 1650 1864; x_wconf 91' lang='lat' dir='ltr'>ad</span> <span class='ocrx_word' id='word_1_261' title='bbox 1683 1817 1856 1878; x_wconf 86' lang='lat' dir='ltr'>majora</span> <span class='ocrx_word' id='word_1_262' title='bbox 1876 1832 1958 1862; x_wconf 87' lang='lat' dir='ltr'>au-</span> 
     </span>
     <span class='ocr_line' id='line_1_28' title="bbox 193 1880 1956 1944; baseline -0.009 -2"><span class='ocrx_word' id='word_1_263' title='bbox 193 1895 346 1942; x_wconf 85' lang='lat' dir='ltr'>denda</span> <span class='ocrx_word' id='word_1_264' title='bbox 365 1889 666 1939; x_wconf 77' lang='lat' dir='ltr'>confirmavit.</span> <span class='ocrx_word' id='word_1_265' title='bbox 734 1887 947 1934; x_wconf 78' lang='lat' dir='ltr'>Tandem</span> <span class='ocrx_word' id='word_1_266' title='bbox 980 1900 1084 1931; x_wconf 88' lang='lat' dir='ltr'>cum</span> <span class='ocrx_word' id='word_1_267' title='bbox 1107 1885 1144 1944; x_wconf 87' lang='lat' dir='ltr'>ej</span> <span class='ocrx_word' id='word_1_268' title='bbox 1156 1901 1202 1929; x_wconf 75' lang='lat' dir='ltr'>us</span> <span class='ocrx_word' id='word_1_269' title='bbox 1226 1882 1330 1929; x_wconf 67' lang='lat' dir='ltr'>vitae</span> <span class='ocrx_word' id='word_1_270' title='bbox 1360 1881 1563 1928; x_wconf 58' lang='lat' dir='ltr'>erratica}</span> <span class='ocrx_word' id='word_1_271' title='bbox 1587 1881 1790 1933; x_wconf 70' lang='lat' dir='ltr'>taederet,</span> <span class='ocrx_word' id='word_1_272' title='bbox 1809 1885 1848 1927; x_wconf 84' lang='lat'>&amp;</span> <span class='ocrx_word' id='word_1_273' title='bbox 1871 1880 1956 1927; x_wconf 83' lang='lat' dir='ltr'>ali-</span> 
     </span>
     <span class='ocr_line' id='line_1_29' title="bbox 191 1943 1955 2023; baseline -0.009 -16"><span class='ocrx_word' id='word_1_274' title='bbox 191 1959 306 2023; x_wconf 90' lang='lat' dir='ltr'>quid</span> <span class='ocrx_word' id='word_1_275' title='bbox 335 1958 407 2005; x_wconf 81' lang='lat' dir='ltr'>vel</span> <span class='ocrx_word' id='word_1_276' title='bbox 431 1971 536 2003; x_wconf 86' lang='lat' dir='ltr'>cum</span> <span class='ocrx_word' id='word_1_277' title='bbox 559 1951 767 2017; x_wconf 84' lang='lat' dir='ltr'>periculo</span> <span class='ocrx_word' id='word_1_278' title='bbox 790 1950 1055 1997; x_wconf 83' lang='lat' dir='ltr'>tentandum</span> <span class='ocrx_word' id='word_1_279' title='bbox 1077 1947 1294 1996; x_wconf 75' lang='lat' dir='ltr'>censeret,</span> <span class='ocrx_word' id='word_1_280' title='bbox 1319 1962 1455 1992; x_wconf 85' lang='lat' dir='ltr'>manu</span> <span class='ocrx_word' id='word_1_281' title='bbox 1485 1943 1725 1991; x_wconf 87' lang='lat' dir='ltr'>hominum</span> <span class='ocrx_word' id='word_1_282' title='bbox 1748 1944 1955 1998; x_wconf 66' lang='lat' dir='ltr'>collecta,</span> 
     </span>
     <span class='ocr_line' id='line_1_30' title="bbox 191 2003 1957 2088; baseline -0.01 -16"><span class='ocrx_word' id='word_1_283' title='bbox 191 2040 308 2086; x_wconf 88' lang='lat' dir='ltr'>quos</span> <span class='ocrx_word' id='word_1_284' title='bbox 331 2040 412 2088; x_wconf 87' lang='lat' dir='ltr'>par</span> <span class='ocrx_word' id='word_1_285' title='bbox 440 2020 622 2068; x_wconf 79' lang='lat' dir='ltr'>fortuna</span> <span class='ocrx_word' id='word_1_286' title='bbox 641 2016 682 2063; x_wconf 89' lang='lat' dir='ltr'>ei</span> <span class='ocrx_word' id='word_1_287' title='bbox 705 2014 1047 2067; x_wconf 80' lang='lat' dir='ltr'>conciliaverat,</span> <span class='ocrx_word' id='word_1_288' title='bbox 1080 2028 1169 2059; x_wconf 92' lang='lat' dir='ltr'>non</span> <span class='ocrx_word' id='word_1_289' title='bbox 1193 2011 1330 2058; x_wconf 76' lang='lat' dir='ltr'>modi»</span> <span class='ocrx_word' id='word_1_290' title='bbox 1358 2008 1556 2071; x_wconf 77' lang='lat' dir='ltr'>singulos</span> <span class='ocrx_word' id='word_1_291' title='bbox 1579 2008 1857 2070; x_wconf 84' lang='lat' dir='ltr'>excipiebat,</span> <span class='ocrx_word' id='word_1_292' title='bbox 1882 2003 1957 2055; x_wconf 82' lang='lat' dir='ltr'>sed</span> 
     </span>
     <span class='ocr_line' id='line_1_31' title="bbox 194 2072 1957 2149; baseline -0.009 -15"><span class='ocrx_word' id='word_1_293' title='bbox 194 2090 346 2149; x_wconf 83' lang='lat' dir='ltr'>plures</span> <span class='ocrx_word' id='word_1_294' title='bbox 371 2087 483 2149; x_wconf 77' lang='lat' dir='ltr'>saepc</span> <span class='ocrx_word' id='word_1_295' title='bbox 510 2099 612 2130; x_wconf 87' lang='lat' dir='ltr'>cum</span> <span class='ocrx_word' id='word_1_296' title='bbox 644 2078 933 2145; x_wconf 82' lang='lat' dir='ltr'>paucioribus</span> <span class='ocrx_word' id='word_1_297' title='bbox 956 2077 1182 2141; x_wconf 81' lang='lat' dir='ltr'>aggress&#39;us</span> <span class='ocrx_word' id='word_1_298' title='bbox 1211 2074 1345 2120; x_wconf 70' lang='lat' dir='ltr'>variis</span> <span class='ocrx_word' id='word_1_299' title='bbox 1375 2072 1564 2120; x_wconf 82' lang='lat' dir='ltr'>subinde</span> <span class='ocrx_word' id='word_1_300' title='bbox 1587 2072 1630 2118; x_wconf 88' lang='lat' dir='ltr'>in</span> <span class='ocrx_word' id='word_1_301' title='bbox 1660 2072 1771 2119; x_wconf 77' lang='lat' dir='ltr'>locis</span> <span class='ocrx_word' id='word_1_302' title='bbox 1793 2072 1957 2136; x_wconf 84' lang='lat' dir='ltr'>depre-</span> 
     </span>
     <span class='ocr_line' id='line_1_32' title="bbox 192 2136 1956 2204; baseline -0.008 -7"><span class='ocrx_word' id='word_1_303' title='bbox 192 2152 352 2204; x_wconf 80' lang='lat' dir='ltr'>hensos</span> <span class='ocrx_word' id='word_1_304' title='bbox 374 2148 646 2197; x_wconf 84' lang='lat' dir='ltr'>trucidabat.</span> <span class='ocrx_word' id='word_1_305' title='bbox 715 2144 831 2191; x_wconf 78' lang='lat' dir='ltr'>Haec</span> <span class='ocrx_word' id='word_1_306' title='bbox 851 2158 956 2189; x_wconf 93' lang='lat' dir='ltr'>cum</span> <span class='ocrx_word' id='word_1_307' title='bbox 981 2141 1076 2204; x_wconf 87' lang='lat' dir='ltr'>pari</span> <span class='ocrx_word' id='word_1_308' title='bbox 1098 2137 1345 2190; x_wconf 88' lang='lat' dir='ltr'>celeritate,</span> <span class='ocrx_word' id='word_1_309' title='bbox 1371 2141 1408 2184; x_wconf 59' lang='grc' dir='ltr'>ὅ(</span> <span class='ocrx_word' id='word_1_310' title='bbox 1445 2136 1633 2183; x_wconf 76' lang='lat' dir='ltr'>audacia</span> <span class='ocrx_word' id='word_1_311' title='bbox 1652 2147 1847 2201; x_wconf 85' lang='lat' dir='ltr'>gereret,</span> <span class='ocrx_word' id='word_1_312' title='bbox 1866 2139 1956 2184; x_wconf 71' lang='lat' dir='ltr'>vnec</span> 
     </span>
     <span class='ocr_line' id='line_1_33' title="bbox 194 2200 1956 2278; baseline -0.007 -18"><span class='ocrx_word' id='word_1_313' title='bbox 194 2232 395 2278; x_wconf 86' lang='lat' dir='ltr'>unquam</span> <span class='ocrx_word' id='word_1_314' title='bbox 424 2223 737 2274; x_wconf 82' lang='lat' dir='ltr'>opportunum</span> <span class='ocrx_word' id='word_1_315' title='bbox 766 2205 809 2253; x_wconf 86' lang='lat' dir='ltr'>se</span> <span class='ocrx_word' id='word_1_316' title='bbox 836 2206 951 2254; x_wconf 77' lang='lat' dir='ltr'>hosti</span> <span class='ocrx_word' id='word_1_317' title='bbox 973 2205 1212 2268; x_wconf 70' lang='lat' dir='ltr'>praeberet,</span> <span class='ocrx_word' id='word_1_318' title='bbox 1232 2201 1359 2248; x_wconf 87' lang='lat' dir='ltr'>brevi</span> <span class='ocrx_word' id='word_1_319' title='bbox 1381 2201 1502 2247; x_wconf 85' lang='lat' dir='ltr'>fama</span> <span class='ocrx_word' id='word_1_320' title='bbox 1533 2200 1594 2246; x_wconf 86' lang='lat' dir='ltr'>sui</span> <span class='ocrx_word' id='word_1_321' title='bbox 1621 2214 1843 2263; x_wconf 79' lang='lat' dir='ltr'>utranque</span> <span class='ocrx_word' id='word_1_322' title='bbox 1863 2204 1956 2263; x_wconf 82' lang='lat' dir='ltr'>&#39;pa-</span> 
     </span>
    </p>
   </div>
   <div class='ocr_carea' id='block_1_3' title="bbox 192 2264 2031 2342">
    <p class='ocr_par' dir='ltr' id='par_1_4' title="bbox 192 2264 2031 2342">
     <span class='ocr_line' id='line_1_34' title="bbox 192 2264 2031 2342; baseline -0.009 -16"><span class='ocrx_word' id='word_1_323' title='bbox 192 2292 301 2327; x_wconf 81' lang='lat' dir='ltr'>riter</span> <span class='ocrx_word' id='word_1_324' title='bbox 331 2290 513 2342; x_wconf 84' lang='lat' dir='ltr'>gentem</span> <span class='ocrx_word' id='word_1_325' title='bbox 546 2273 773 2337; x_wconf 78' lang='lat' dir='ltr'>implevit.</span> <span class='ocrx_word' id='word_1_326' title='bbox 841 2270 990 2335; x_wconf 89' lang='lat' dir='ltr'>Igitur</span> <span class='ocrx_word' id='word_1_327' title='bbox 1016 2265 1392 2316; x_wconf 86' lang='lat' dir='ltr'>concurrentibus</span> <span class='ocrx_word' id='word_1_328' title='bbox 1424 2264 1478 2312; x_wconf 92' lang='lat' dir='ltr'>ad</span> <span class='ocrx_word' id='word_1_329' title='bbox 1504 2280 1609 2310; x_wconf 88' lang='lat' dir='ltr'>eum</span> <span class='ocrx_word' id='word_1_330' title='bbox 1644 2265 1814 2337; x_wconf 87' lang='lat' dir='ltr'>passim,</span> <span class='ocrx_word' id='word_1_331' title='bbox 1839 2280 1955 2328; x_wconf 78' lang='lat' dir='ltr'>quos</span> <span class='ocrx_word' id='word_1_332' title='bbox 2026 2279 2031 2285; x_wconf 78' lang='grc'><strong>’</strong></span> 
     </span>
    </p>
   </div>
   <div class='ocr_carea' id='block_1_4' title="bbox 189 2327 1956 2392">
    <p class='ocr_par' dir='ltr' id='par_1_5' title="bbox 189 2327 1956 2392">
     <span class='ocr_line' id='line_1_35' title="bbox 189 2327 1956 2392; baseline -0.01 -1"><span class='ocrx_word' id='word_1_333' title='bbox 189 2344 263 2391; x_wconf 84' lang='lat' dir='ltr'>vel</span> <span class='ocrx_word' id='word_1_334' title='bbox 299 2341 440 2390; x_wconf 78' lang='lat' dir='ltr'>causae</span> <span class='ocrx_word' id='word_1_335' title='bbox 472 2339 653 2392; x_wconf 83' lang='lat' dir='ltr'>similes,</span> <span class='ocrx_word' id='word_1_336' title='bbox 682 2338 756 2384; x_wconf 82' lang='lat' dir='ltr'>vel</span> <span class='ocrx_word' id='word_1_337' title='bbox 791 2351 880 2382; x_wconf 88' lang='lat' dir='ltr'>non</span> <span class='ocrx_word' id='word_1_338' title='bbox 917 2333 1154 2380; x_wconf 69' lang='lat' dir='ltr'>diffimilis·</span> <span class='ocrx_word' id='word_1_339' title='bbox 1179 2345 1308 2377; x_wconf 90' lang='lat' dir='ltr'>amor</span> <span class='ocrx_word' id='word_1_340' title='bbox 1339 2328 1496 2391; x_wconf 79' lang='lat' dir='ltr'>patria:</span> <span class='ocrx_word' id='word_1_341' title='bbox 1530 2340 1804 2383; x_wconf 79' lang='lat' dir='ltr'>conciverat,</span> <span class='ocrx_word' id='word_1_342' title='bbox 1831 2327 1956 2375; x_wconf 85' lang='lat' dir='ltr'>intra</span> 
     </span>
    </p>
   </div>
   <div class='ocr_carea' id='block_1_5' title="bbox 190 2388 2013 2471">
    <p class='ocr_par' dir='ltr' id='par_1_6' title="bbox 190 2388 2013 2471">
     <span class='ocr_line' id='line_1_36' title="bbox 190 2388 2013 2471; baseline -0.01 -16"><span class='ocrx_word' id='word_1_343' title='bbox 190 2422 361 2471; x_wconf 81' lang='lat' dir='ltr'>paucos</span> <span class='ocrx_word' id='word_1_344' title='bbox 391 2403 562 2452; x_wconf 86' lang='lat' dir='ltr'>menses</span> <span class='ocrx_word' id='word_1_345' title='bbox 585 2418 679 2449; x_wconf 88' lang='lat' dir='ltr'>non</span> <span class='ocrx_word' id='word_1_346' title='bbox 701 2398 1086 2449; x_wconf 86' lang='lat' dir='ltr'>contemnendum</span> <span class='ocrx_word' id='word_1_347' title='bbox 1117 2394 1366 2443; x_wconf 80' lang='lat' dir='ltr'>exercitum</span> <span class='ocrx_word' id='word_1_348' title='bbox 1395 2391 1609 2439; x_wconf 80' lang='lat' dir='ltr'>confecit.</span> <span class='ocrx_word' id='word_1_349' title='bbox 1650 2388 1754 2439; x_wconf 90' lang='lat' dir='ltr'>&#39;Ab</span> <span class='ocrx_word' id='word_1_350' title='bbox 1772 2392 1856 2438; x_wconf 89' lang='lat' dir='ltr'>hac</span> <span class='ocrx_word' id='word_1_351' title='bbox 1881 2403 1954 2438; x_wconf 87' lang='lat' dir='ltr'>tu·</span> <span class='ocrx_word' id='word_1_352' title='bbox 2005 2439 2013 2448; x_wconf 68' lang='grc'><strong>,</strong></span> 
     </span>
    </p>
   </div>
   <div class='ocr_carea' id='block_1_6' title="bbox 189 2445 1960 2910">
    <p class='ocr_par' dir='ltr' id='par_1_7' title="bbox 189 2445 1960 2910">
     <span class='ocr_line' id='line_1_37' title="bbox 191 2445 1960 2528; baseline -0.011 -11"><span class='ocrx_word' id='word_1_353' title='bbox 191 2469 438 2520; x_wconf 80' lang='lat' dir='ltr'>multuaria</span> <span class='ocrx_word' id='word_1_354' title='bbox 469 2466 602 2517; x_wconf 85' lang='lat' dir='ltr'>turba</span> <span class='ocrx_word' id='word_1_355' title='bbox 623 2463 886 2528; x_wconf 83' lang='lat' dir='ltr'>proceribus</span> <span class='ocrx_word' id='word_1_356' title='bbox 908 2462 978 2508; x_wconf 89' lang='lat' dir='ltr'>vel</span> <span class='ocrx_word' id='word_1_357' title='bbox 1011 2473 1154 2515; x_wconf 86' lang='lat' dir='ltr'>metu,</span> <span class='ocrx_word' id='word_1_358' title='bbox 1177 2459 1250 2506; x_wconf 88' lang='lat' dir='ltr'>vel</span> <span class='ocrx_word' id='word_1_359' title='bbox 1271 2456 1458 2522; x_wconf 79' lang='lat' dir='ltr'>ignavia</span> <span class='ocrx_word' id='word_1_360' title='bbox 1485 2445 1661 2519; x_wconf 75' lang='lat' dir='ltr'>seg&#39;nius</span> <span class='ocrx_word' id='word_1_361' title='bbox 1700 2455 1855 2502; x_wconf 89' lang='lat' dir='ltr'>omnia</span> <span class='ocrx_word' id='word_1_362' title='bbox 1874 2471 1960 2520; x_wconf 82' lang='lat' dir='ltr'>ge.</span> 
     </span>
     <span class='ocr_line' id='line_1_38' title="bbox 189 2518 1958 2590; baseline -0.009 -8"><span class='ocrx_word' id='word_1_363' title='bbox 189 2534 394 2583; x_wconf 74' lang='lat' dir='ltr'>rentibus</span> <span class='ocrx_word' id='word_1_364' title='bbox 416 2532 574 2578; x_wconf 82' lang='lat' dir='ltr'>Vallas</span> <span class='ocrx_word' id='word_1_365' title='bbox 596 2531 764 2577; x_wconf 79' lang='lat' dir='ltr'>Prorex</span> <span class='ocrx_word' id='word_1_366' title='bbox 783 2526 1040 2590; x_wconf 85' lang='lat' dir='ltr'>appellatur</span> <span class='ocrx_word' id='word_1_367' title='bbox 1063 2543 1074 2571; x_wconf 75' lang='grc' dir='ltr'><strong>ε</strong></span> <span class='ocrx_word' id='word_1_368' title='bbox 1110 2529 1148 2570; x_wconf 86' lang='lat'>&amp;</span> <span class='ocrx_word' id='word_1_369' title='bbox 1173 2536 1391 2584; x_wconf 88' lang='lat' dir='ltr'>tanquam</span> <span class='ocrx_word' id='word_1_370' title='bbox 1414 2518 1580 2567; x_wconf 89' lang='lat' dir='ltr'>Balioli</span> <span class='ocrx_word' id='word_1_371' title='bbox 1601 2521 1778 2582; x_wconf 81' lang='lat' dir='ltr'>legatus</span> <span class='ocrx_word' id='word_1_372' title='bbox 1799 2519 1958 2567; x_wconf 86' lang='lat' dir='ltr'>omnia</span> 
     </span>
     <span class='ocr_line' id='line_1_39' title="bbox 190 2583 1958 2673; baseline -0.01 -28"><span class='ocrx_word' id='word_1_373' title='bbox 190 2615 276 2673; x_wconf 72' lang='lat' dir='ltr'>pro</span> <span class='ocrx_word' id='word_1_374' title='bbox 293 2597 502 2662; x_wconf 87' lang='lat' dir='ltr'>legitimo</span> <span class='ocrx_word' id='word_1_375' title='bbox 520 2593 780 2656; x_wconf 76' lang='lat' dir='ltr'>magistratu</span> <span class='ocrx_word' id='word_1_376' title='bbox 799 2591 1008 2653; x_wconf 88' lang='lat' dir='ltr'>imperat.</span> <span class='ocrx_word' id='word_1_377' title='bbox 1075 2588 1131 2635; x_wconf 93' lang='lat' dir='ltr'>Id</span> <span class='ocrx_word' id='word_1_378' title='bbox 1152 2603 1322 2634; x_wconf 85' lang='lat' dir='ltr'>nomen</span> <span class='ocrx_word' id='word_1_379' title='bbox 1337 2584 1418 2632; x_wconf 90' lang='lat' dir='ltr'>ille</span> <span class='ocrx_word' id='word_1_380' title='bbox 1439 2585 1565 2631; x_wconf 82' lang='lat' dir='ltr'>nulla</span> <span class='ocrx_word' id='word_1_381' title='bbox 1584 2583 1853 2638; x_wconf 86' lang='lat' dir='ltr'>ambitione,</span> <span class='ocrx_word' id='word_1_382' title='bbox 1877 2596 1958 2629; x_wconf 88' lang='lat' dir='ltr'>aut</span> 
     </span>
     <span class='ocr_line' id='line_1_40' title="bbox 189 2646 1956 2726; baseline -0.01 -15"><span class='ocrx_word' id='word_1_383' title='bbox 189 2660 448 2726; x_wconf 60' lang='lat' dir='ltr'>imperandi</span> <span class='ocrx_word' id='word_1_384' title='bbox 468 2658 736 2721; x_wconf 82' lang='lat' dir='ltr'>cupiditate,</span> <span class='ocrx_word' id='word_1_385' title='bbox 762 2655 833 2702; x_wconf 88' lang='lat' dir='ltr'>sed</span> <span class='ocrx_word' id='word_1_386' title='bbox 857 2666 1036 2701; x_wconf 90' lang='lat' dir='ltr'>tantum</span> <span class='ocrx_word' id='word_1_387' title='bbox 1057 2651 1227 2699; x_wconf 90' lang='lat' dir='ltr'>civium</span> <span class='ocrx_word' id='word_1_388' title='bbox 1260 2650 1439 2696; x_wconf 85' lang='lat' dir='ltr'>suorum</span> <span class='ocrx_word' id='word_1_389' title='bbox 1474 2646 1795 2701; x_wconf 85' lang='lat' dir='ltr'>misericordia,</span> <span class='ocrx_word' id='word_1_390' title='bbox 1819 2652 1860 2695; x_wconf 85' lang='lat'>&amp;</span> <span class='ocrx_word' id='word_1_391' title='bbox 1878 2662 1956 2705; x_wconf 73' lang='lat' dir='ltr'>ca-</span> 
     </span>
     <span class='ocr_line' id='line_1_41' title="bbox 190 2709 1953 2786; baseline -0.009 -13"><span class='ocrx_word' id='word_1_392' title='bbox 190 2726 324 2774; x_wconf 83' lang='lat' dir='ltr'>ritate</span> <span class='ocrx_word' id='word_1_393' title='bbox 346 2722 567 2786; x_wconf 82' lang='lat' dir='ltr'>suscaepit.</span> <span class='ocrx_word' id='word_1_394' title='bbox 632 2720 737 2768; x_wconf 74' lang='lat' dir='ltr'>Hac</span> <span class='ocrx_word' id='word_1_395' title='bbox 771 2735 907 2765; x_wconf 83' lang='lat' dir='ltr'>manu</span> <span class='ocrx_word' id='word_1_396' title='bbox 931 2716 1130 2780; x_wconf 87' lang='lat' dir='ltr'>primum</span> <span class='ocrx_word' id='word_1_397' title='bbox 1157 2713 1251 2759; x_wconf 88' lang='lat' dir='ltr'>vim</span> <span class='ocrx_word' id='word_1_398' title='bbox 1271 2724 1475 2775; x_wconf 82' lang='lat' dir='ltr'>apertam</span> <span class='ocrx_word' id='word_1_399' title='bbox 1505 2723 1720 2774; x_wconf 86' lang='lat' dir='ltr'>expertus</span> <span class='ocrx_word' id='word_1_400' title='bbox 1741 2709 1953 2766; x_wconf 88' lang='lat' dir='ltr'>Lanarci,</span> 
     </span>
     <span class='ocr_line' id='line_1_42' title="bbox 190 2772 1955 2847; baseline -0.008 -10"><span class='ocrx_word' id='word_1_401' title='bbox 190 2801 441 2838; x_wconf 82' lang='lat' dir='ltr'>conventus</span> <span class='ocrx_word' id='word_1_402' title='bbox 471 2787 568 2847; x_wconf 87' lang='lat' dir='ltr'>ejus</span> <span class='ocrx_word' id='word_1_403' title='bbox 591 2782 858 2847; x_wconf 63' lang='lat' dir='ltr'>praefeftum</span> <span class='ocrx_word' id='word_1_404' title='bbox 890 2783 1060 2827; x_wconf 80' lang='lat' dir='ltr'>clarum</span> <span class='ocrx_word' id='word_1_405' title='bbox 1090 2792 1258 2840; x_wconf 79' lang='lat' dir='ltr'>genere</span> <span class='ocrx_word' id='word_1_406' title='bbox 1286 2774 1493 2838; x_wconf 85' lang='lat' dir='ltr'>Anglum</span> <span class='ocrx_word' id='word_1_407' title='bbox 1522 2773 1710 2821; x_wconf 88' lang='lat' dir='ltr'>occidit.</span> <span class='ocrx_word' id='word_1_408' title='bbox 1777 2772 1955 2822; x_wconf 80' lang='lat' dir='ltr'>Multas</span> 
     </span>
     <span class='ocr_line' id='line_1_43' title="bbox 190 2836 1954 2910; baseline -0.01 -9"><span class='ocrx_word' id='word_1_409' title='bbox 190 2853 360 2902; x_wconf 87' lang='lat' dir='ltr'>deinde</span> <span class='ocrx_word' id='word_1_410' title='bbox 380 2867 522 2905; x_wconf 85' lang='lat' dir='ltr'>arces,</span> <span class='ocrx_word' id='word_1_411' title='bbox 542 2862 621 2895; x_wconf 87' lang='lat' dir='ltr'>aut</span> <span class='ocrx_word' id='word_1_412' title='bbox 642 2862 800 2910; x_wconf 85' lang='lat' dir='ltr'>parum</span> <span class='ocrx_word' id='word_1_413' title='bbox 825 2843 1037 2897; x_wconf 81' lang='lat' dir='ltr'>munitas,</span> <span class='ocrx_word' id='word_1_414' title='bbox 1061 2854 1140 2889; x_wconf 89' lang='lat' dir='ltr'>aut</span> <span class='ocrx_word' id='word_1_415' title='bbox 1161 2838 1378 2903; x_wconf 80' lang='lat' dir='ltr'>praesidiis</span> <span class='ocrx_word' id='word_1_416' title='bbox 1400 2854 1490 2885; x_wconf 88' lang='lat' dir='ltr'>non</span> <span class='ocrx_word' id='word_1_417' title='bbox 1514 2836 1614 2885; x_wconf 85' lang='lat' dir='ltr'>satis</span> <span class='ocrx_word' id='word_1_418' title='bbox 1638 2836 1852 2892; x_wconf 84' lang='lat' dir='ltr'>firmatas,</span> <span class='ocrx_word' id='word_1_419' title='bbox 1875 2850 1954 2885; x_wconf 87' lang='lat' dir='ltr'>aut</span> 
     </span>
    </p>
   </div>
   <div class='ocr_carea' id='block_1_7' title="bbox 189 2900 1954 2982">
    <p class='ocr_par' dir='ltr' id='par_1_8' title="bbox 189 2900 1954 2982">
     <span class='ocr_line' id='line_1_44' title="bbox 189 2900 1954 2982; baseline -0.011 -15"><span class='ocrx_word' id='word_1_420' title='bbox 189 2932 248 2965; x_wconf 76' lang='lat' dir='ltr'>ne</span> <span class='ocrx_word' id='word_1_421' title='bbox 283 2915 500 2982; x_wconf 86' lang='lat' dir='ltr'>ligentius</span> <span class='ocrx_word' id='word_1_422' title='bbox 520 2911 761 2961; x_wconf 72' lang='lat' dir='ltr'>custoditas</span> <span class='ocrx_word' id='word_1_423' title='bbox 782 2909 938 2982; x_wconf 62' lang='lat' dir='ltr'>caepit,</span> <span class='ocrx_word' id='word_1_424' title='bbox 963 2912 1002 2953; x_wconf 90' lang='lat'>&amp;</span> <span class='ocrx_word' id='word_1_425' title='bbox 1026 2903 1188 2952; x_wconf 87' lang='lat' dir='ltr'>evertit</span> <span class='ocrx_word' id='word_1_426' title='bbox 1210 2922 1222 2950; x_wconf 91' lang='lat'>:</span> <span class='ocrx_word' id='word_1_427' title='bbox 1256 2902 1424 2965; x_wconf 85' lang='lat' dir='ltr'>quibus</span> <span class='ocrx_word' id='word_1_428' title='bbox 1442 2900 1623 2948; x_wconf 86' lang='lat' dir='ltr'>levioris</span> <span class='ocrx_word' id='word_1_429' title='bbox 1644 2917 1794 2965; x_wconf 84' lang='lat' dir='ltr'>operae</span> <span class='ocrx_word' id='word_1_430' title='bbox 1810 2916 1954 2964; x_wconf 85' lang='lat' dir='ltr'>expe-</span> 
     </span>
    </p>
   </div>
   <div class='ocr_carea' id='block_1_8' title="bbox 178 2965 2023 3107">
    <p class='ocr_par' dir='ltr' id='par_1_9' title="bbox 178 2965 2023 3107">
     <span class='ocr_line' id='line_1_45' title="bbox 178 2965 1953 3030; baseline -0.012 1"><span class='ocrx_word' id='word_1_431' title='bbox 178 2979 443 3030; x_wconf 72' lang='lat' dir='ltr'>ditionibus</span> <span class='ocrx_word' id='word_1_432' title='bbox 463 2978 530 3026; x_wconf 90' lang='lat' dir='ltr'>ita</span> <span class='ocrx_word' id='word_1_433' title='bbox 549 2974 750 3025; x_wconf 84' lang='lat' dir='ltr'>militum</span> <span class='ocrx_word' id='word_1_434' title='bbox 773 2988 947 3020; x_wconf 84' lang='lat' dir='ltr'>ammos</span> <span class='ocrx_word' id='word_1_435' title='bbox 977 2967 1282 3021; x_wconf 81' lang='lat' dir='ltr'>confirmavit,</span> <span class='ocrx_word' id='word_1_436' title='bbox 1307 2979 1355 3013; x_wconf 88' lang='lat' dir='ltr'>ut</span> <span class='ocrx_word' id='word_1_437' title='bbox 1379 2966 1558 3012; x_wconf 84' lang='lat' dir='ltr'>nullum</span> <span class='ocrx_word' id='word_1_438' title='bbox 1578 2965 1673 3027; x_wconf 81' lang='lat' dir='ltr'>ejus</span> <span class='ocrx_word' id='word_1_439' title='bbox 1708 2965 1849 3012; x_wconf 61' lang='lat' dir='ltr'>dufiu</span> <span class='ocrx_word' id='word_1_440' title='bbox 1870 2980 1953 3027; x_wconf 88' lang='lat' dir='ltr'>pe·</span> 
     </span>
     <span class='ocr_line' id='line_1_46' title="bbox 188 3027 2023 3107; baseline -0.01 -15"><span class='ocrx_word' id='word_1_441' title='bbox 188 3043 384 3093; x_wconf 77' lang='lat' dir='ltr'>ticulum</span> <span class='ocrx_word' id='word_1_442' title='bbox 401 3039 705 3107; x_wconf 80' lang='lat' dir='ltr'>defugerent:</span> <span class='ocrx_word' id='word_1_443' title='bbox 731 3049 782 3085; x_wconf 89' lang='lat' dir='ltr'>ut</span> <span class='ocrx_word' id='word_1_444' title='bbox 802 3035 929 3097; x_wconf 71' lang='lat' dir='ltr'>cujus</span> <span class='ocrx_word' id='word_1_445' title='bbox 951 3050 1035 3082; x_wconf 83' lang='lat' dir='ltr'>nec</span> <span class='ocrx_word' id='word_1_446' title='bbox 1054 3031 1255 3080; x_wconf 83' lang='lat' dir='ltr'>audaciae</span> <span class='ocrx_word' id='word_1_447' title='bbox 1276 3028 1532 3085; x_wconf 78' lang='lat' dir='ltr'>confilium,</span> <span class='ocrx_word' id='word_1_448' title='bbox 1554 3044 1640 3076; x_wconf 83' lang='lat' dir='ltr'>nec</span> <span class='ocrx_word' id='word_1_449' title='bbox 1657 3027 1846 3076; x_wconf 67' lang='lat' dir='ltr'>consilio</span> <span class='ocrx_word' id='word_1_450' title='bbox 1869 3044 1954 3075; x_wconf 84' lang='lat' dir='ltr'>un·</span> <span class='ocrx_word' id='word_1_451' title='bbox 2017 3054 2023 3064; x_wconf 84' lang='lat'><strong>·</strong></span> 
     </span>
    </p>
   </div>
   <div class='ocr_carea' id='block_1_9' title="bbox 191 3103 1954 3240">
    <p class='ocr_par' dir='ltr' id='par_1_10' title="bbox 191 3103 1954 3240">
     <span class='ocr_line' id='line_1_47' title="bbox 191 3103 1743 3173; baseline -0.019 -11"><span class='ocrx_word' id='word_1_452' title='bbox 191 3124 329 3173; x_wconf 68' lang='lat' dir='ltr'>quam</span> <span class='ocrx_word' id='word_1_453' title='bbox 350 3120 540 3155; x_wconf 83' lang='lat' dir='ltr'>eventus</span> <span class='ocrx_word' id='word_1_454' title='bbox 560 3103 740 3153; x_wconf 72' lang='lat' dir='ltr'>deesset.</span> <span class='ocrx_word' id='word_1_455' title='bbox 1738 3152 1743 3157; x_wconf 84' lang='lat'>.</span> 
     </span>
     <span class='ocr_line' id='line_1_48' title="bbox 201 3153 1954 3240; baseline -0.01 -19"><span class='ocrx_word' id='word_1_456' title='bbox 201 3194 225 3232; x_wconf 73' lang='lat'>·‚</span> <span class='ocrx_word' id='word_1_457' title='bbox 255 3172 386 3240; x_wconf 53' lang='grc' dir='ltr'><strong>ᾎΙΧ.</strong></span> <span class='ocrx_word' id='word_1_458' title='bbox 418 3172 598 3218; x_wconf 87' lang='lat' dir='ltr'>Harum</span> <span class='ocrx_word' id='word_1_459' title='bbox 622 3181 781 3216; x_wconf 80' lang='lat' dir='ltr'>rerum</span> <span class='ocrx_word' id='word_1_460' title='bbox 808 3165 931 3213; x_wconf 81' lang='lat' dir='ltr'>fama</span> <span class='ocrx_word' id='word_1_461' title='bbox 955 3177 1063 3209; x_wconf 86' lang='lat' dir='ltr'>cum</span> <span class='ocrx_word' id='word_1_462' title='bbox 1092 3158 1185 3207; x_wconf 64' lang='lat' dir='ltr'>late*</span> <span class='ocrx_word' id='word_1_463' title='bbox 1217 3158 1677 3230; x_wconf 43' lang='lat' dir='ltr'>spargeretur,·atque</span> <span class='ocrx_word' id='word_1_464' title='bbox 1707 3153 1954 3203; x_wconf 82' lang='lat' dir='ltr'>hominum</span> 
     </span>
    </p>
   </div>
   <div class='ocr_carea' id='block_1_10' title="bbox 149 3218 1956 3354">
    <p class='ocr_par' dir='ltr' id='par_1_11' title="bbox 149 3218 1956 3354">
     <span class='ocr_line' id='line_1_49' title="bbox 190 3218 1954 3296; baseline -0.009 -15"><span class='ocrx_word' id='word_1_465' title='bbox 190 3232 349 3289; x_wconf 69' lang='lat' dir='ltr'>favore</span> <span class='ocrx_word' id='word_1_466' title='bbox 378 3236 511 3282; x_wconf 65' lang='grc' dir='ltr'>πᾶα</span> <span class='ocrx_word' id='word_1_467' title='bbox 539 3233 808 3296; x_wconf 82' lang='lat' dir='ltr'>plaerunque</span> <span class='ocrx_word' id='word_1_468' title='bbox 840 3227 1012 3291; x_wconf 84' lang='lat' dir='ltr'>majora</span> <span class='ocrx_word' id='word_1_469' title='bbox 1043 3239 1149 3272; x_wconf 74' lang='lat' dir='ltr'>vero</span> <span class='ocrx_word' id='word_1_470' title='bbox 1182 3221 1418 3285; x_wconf 71' lang='lat' dir='ltr'>perferret,</span> <span class='ocrx_word' id='word_1_471' title='bbox 1447 3234 1718 3284; x_wconf 72' lang='lat' dir='ltr'>quicunqne</span> <span class='ocrx_word' id='word_1_472' title='bbox 1751 3218 1827 3267; x_wconf 84' lang='lat' dir='ltr'>vel</span> <span class='ocrx_word' id='word_1_473' title='bbox 1854 3235 1954 3267; x_wconf 83' lang='lat' dir='ltr'>rem</span> 
     </span>
     <span class='ocr_line' id='line_1_50' title="bbox 149 3280 1956 3354; baseline -0.008 -8"><span class='ocrx_word' id='word_1_474' title='bbox 149 3310 154 3315; x_wconf 82' lang='lat'><em>&#39;</em></span> <span class='ocrx_word' id='word_1_475' title='bbox 190 3298 417 3346; x_wconf 84' lang='lat' dir='ltr'>Scoticam</span> <span class='ocrx_word' id='word_1_476' title='bbox 443 3298 608 3346; x_wconf 84' lang='lat' dir='ltr'>salvam</span> <span class='ocrx_word' id='word_1_477' title='bbox 627 3296 816 3351; x_wconf 80' lang='lat' dir='ltr'>vellent,</span> <span class='ocrx_word' id='word_1_478' title='bbox 834 3292 910 3354; x_wconf 64' lang='lat' dir='ltr'>vel</span> <span class='ocrx_word' id='word_1_479' title='bbox 939 3288 1029 3336; x_wconf 82' lang='lat' dir='ltr'>suae</span> <span class='ocrx_word' id='word_1_480' title='bbox 1052 3289 1264 3336; x_wconf 88' lang='lat' dir='ltr'>timerent</span> <span class='ocrx_word' id='word_1_481' title='bbox 1296 3285 1354 3333; x_wconf 83' lang='lat' dir='ltr'>ad</span> <span class='ocrx_word' id='word_1_482' title='bbox 1386 3300 1493 3332; x_wconf 86' lang='lat' dir='ltr'>eum</span> <span class='ocrx_word' id='word_1_483' title='bbox 1513 3280 1850 3332; x_wconf 73' lang='lat' dir='ltr'>confluentibus</span> <span class='ocrx_word' id='word_1_484' title='bbox 1875 3282 1956 3331; x_wconf 22' lang='lat' dir='ltr'>ixi-t</span> 
     </span>
    </p>
   </div>
   <div class='ocr_carea' id='block_1_11' title="bbox 246 3396 1952 3477">
    <p class='ocr_par' dir='ltr' id='par_1_12' title="bbox 246 3396 1952 3477">
     <span class='ocr_line' id='line_1_51' title="bbox 246 3396 1952 3477; baseline -0.009 -12"><span class='ocrx_word' id='word_1_485' title='bbox 246 3427 311 3477; x_wconf 74' lang='grc' dir='ltr'>(ι)</span> <span class='ocrx_word' id='word_1_486' title='bbox 332 3425 404 3464; x_wconf 85' lang='lat' dir='ltr'>His</span> <span class='ocrx_word' id='word_1_487' title='bbox 415 3424 538 3462; x_wconf 84' lang='lat' dir='ltr'>father</span> <span class='ocrx_word' id='word_1_488' title='bbox 551 3439 624 3463; x_wconf 88' lang='lat' dir='ltr'>was</span> <span class='ocrx_word' id='word_1_489' title='bbox 638 3424 728 3464; x_wconf 87' lang='lat' dir='ltr'>laird</span> <span class='ocrx_word' id='word_1_490' title='bbox 737 3422 786 3467; x_wconf 72' lang='lat' dir='ltr'>of</span> <span class='ocrx_word' id='word_1_491' title='bbox 795 3415 1039 3466; x_wconf 51' lang='lat' dir='ltr'>Eum-nigei*-</span> <span class='ocrx_word' id='word_1_492' title='bbox 1093 3424 1133 3457; x_wconf 83' lang='lat' dir='ltr'>to</span> <span class='ocrx_word' id='word_1_493' title='bbox 1150 3414 1217 3457; x_wconf 66' lang='lat' dir='ltr'>the</span> <span class='ocrx_word' id='word_1_494' title='bbox 1243 3396 1334 3453; x_wconf 56' lang='lat' dir='ltr'>la‘ird</span> <span class='ocrx_word' id='word_1_495' title='bbox 1350 3413 1400 3454; x_wconf 76' lang='lat' dir='ltr'>of</span> <span class='ocrx_word' id='word_1_496' title='bbox 1425 3411 1629 3452; x_wconf 74' lang='lat' dir='ltr'>Riccarton</span> <span class='ocrx_word' id='word_1_497' title='bbox 1650 3423 1661 3448; x_wconf 66' lang='grc' dir='ltr'><em>τ</em></span> <span class='ocrx_word' id='word_1_498' title='bbox 1690 3410 1757 3450; x_wconf 77' lang='lat' dir='ltr'>but</span> <span class='ocrx_word' id='word_1_499' title='bbox 1771 3400 1952 3450; x_wconf 74' lang='lat' dir='ltr'>william</span> 
     </span>
    </p>
   </div>
   <div class='ocr_carea' id='block_1_12' title="bbox 191 3454 1968 3525">
    <p class='ocr_par' dir='ltr' id='par_1_13' title="bbox 191 3454 1968 3525">
     <span class='ocr_line' id='line_1_52' title="bbox 191 3454 1968 3525; baseline -0.011 -5"><span class='ocrx_word' id='word_1_500' title='bbox 191 3482 365 3521; x_wconf 69' lang='lat' dir='ltr'>terwards</span> <span class='ocrx_word' id='word_1_501' title='bbox 380 3477 655 3525; x_wconf 79' lang='lat' dir='ltr'>stiledCraigie‚</span> <span class='ocrx_word' id='word_1_502' title='bbox 676 3477 791 3514; x_wconf 73' lang='lat' dir='ltr'>beside</span> <span class='ocrx_word' id='word_1_503' title='bbox 809 3473 973 3521; x_wconf 81' lang='lat' dir='ltr'>Paseley,</span> <span class='ocrx_word' id='word_1_504' title='bbox 993 3483 1040 3507; x_wconf 83' lang='lat' dir='ltr'>an</span> <span class='ocrx_word' id='word_1_505' title='bbox 1092 3470 1263 3507; x_wconf 76' lang='lat' dir='ltr'>Wanace</span> <span class='ocrx_word' id='word_1_506' title='bbox 1288 3467 1362 3506; x_wconf 73' lang='lat' dir='ltr'>had</span> <span class='ocrx_word' id='word_1_507' title='bbox 1389 3454 1439 3507; x_wconf 57' lang='lat' dir='ltr'>dn</span> <span class='ocrx_word' id='word_1_508' title='bbox 1465 3465 1567 3506; x_wconf 77' lang='lat' dir='ltr'>elder</span> <span class='ocrx_word' id='word_1_509' title='bbox 1587 3462 1746 3514; x_wconf 68' lang='lat' dir='ltr'>&#39;brother</span> <span class='ocrx_word' id='word_1_510' title='bbox 1766 3463 1888 3513; x_wconf 66' lang='lat' dir='ltr'>living</span> <span class='ocrx_word' id='word_1_511' title='bbox 1911 3469 1968 3501; x_wconf 72' lang='lat' dir='ltr'>nt·</span> 
     </span>
    </p>
   </div>
   <div class='ocr_carea' id='block_1_13' title="bbox 191 3520 1953 3646">
    <p class='ocr_par' dir='ltr' id='par_1_14' title="bbox 191 3520 1953 3646">
     <span class='ocr_line' id='line_1_53' title="bbox 191 3520 1953 3587; baseline -0.015 -15"><span class='ocrx_word' id='word_1_512' title='bbox 191 3534 340 3573; x_wconf 82' lang='lat' dir='ltr'>ancient</span> <span class='ocrx_word' id='word_1_513' title='bbox 367 3531 481 3569; x_wconf 79' lang='lat' dir='ltr'>baron</span> <span class='ocrx_word' id='word_1_514' title='bbox 510 3531 550 3568; x_wconf 89' lang='lat' dir='ltr'>in</span> <span class='ocrx_word' id='word_1_515' title='bbox 568 3530 683 3579; x_wconf 77' lang='lat' dir='ltr'>Kyle,</span> <span class='ocrx_word' id='word_1_516' title='bbox 702 3530 775 3566; x_wconf 71' lang='lat' dir='ltr'>aad</span> <span class='ocrx_word' id='word_1_517' title='bbox 790 3539 866 3576; x_wconf 52' lang='lat' dir='ltr'>was</span> <span class='ocrx_word' id='word_1_518' title='bbox 891 3523 1043 3567; x_wconf 73' lang='lat' dir='ltr'>brothet</span> <span class='ocrx_word' id='word_1_519' title='bbox 1095 3521 1171 3562; x_wconf 77' lang='lat' dir='ltr'>this</span> <span class='ocrx_word' id='word_1_520' title='bbox 1188 3520 1296 3561; x_wconf 85' lang='lat' dir='ltr'>time.</span> <span class='ocrx_word' id='word_1_521' title='bbox 1340 3580 1347 3586; x_wconf 30' lang='grc' dir='ltr'>ι</span> <span class='ocrx_word' id='word_1_522' title='bbox 1615 3579 1618 3582; x_wconf 29' lang='lat'><em>⁴</em></span> <span class='ocrx_word' id='word_1_523' title='bbox 1818 3544 1832 3576; x_wconf 14' lang='grc' dir='ltr'>ὁ.</span> <span class='ocrx_word' id='word_1_524' title='bbox 1852 3570 1855 3574; x_wconf 26' lang='lat'><strong><em>¹</em></strong></span> <span class='ocrx_word' id='word_1_525' title='bbox 1938 3568 1953 3587; x_wconf 43' lang='lat'>¹·</span> 
     </span>
     <span class='ocr_line' id='line_1_54' title="bbox 1833 3596 1953 3646; baseline -0.017 -12"><span class='ocrx_word' id='word_1_526' title='bbox 1833 3596 1953 3646; x_wconf 60' lang='grc' dir='ltr'>ω.</span> 
     </span>
    </p>
   </div>
   <div class='ocr_carea' id='block_1_14' title="bbox 1908 3195 2031 3828">
    <p class='ocr_par' dir='ltr' id='par_1_15' title="bbox 1908 3195 2031 3828">
     <span class='ocr_line' id='line_1_55' title="bbox 1908 3818 1923 3828; textangle 90"><span class='ocrx_word' id='word_1_527' title='bbox 1908 3818 1923 3828; x_wconf 68' lang='lat'><em>5</em></span> 
     </span>
     <span class='ocr_line' id='line_1_56' title="bbox 1978 3195 2031 3828; textangle 90"><span class='ocrx_word' id='word_1_528' title='bbox 1980 3747 2027 3828; x_wconf 43' lang='grc' dir='ltr'>*ἃ</span> <span class='ocrx_word' id='word_1_529' title='bbox 1978 3508 2027 3708; x_wconf 37' lang='grc' dir='ltr'>Αὲιὴῑεαεη</span> <span class='ocrx_word' id='word_1_530' title='bbox 2011 3327 2014 3330; x_wconf 59' lang='grc'><em>·</em></span> <span class='ocrx_word' id='word_1_531' title='bbox 2019 3228 2031 3291; x_wconf 75' lang='grc'>..,</span> <span class='ocrx_word' id='word_1_532' title='bbox 2007 3195 2027 3208; x_wconf 80' lang='lat'>.·</span> 
     </span>
    </p>
   </div>
  </div>
 </body>
</html>
