2106 3838
240 184 360 268 138
537 182 896 247 ‘RERUM
986 171 1664 236 Scor-manum

240 283 476 347 ingentem
494 280 783 342 asportarent,
804 269 1058 334 Gregorius
1075 285 1150 315 eos
1169 268 1222 314 ad
1242 268 1392 315 lacum
1416 265 1669 312 Mabanum
1683 261 1862 326 ingenti
1879 278 1995 325 prae-

245 348 310 394 lio
331 345 468 399 fudit,
493 339 787 390 Constantino
809 351 966 382 eorum
990 336 1116 396 Rege
1139 333 1268 377 caeso.

312 411 420 459 XII.
456 410 573 454 Cum
593 407 713 450 hune
732 399 859 464 pravi
876 397 1050 444 consilii
1067 397 1124 443 fn
1141 397 1264 442 {lum
1286 396 1510 441 Brittones
1533 390 1795 444 retulissent,
1818 388 1999 436 Heber-

247 485 297 523 to
321 470 601 521 Constantini
627 467 759 519 fratre
782 465 911 526 Rege
933 472 1084 507 creato
1105 460 1306 531 cogitare
1327 470 1582 519 eruperunt,
1602 470 1739 517 quam
1762 454 1847 499 suae
1866 468 1932 497 res
1951 451 2001 499 in

246 535 476 603 praeeif-iti
499 536 657 579 starent
696 526 858 581 Scotis,
881 532 926 576 ὃ,
954 523 1100 572 Danis
1120 522 1339 577 immicis,
1383 536 1464 569 nec
1485 518 1689 566 amicitia
1708 534 1813 565 cum
1839 514 2003 578 Anglis

251 617 451 663 unquam
476 597 577 643 satis
600 594 689 641 fida
712 612 723 640 :
756 593 988 638 decretum
1013 591 1062 636 sit
1083 588 1139 635 de
1156 585 1438 650 pacificando
1461 600 1562 629 cuni
1589 581 1749 628 Sentis.
1805 577 1927 627 Missi
1947 577 2004 625 acl

249 667 298 729 id
323 662 460 726 legati
482 677 584 707 cum
609 657 728 706 nihil
748 656 1058 719 transigerent,
1083 651 1164 699 nisi
1186 648 1425 702 Cumbria,
1452 650 1503 697 δε
1526 646 1776 693 Vestmaria
1793 641 2004 696 redditis,

251 732 341 799 pax
364 728 408 773 in
429 742 501 772 eas
523 725 648 788 leges
666 723 726 769 est
753 721 883 767 faeta.
953 718 1242 765 Accefferunt
1262 714 1426 762 eodem
1447 712 1540 757 fere
1563 723 1766 770 tempore
1789 706 1928 768 legati
1949 705 2009 751 ab

221 792 461 840 '‘Aluredo
485 789 657 853 Anglo,
698 784 864 850 partim
888 796 938 829 ut
958 780 1196 828 viftoriam
1217 780 1273 826 de
1297 777 1442 825 Danis
1464 775 1814 838 gratularentur,
1840 782 1888 816 ut
1905 786 2008 832 quae

256 853 560 904 communiter
581 852 794 898 omnibus
815 845 1079 894 Christianis
1108 843 1313 903 jucunda
1333 842 1417 887 ess'e
1439 839 1602 886 debeat
1623 856 1634 884 :
1670 835 1836 899 partim
1862 846 1910 879 ut
1928 848 2011 880 no-

253 939 313 968 vo
350 919 520 966 foedere
553 916 595 963 se
621 913 827 962 adversus
848 927 1006 957 omncs
1030 907 1388 955 Christianorum
1426 901 1636 949 inimicos
1675 900 2011 946 confirmarent.

255 987 349 1034 Pax
372 983 440 1030 his
462 981 643 1044 legibus
665 980 725 1026 est
747 976 879 1029 fafta,
922 987 969 1021 ut
991 970 1280 1037 peregrinum
1301 969 1470 1015 hostem
1493 963 1811 1014 communibus
1834 959 2013 1008 auxiliis

256 1047 570 1114 propulsarent
595 1063 606 1091 ε
642 1043 902 1101 ubicunque
928 1039 998 1100 (ι)
1022 1034 1359 1086 exscenderent,
1383 1047 1487 1077 cum
1507 1028 1696 1081 viribuS,
1712 1026 1893 1087 quantis
1914 1024 2015 1085 pos-

258 1117 371 1166 sent,
397 1126 589 1173 uterque
605 1109 802 1170 populus
819 1114 1073 1150 accurreret
1093 1120 1103 1147 2
1129 1098 1255 1161 quod
1272 1096 1368 1159 agri
1386 1096 1443 1141 de
1464 1092 1607 1140 Danis
1627 1091 1751 1137 Scoti
1768 1087 2014 1151 caepissent,

259 1192 309 1225 ut
338 1177 384 1222 id
410 1177 499 1222 sine
530 1169 830 1220 controversia
870 1168 914 1214 in
940 1167 1162 1229 posterum
1187 1174 1402 1208 tenerent.
1473 1160 1542 1204 Ita
1576 1172 1686 1219 pace
1724 1153 1859 1211 armis.
1882 1152 2017 1197 undi-

299 1260 351 1287 ue
388 1253 532 1303 parta,
573 1243 612 1284 δι
655 1233 905 1281 toederibus
939 1230 1131 1277 stabilita
1155 1225 1385 1289 Gregorio
1409 1221 1582 1269 reverso
1604 1217 1796 1266 nunclus
1817 1216 2017 1267 affertur,

261 1259 498 1352 {libernos
520 1305 566 1357 in
590 1297 905 1347 Gallovidiarn
926 1295 1144 1357 irrupisse.
1180 1291 1325 1337 Causa
1345 1288 1468 1334 bello
1488 1282 1868 1348 praetendebatur,
1894 1279 2020 1342 quod

261 1367 614 1417 Dublinenfium
641 1366 763 1426 (qua‘e
786 1361 943 1407 civitas
965 1360 1024 1405 est
1047 1354 1305 1412 Hiberniae)
1345 1347 1660 1398 Gallovidiani
1691 1362 1824 1393 naves
1848 1344 2025 1406 aliquot

265 1434 425 1496 longas
450 1433 506 1478 ad
529 1431 652 1477 suum
675 1428 782 1473 litus
803 1423 1008 1487 appulsas
1033 1420 1250 1468 hostiliter
1271 1415 1571 1479 diripuissent.
1640 1408 1839 1459 Hiberni
1868 1406 2025 1455 audito

268 1496 487 1560 Gregorii
511 1496 705 1541 adventu
734 1490 912 1552 trepide
935 1503 1039 1533 cum
1064 1484 1217 1547 praeda
1239 1482 1279 1528 se
1301 1480 1348 1527 in
1374 1494 1507 1525 naves
1528 1476 1837 1538 conjecerunt.
1904 1474 2025 1517 Gre-

269 1561 424 1626 gorius
444 1560 598 1606 canta
618 1556 763 1604 classe.
790 1569 841 1599 ac
873 1553 1002 1598 firmo
1024 1547 1224 1596 exercitu
1254 1546 1301 1592 in
1325 1541 1617 1595 Hiberniam,
1644 1537 1722 1585 ubi
1753 1536 1953 1600 primum
1983 1534 2027 1581 ei

265 1624 563 1673 commodum
582 1619 683 1672 fuit,
709 1617 899 1678 trajecit.

336 1688 470 1736 XIII.
504 1688 613 1733 Erat
634 1700 714 1746 per
733 1682 780 1728 id
807 1694 986 1740 tempus
1008 1678 1277 1726 Dunennus,
1301 1672 1386 1717 five
1410 1671 1639 1719 Donatus,
1662 1664 1734 1710 seu
1755 1662 1904 1710 verius
1928 1662 2031 1709 Du-

271 1753 442 1803 nachus
462 1766 619 1809 eorum
645 1748 744 1794 Rex
765 1745 912 1791 adhuc
937 1759 1063 1806 puer.
1117 1739 1322 1788 Brienus,
1347 1740 1384 1780 ἃ
1411 1732 1653 1781 Cornelius
1672 1728 1913 1775 secundum
1939 1727 2032 1772 Re-

272 1835 379 1883 gem
401 1810 691 1881 potent'rffimi
711 1823 851 1857 totam
875 1821 1058 1870 gentem
1083 1804 1127 1849 in
1151 1804 1261 1849 duas
1285 1799 1501 1846 fafitiones
1524 1795 1829 1842 distraxerant.
1885 1789 1953 1838 Hi
1974 1789 2034 1836 ad

275 1881 452 1930 externi
475 1878 608 1925 hostis
640 1877 885 1921 adventum
912 1869 1109 1918 induciis
1147 1866 1273 1914 factis
1297 1865 1352 1909 ad
1377 1861 1488 1910 Bani
1510 1857 1710 1906 fluminis
1733 1856 1877 1929 ripam
1900 1853 2032 1910 locis,

275 1960 329 1994 ut
346 1946 603 1996 videbatur,
626 1940 726 1987 satis
750 1937 856 1984 tutis
880 1936 988 1982 bina
1010 1934 1147 1980 castra
1162 1927 1544 1978 communierant,
1564 1939 1619 1969 eo
1636 1921 1838 1973 ccnfflm,
1877 1930 1925 1964 ut
1946 1917 2036 1964 im-

275 2028 326 2076 pt
338 2022 436 2057 tum
461 2004 678 2070 Gregorii
699 2018 826 2050 mora
844 2002 1097 2053 eluderent,
1120 1999 1169 2047 δε
1192 1992 1350 2056 inopia
1370 1999 1704 2036 commeatuum
1742 1983 1767 2031 ὲ
1790 1983 1885 2030 solo·
1904 1998 2035 2045 pere-

278 2076 433 2138 grino,
455 2078 494 2119 &
515 2070 763 2133 pervastato
781 2082 886 2112 eum
910 2063 1162 2126 abigerent.
1229 2059 1286 2105 Et
1307 2052 1560 2116 Gregorius
1599 2051 1646 2099 id
1680 2049 1822 2111 ipsum
1847 2047 1923 2110 agi
1947 2044 2037 2092 sus-

280 2140 458 2202 picatus
481 2147 653 2199 partem
673 2129 895 2179 exercitus
914 2130 1049 2174 noftu
1071 2125 1188 2172 clam
1213 2121 1347 2174 misit,
1363 2119 1443 2180 qui
1464 2116 1689 2163 tumulum
1710 2111 1946 2159 editiorem
1967 2108 2041 2155 su-

282 2220 366 2266 pra
386 2195 539 2249 Brieni
560 2210 696 2260 caput
718 2205 1009 2255 occuparent.
1077 2191 1146 2236 Ex
1168 2204 1222 2233 eo
1240 2181 1426 2232 'tumulo
1445 2177 1654 2244 postridie
1672 2193 1777 2222 cum
1797 2173 2039 2221 incalesce·

281 2280 350 2314 ret
373 2280 545 2328 pugna,
571 2276 748 2323 magnae
770 2258 973 2304 saxorum
994 2254 1135 2301 moles
1156 2251 1383 2299 devolutae
1408 2246 1573 2292 multos
1598 2243 1642 2289 in
1667 2240 1817 2287 castris
1838 2238 2040 2287 obtrive-

282 2343 390 2378 runt
411 2347 420 2375 :
449 2325 635 2388 reliquis
659 2338 836 2371 tantum
858 2319 1113 2382 injecerunt
1129 2313 1298 2380 pavori.
1313 2347 1327 2368 ‚
1349 2326 1397 2358 ut
1413 2309 1572 2356 ordine
1594 2307 1723 2354 nuilo
1741 2304 1835 2366 quo
1853 2301 2044 2365 quisque

239 2452 244 2459 .
281 2407 480 2458 peterat,
503 2391 795 2452 diffugerent.
878 2382 1231 2433 Corneliushoc
1251 2388 1415 2425 eventu
1439 2389 1605 2437 pugna·
1627 2369 1784 2417 audito
1806 2366 1904 2412 suos
1926 2365 2046 2412 inte·

277 2475 392 2519 gros
414 2459 461 2504 in
485 2455 654 2503 tutiora
673 2454 774 2499 loca
794 2449 991 2497 reduxit.
1040 2446 1228 2494 Brienus
1247 2442 1293 2490 in
1317 2436 1466 2487 castris
1487 2435 1625 2500 periit.
1649 2453 1659 2480 ;
1695 2432 1857 2494 reliqui
1877 2428 2046 2490 juben-

285 2535 332 2570 te
354 2518 606 2584 GregoriO,
625 2518 778 2580 quoad
802 2512 898 2561 fieri
920 2510 1089 2575 potuit,
1113 2508 1366 2556 incolumes
1388 2499 1562 2549 servati.
1610 2500 1787 2560 Agrum
1812 2497 1902 2540 sine
1927 2507 2048 2539 noxa

279 2585 418 2635 =rniles
444 2581 660 2631 transivit.
746 2581 814 2627 Ea
833 2594 880 2624 re
897 2577 1108 2624 effeetum
1132 2573 1191 2619 est
1212 2583 1261 2620 ut
1282 2569 1427 2630 major
1446 2582 1545 2637 pars
1570 2562 1610 2610 se
1627 2560 1767 2634 Regis
1790 2554 2048 2605 clementias

282 2648 568 2714 permittere,
594 2660 732 2707 quam
751 2642 844 2690 vim
868 2638 1068 2703 experiri
1090 2637 1263 2684 mallet.
1332 2631 1524 2695 Oppida
1561 2625 1807 2675 munitiora
1827 2618 2047 2684 praesxdiis

285 2714 572 2762 tenebantur.
619 2706 872 2769 Gregorius
896 2703 1172 2764 Dundargo,
1197 2705 1234 2746 ἃ·
1255 2699 1403 2745 Ponto
1421 2692 1536 2742 locis
1557 2703 1736 2747 natura,
1755 2693 1794 2734 &
1817 2700 1953 2748 opere
1977 2695 2051 2730 tu·

288 2780 343 2825 tis
365 2776 414 2824 in
434 2777 552 2823 suam
572 2773 833 2837 potestatem
859 2767 1050 2814 redafitis
1072 2764 1331 2812 Dublinum
1349 2759 1513 2805 ducere
1533 2752 1701 2802 statuit.
1745 2751 1830 2814 Sed
1852 2765 1956 2795 cum
1981 2762 2053 2793 re-

287 2843 428 2890 scifiet
450 2837 719 2887 Cornelium
741 2832 955 2881 omnibus
976 2830 1291 2880 Hibernorum
1309 2822 1455 2886 copiis
1476 2817 1740 2883 praefeftum
1761 2829 1867 2861 cum
1888 2812 2053 2876 ingen-

290 2907 323 2953 ti
346 2902 550 2953 exerc-itu
571 2900 737 2949 eodem
758 2898 1001 2944 adventare
1022 2893 1070 2940 in
1088 2906 1192 2939 eum
1207 2886 1447 2937 conversus
1467 2882 1564 2930 acie
1581 2880 1694 2927 vicit
1716 2898 1728 2926 :
1762 2882 1802 2924 δι
1823 2875 2076 2939 fugientes!

290 2968 555 3032 Dubljnurn
567 2966 713 3027 usque
730 2962 904 3008 secutus
922 2956 1146 3022 oppidum
1161 2951 1352 3000 obsedit.
1375 2950 1550 2998 Verum
1568 2961 1674 2992 cum
1695 2955 1830 2990 tantae
1844 2937 2053 2987 multitu-

289 3033 405 3088 dini,
430 3044 602 3095 quanta
621 3023 881 3076 illucconfu
919 3035 1015 3070 erat
1033 3030 1314 3067 commeatus
1346 3030 1436 3061 non
1459 3011 1726 3064 sufficerent,
1747 3004 1874 3053 brevi
1895 3002 1942 3049 id
1966 3017 2051 3064 op·

289 3098 454 3161 pidum
485 3094 684 3144 dedente
700 3040 963 3138 Comacim
983 3083 1074 3132 loci
1095 3080 1337 3146 Episcopo,
1362 3079 1451 3124 fine
1479 3074 1742 3137 cujusquam
1760 3067 2056 3120 detrimento,
2099 3081 2103 3086 ·

292 3174 371 3207 aut
389 3153 791 3222 injuria·ingreffus
816 3152 1096 3201 Duncanurn
1114 3147 1291 3209 Regem
1315 3140 1629 3212 propinquum
1647 3135 1774 3184 suum
1794 3129 1945 3180 invisit
1966 3146 1978 3175 :
2002 3142 2057 3175 ac

294 3223 617 3272 testatusrmlla
632 3221 674 3268 se
691 3215 822 3281 regni
835 3216 909 3262 vel
918 3229 1062 3278 opum
1079 3209 1354 3274 cupiditate,
1367 3204 1442 3252 sed
1456 3201 1635 3264 injuriae
1651 3194 1937 3250 vindicandae
1950 3207 2059 3240 cau-

292 3288 337 3335 sa
355 3287 468 3333 illuc
484 3284 713 3332 acceffiss‘e.
760 3281 888 3328 Cura
908 3277 1039 3342 pueri
1057 3272 1286 3323 educandi
1306 3266 1553 3331 majoribus
1575 3276 1701 3318 natu,
1723 3276 1838 3324 quos
1859 3255 2061 3307 maxime

290 3351 409 3401 fidos
428 3349 474 3396 ei
496 3349 591 3403 fore
604 3345 823 3395 credebat
842 3341 1092 3394 commissa,
1122 3337 1215 3402 ipse
1236 3333 1400 3384 tutoris
1422 3328 1609 3378 nomine
1629 3327 1742 3375 dum
1756 3325 1864 3389 Rex
1883 3316 2059 3369 adoles·

294 3426 419 3463 neret
438 3412 672 3474 suscepto,⁴
695 3425 747 3457 ac
768 3405 987 3471 praefidiis
1020 3405 1069 3451 in
1091 3418 1214 3450 arces
1235 3390 1791 3462 impolitisjusjurandum
1813 3385 1841 3432 ἐι
1860 3379 2062 3458 proceri·

283 3478 382 3540 hus
401 3474 577 3584 exegit,
615 3474 846 3520 nerninem
869 3471 912 3517 se
935 3469 1161 3532 Anglum,
1197 3463 1472 3513 Brittonem,
1494 3468 1575 3503 aut
1590 3451 1784 3503 Danum'
1799 3449 1853 3496 iu'
1869 3445 2062 3495 insulam

297 3540 490 3602 fine-dip
510 3550 661 3584 ornate
682 3536 822 3599 ipfius
843 3533 1124 3583 admiss'uros.
1153 3525 1394 3577 Praefectos
1413 3519 1532 3571 locis
1550 3513 1808 3569 commodis
1826 3507 2061 3578 imposuit,

345 3638 526 3723 (¹)'JMS-
554 3665 815 3704 Exscenderet.
1969 3690 1975 3697 ,,
2060 3686 2071 3695 .

691 3747 697 3753 ,
1994 3703 2093 3759 qni:
