2106 3838
244 148 366 234 158
546 152 902 218 RERUM
1003 152 1690 226 ScoTrcARUM

232 267 298 298 ‘ne
317 250 421 297 freti
438 251 489 298 in
511 252 676 298 collem
699 251 943 296 subierunt.
1003 249 1129 297 Dani
1148 250 1206 298 ad
1225 266 1364 298 unum
1383 252 1498 300 caefi.
1564 251 1670 304 Illic
1686 258 1841 314 etiam,
1868 273 1917 311 ut
1937 264 1995 311 ad

238 314 505 362 Balbridum
528 328 664 360 vento
697 329 849 383 aren-as
871 311 1098 360 excitante
1126 316 1215 361 offa
1245 316 1514 381 plaerunque
1542 323 1770 370 nudantur
1802 329 1992 388 majora,

237 395 376 443 quam
400 395 483 443 pro
506 380 665 424 statura
685 377 924 422 hommum
945 376 1078 438 hujus
1097 378 1258 425 aetatis.

304 443 386 489 LI.
419 443 522 489 Nec
555 442 637 486 hac
672 439 927 486 calamitate
951 441 1100 487 Sueno
1120 441 1287 490 fractus
1310 445 1542 493 Canutum
1565 447 1710 495 filium
1733 465 1838 498 cum
1871 468 1992 501 novo

240 507 418 554 deletstu
440 507 487 552 in
512 503 709 551 Scotiam
733 502 890 551 mittit.
968 506 1193 553 Adversus
1215 507 1337 553 hunc
1359 511 1571 571 expositis
1593 511 1817 560 militibus
1834 515 1880 562 in
1906 519 1999 565 Bu..

241 571 404 618 chania
425 569 596 630 praedas
619 579 830 632 agentem
852 567 1185 617 Milcolumbus
1205 572 1410 618 nondum
1428 589 1484 620 ex
1504 574 1806 638 superioribus
1828 582 1999 642 praeliis

238 637 418 683 suorum
440 631 610 677 viribus
628 631 806 678 refectis
829 648 934 679 cum
956 634 1156 681 exercitu
1178 634 1303 681 venit
1327 654 1338 681 z
1373 653 1425 682 ac
1448 639 1654 685 nondum
1670 641 1781 687 aleae
1799 643 1995 692 fortunae

234 715 330 747 rem
351 695 636 743 committere
657 695 802 750 ausus,
835 698 1065 759 optimum
1088 699 1238 746 statuit
1268 699 1435 748 hostem
1460 701 1759 765 populatione
1776 709 1991 768 prohibe-

237 780 302 814 re,
326 777 377 806 ac
400 758 575 805 levibus
596 758 919 807 certaminibus
940 760 1148 825 fatigare,
1173 762 1350 826 sperans
1373 764 1470 812 fore
1493 781 1544 813 ut
1566 766 1692 813 brevi
1713 767 1761 815 in
1784 770 1933 819 alieno
1946 790 1996 819 a·

238 842 320 889 gro
343 823 548 870 cladibus
569 822 682 871 belli
702 825 887 879 vastatO,
909 840 962 871 ac
978 827 1073 886 jam
1095 843 1213 888 pene
1233 828 1407 875 deserto
1435 846 1586 877 rerum
1608 847 1816 880 nmmum
1838 834 1996 899 inopia

234 889 479 936 laboraret.
542 887 598 935 Id
619 888 858 935 confilium
883 904 987 935 cum
1011 906 1092 952 per
1110 890 1285 953 aliquot
1305 893 1403 939 dies
1431 893 1579 941 fuiffet
1604 894 1797 952 secutus,
1822 899 1994 957 evenit,

233 966 284 1000 ut
302 953 423 999 hoste
444 950 634 1015 cognito
653 951 778 999 Scoti
794 952 882 999 suis
903 953 1075 999 viribus
1092 953 1244 1002 miuus
1262 955 1538 1010 diffiderent,
1555 971 1692 1021 atque
1710 972 1901 1025 uterque
1918 981 1995 1011 ex-

231 1016 395 1064 ereitus
415 1026 557 1079 prope
580 1017 676 1078 pari
698 1015 855 1080 inopia
874 1027 1171 1079 premeretur.
1223 1019 1372 1082 Igitur
1394 1020 1807 1095 omnibusfignum
1824 1042 1992 1091 pugna:

235 1081 448 1128 ferociter
470 1080 798 1145 flagitantibuS,
839 1097 892 1128 ac
915 1081 960 1128 ni
982 1083 1180 1137 daretur,
1204 1099 1297 1146 prae
1328 1083 1369 1129 se
1391 1083 1639 1132 ferentibus
1668 1101 1996 1150 imperatorum

232 1146 397 1208 injussu
435 1155 734 1209 pugnaturos,
771 1145 1106 1193 Milcolumbus
1142 1147 1238 1194 suos
1267 1147 1314 1193 in
1336 1147 1481 1195 aciem
1510 1149 1677 1198 educit.
1748 1152 1996 1202 Commiss'a

231 1227 390 1275 pugna
417 1209 503 1266 ira,
543 1215 582 1257 δι
604 1208 915 1271 desperatione
951 1211 1112 1258 ultima
1139 1223 1231 1258 tam
1255 1213 1547 1275 pertinaciter
1565 1215 1625 1261 est
1650 1227 1890 1273 certatum,
1939 1233 1990 1267 ut

236 1287 397 1323 neutra
414 1291 516 1337 pars
539 1274 642 1321 laeta
662 1273 926 1322 discederet.
971 1277 1028 1322 Et
1049 1292 1310 1339 quanquam
1329 1275 1532 1323 viftoriae
1553 1295 1721 1326 nomen
1743 1283 1865 1342 apud
1884 1285 1993 1330 Sco-

232 1353 303 1388 tos
320 1340 442 1392 esset,
467 1351 617 1386 tamen
641 1355 808 1401 magna
824 1339 1076 1386 nobilitatis
1098 1353 1224 1402 parte
1241 1340 1368 1394 caesa,
1387 1341 1541 1388 caeteri
1557 1341 1622 1388 ita
1638 1343 1870 1393 laboribus
1889 1347 1995 1394 sati-

232 1404 347 1466 gati,
369 1409 408 1450 Sc
427 1403 589 1450 animis
612 1402 741 1450 fraffi
758 1403 808 1450 in
831 1405 968 1451 castra
988 1403 1236 1458 redierunt,
1264 1417 1312 1451 ut
1333 1404 1479 1452 Danis
1500 1405 1692 1454 liberam
1711 1407 1753 1455 se
1768 1409 1996 1474 recipien-

233 1468 282 1514 di
305 1468 569 1530 potestatem
593 1467 776 1527 nemine
793 1467 1087 1532 persequente
1108 1468 1423 1532 permitterent
1455 1487 1466 1514 ε
1516 1470 1729 1532 postridie
1750 1489 1856 1520 cum
1880 1475 1994 1522 utri-

266 1549 323 1578 ue
344 1531 443 1578 suos
468 1532 761 1588 recenserent,
794 1546 964 1580 tantam
998 1534 1139 1580 cladis
1178 1532 1543 1597 magnitudinem
1566 1550 1902 1597 compererunt,
1944 1551 1995 1586 ut

190 1619 193 1622 ¹
229 1549 478 1643 pacerdotes
500 1596 625 1658 pacis
654 1596 773 1643 inter
809 1610 922 1644 retes
952 1597 1131 1660 utrique
1153 1596 1349 1643 libenter
1369 1596 1593 1645 audirent.
1661 1601 1726 1646 Ea
1748 1600 1796 1648 in
1819 1603 1896 1648 has
1921 1604 1988 1649 le-

227 1677 309 1724 ges
331 1659 449 1706 faRa
467 1661 544 1713 est,
562 1672 610 1706 ut
629 1659 752 1707 Dani
770 1614 997 1714 K‘loravia,
1019 1662 1339 1724 Buchaniaque
1358 1660 1524 1708 reliftis
1541 1662 1821 1712 discederent
1843 1683 1854 1711 z
1879 1683 1994 1715 neu·

228 1738 298 1771 ter
320 1724 516 1787 populus
538 1723 866 1779 Milcolumbo,
900 1730 940 1771 δι
965 1727 1174 1772 Suenone
1195 1724 1454 1772 viventibus
1477 1727 1668 1774 alterum
1704 1728 1825 1776 bello
1851 1730 1990 1778 laces—

228 1787 342 1837 seret
363 1806 374 1834 :
410 1802 490 1835 aut
507 1787 689 1835 alterius
708 1789 908 1836 hostibus
927 1789 1136 1836 adversus
1155 1790 1345 1836 alterum
1364 1788 1588 1837 auxilium
1611 1789 1748 1840 ferret
1771 1810 1783 1840 :
1815 1810 1924 1858 ager
1944 1796 1993 1842 in

229 1870 326 1917 quo
347 1865 602 1915 pugnatum
621 1853 698 1906 est,
719 1852 766 1899 in
788 1852 1061 1916 sepulturam
1083 1855 1364 1902 mortuorum
1382 1854 1725 1903 consecraretur.
1783 1857 1927 1905 Danis
1949 1859 1993 1905 se

226 1915 550 1980 recipientibus
580 1916 913 1964 Milcolumbus
936 1918 981 1964 in
1005 1918 1164 1981 praelio
1185 1918 1318 1964 czesos
1339 1917 1516 1965 curavit
1534 1918 1829 1981 sepeliendos.
1889 1924 1990 1969 Post

227 1981 329 2028 haec
361 1979 536 2027 indieko
556 1981 615 2027 ad
639 1983 833 2028 Sconam
856 1995 1102 2036 conventu,
1137 1995 1186 2028 ut
1221 1982 1334 2029 bene
1357 1982 1528 2029 meritis
1549 1984 1608 2030 de
1628 1984 1774 2046 patria
1795 1987 1991 2057 gratiam
2038 1988 2043 1993 ’

225 2044 431 2100 referret,
450 2061 608 2091 omnes
630 2061 762 2109 agros
786 2046 957 2109 Regios
979 2046 1045 2092 cis
1065 2047 1229 2093 divisit.
1296 2045 1532 2093 Nobilitas
1553 2047 1713 2094 contra
1734 2049 1856 2113 Regi
1879 2066 1991 2097 con-

226 2109 365 2163 cessit,
390 2123 439 2155 ut
460 2110 564 2155 cum
586 2125 745 2156 eorum
767 2109 932 2173 aliquis
954 2124 1220 2165 moreretur,
1251 2109 1384 2157 liberi
1410 2111 1468 2156 ad
1501 2109 1764 2160 vicesimum
1787 2113 1988 2175 primum

224 2173 373 2220 aetatis
394 2190 563 2219 annum
586 2174 631 2219 in
673 2174 743 2234 (ι)
785 2175 928 2221 tutela
954 2174 1103 2238 Regia
1122 2174 1259 2221 effent
1283 2192 1294 2219 :
1327 2175 1522 2236 Rexque
1544 2189 1790 2237 proventus
1811 2193 1987 2235 omnes,

221 2250 530 2301 -praeterquam
551 2237 679 2300 quod
699 2239 746 2284 in
767 2238 1084 2286 educationem
1103 2238 1351 2285 liberorum
1370 2237 1726 2301 impenderetur,
1746 2242 1990 2305 acciperet.

226 2302 449 2348 Praeterea
467 2315 514 2348 ut
533 2302 757 2365 puberum
772 2303 1143 2349 collocandorum
1158 2304 1350 2363 potestas
1368 2318 1505 2365 penes
1519 2318 1624 2350 eum
1640 2304 1763 2360 effer,
1783 2306 1840 2352 ad
1858 2322 1987 2354 eum-

219 2382 316 2428 que
334 2366 415 2412 dos
436 2365 620 2413 rediret.
665 2367 809 2414 Hunc
828 2382 1001 2414 morem
1024 2367 1082 2413 ab
1105 2367 1290 2429 Anglis,
1311 2369 1360 2416 δι
1384 2366 1530 2413 Danis
1560 2367 1711 2430 potius
1733 2383 1988 2433 accaeptum

225 2430 364 2476 credo
396 2448 407 2475 ε
435 2430 564 2491 quod
583 2429 629 2477 in
649 2444 747 2478 tota
769 2431 958 2495 Anglia,
981 2434 1029 2480 &
1049 2444 1174 2493 parte
1194 2429 1461 2477 Normaniae
1478 2431 1627 2478 adhuc
1646 2432 1911 2495 perseveret.

289 2494 395 2541 LII.
428 2493 610 2542 Deinde
632 2497 734 2542 Rex
751 2496 898 2542 versus
919 2495 978 2543 ad
998 2494 1271 2542 detrimenta
1292 2493 1404 2541 belli
1430 2496 1696 2557 reparanda,
1718 2497 1864 2544 multa
1884 2499 1987 2547 lcca

223 2558 349 2605 sacra
369 2556 427 2603 ab
445 2557 643 2606 hostibus
664 2558 816 2607 eversa
833 2560 1026 2607 restituit
1046 2558 1061 2605 'z
1106 2558 1317 2622 arcesque
1337 2575 1418 2621 per
1439 2559 1596 2606 omnia
1615 2560 1796 2623 oppida
1807 2574 1885 2608 aut
1920 2563 1987 2610 la·

218 2620 469 2677 ¹befat‘latas
501 2622 778 2678 instauravit,
799 2637 878 2670 aut
899 2640 1039 2671 novas
1059 2622 1282 2670 condidit.
1350 2622 1478 2669 Tum
1500 2639 1693 2686 regnum
1713 2641 1738 2672 a
1754 2623 1795 2671 se
1817 2627 1986 2689 magna

226 2685 396 2732 virtute
418 2675 706 2749 pacificatum
726 2687 928 2751 legibus,
949 2687 1220 2735 &institutis
1241 2702 1400 2733 ornare
1418 2688 1643 2750 aggressus
1664 2691 1735 2749 (2)
1755 2705 1876 2737 nova
1891 2706 1987 2737 ma·

224 2749 492 2814 gistratuum
511 2751 700 2798 nomina
719 2751 856 2798 credo
877 2768 903 2798 a
919 2751 1082 2798 vicinis
1103 2763 1303 2812 accaepta
1318 2750 1464 2813 magis
1486 2751 1544 2796 ad
1575 2767 1737 2798 vanam
1771 2753 1987 2801 ambitio-

224 2829 350 2869 nem,
370 2830 510 2877 quam
532 2815 590 2862 ad
612 2815 758 2862 ullum
777 2814 903 2862 usum
923 2815 1131 2862 instituit.
1164 2815 1289 2861 Nam
1306 2812 1609 2875 superioribus
1632 2814 1804 2863 saeculis
1824 2831 1987 2879 praeter

223 2878 436 2933 Thanos,
453 2878 542 2925 hoc
551 2880 612 2926 est
625 2878 860 2942 praefeftos
874 2878 1133 2943 regionum,
1149 2878 1238 2924 sive
1255 2878 1326 2940 (3)
1343 2877 1628 2931 nomarchas,
1649 2883 1687 2924 &
1706 2880 1776 2942 (4)
1794 2882 1985 2942 quaesto-

221 2958 322 2990 rem
349 2957 501 2989 rerum
530 2941 796 3006 capitalium
818 2943 997 2990 nullum
1036 2941 1222 2989 honoris
1245 2956 1413 2988 nomen
1437 2940 1630 3004 equestri
1658 2944 1818 2990 ordine
1851 2945 1986 2993 altius
2058 2963 2060 2967 ³

222 3005 402 3054 fuerat:
433 3006 561 3069 quod
577 3006 701 3070 apud
720 3007 880 3055 Dauos
900 3005 1124 3053 observari
1144 3004 1294 3051 adhuc
1315 3002 1470 3052 audio.
1523 3006 1666 3052 Nunc
1680 3007 1791 3055 verb
1808 3023 1893 3055 uec
1915 3010 1986 3057 ul-

220 3069 292 3116 lus
314 3069 362 3116 in
383 3069 514 3118 novis
534 3071 760 3119 honorum
783 3069 1046 3118 nominibus
1063 3070 1126 3117 est
1143 3068 1304 3116 modus
1325 3086 1336 3136 ς
1369 3084 1517 3132 neque
1534 3081 1701 3132 praeter
1719 3069 1902 3120 inanem
1924 3073 1984 3119 ti-

221 3134 371 3180 tulum
393 3134 511 3181 ullus
533 3134 774 3185 nominum
800 3134 917 3182 usus.
960 3134 1033 3181 Ac
1049 3132 1384 3181 Milcolumbus
1403 3131 1592 3195 quidem
1614 3133 1746 3181 bellis
1767 3135 1982 3197 perfunc-

221 3207 294 3242 tus
312 3196 490 3259 aliquot
508 3215 653 3247 annos
681 3214 849 3263 magna
868 3213 973 3245 cum
994 3196 1143 3263 gloria
1161 3195 1370 3260 regnavit
1392 3214 1403 3243 ε
1439 3195 1516 3244 sed
1544 3195 1593 3245 in
1618 3196 1762 3245 aetatis
1791 3198 1985 3247 decursu

220 3258 325 3306 vitae
348 3259 586 3324 superioris
608 3261 894 3327 splendorem
915 3261 1107 3311 avaritia
1122 3260 1328 3308 foedavit.
1360 3259 1417 3308 Id
1440 3258 1483 3307 ei
1503 3258 1667 3308 vitium
1685 3261 1852 3324 partim
1874 3277 1983 3311 cum
2057 3250 2070 3283 ἶ

268 3386 337 3439 (ι)
365 3389 518 3434 Tutela,
536 3398 659 3440 tutory
678 3405 689 3429 ι
719 3392 755 3429 Ῐι
784 3390 825 3428 is>
841 3399 908 3442 put
927 3391 984 3428 sor
1004 3388 1070 3427 the
1123 3388 1244 3438 clerk,
1263 3389 1459 3435 constable,
1487 3388 1686 3428 mareschal
1707 3404 1720 3439 3
1758 3388 1833 3431 also
1849 3388 1915 3429 the
1929 3389 1981 3428 ti·

215 3442 315 3477 ward
334 3440 380 3478 of
395 3441 480 3478 such
501 3443 653 3490 minoi-5,
678 3456 718 3481 as
734 3443 825 3482 hold
848 3443 950 3482 their
966 3444 1070 3482 landa
1122 3443 1193 3481 tles
1211 3442 1256 3480 of
1276 3443 1365 3488 earl,
1386 3442 1514 3487 baron,
1532 3441 1686 3492 knight,
1704 3446 1775 3481 &c-

211 3493 252 3530 in
263 3495 384 3531 ward.
698 3514 699 3517 =
1200 3495 1243 3546 3)
1261 3492 1429 3532 Sheriffi.

265 3544 330 3594 (ι)
359 3548 413 3583 As
430 3546 655 3593 chamellor,
695 3549 896 3594 thesaur-er,
915 3548 1068 3586 secreta·
1174 3495 1242 3600 ξς.)
1277 3546 1349 3597 My
1365 3532 1596 3598 1οτά3“υιὶὶεε.

210 3611 266 3647 ry,
301 3597 571 3646 chamberlain,
602 3600 889 3650 clerk-register‚
917 3601 1067 3652 justice·

1829 3650 2041 3708 feniQ‘

2088 1212 2106 1803 ἰ
