<?xml version="1.0" encoding="UTF-8"?>
<!DOCTYPE html PUBLIC "-//W3C//DTD XHTML 1.0 Transitional//EN"
    "http://www.w3.org/TR/xhtml1/DTD/xhtml1-transitional.dtd">
<html xmlns="http://www.w3.org/1999/xhtml" xml:lang="en" lang="en">
 <head>
  <title>
</title>
<meta http-equiv="Content-Type" content="text/html;charset=utf-8" />
  <meta name='ocr-system' content='tesseract 3.04.00' />
  <meta name='ocr-capabilities' content='ocr_page ocr_carea ocr_par ocr_line ocrx_word'/>
</head>
<body>
  <div class='ocr_page' id='page_1' title='image "./rerumscoticarumh00buch_0301.png"; bbox 0 0 2053 3822; ppageno 0'>
   <div class='ocr_carea' id='block_1_1' title="bbox 531 142 1881 235">
    <p class='ocr_par' dir='ltr' id='par_1_1' title="bbox 531 142 1881 235">
     <span class='ocr_line' id='line_1_1' title="bbox 531 142 1881 235; baseline -0.001 -18"><span class='ocrx_word' id='word_1_1' title='bbox 531 147 865 217; x_wconf 69' lang='lat' dir='ltr'>L1BER</span> <span class='ocrx_word' id='word_1_2' title='bbox 972 149 1480 216; x_wconf 68' lang='lat' dir='ltr'>Daumius.</span> <span class='ocrx_word' id='word_1_3' title='bbox 1748 142 1881 235; x_wconf 76' lang='lat'>285</span> 
     </span>
    </p>
   </div>
   <div class='ocr_carea' id='block_1_2' title="bbox 64 244 1964 2382">
    <p class='ocr_par' dir='ltr' id='par_1_2' title="bbox 109 244 1888 508">
     <span class='ocr_line' id='line_1_2' title="bbox 110 244 1884 312; baseline -0.005 -5"><span class='ocrx_word' id='word_1_4' title='bbox 110 244 260 309; x_wconf 83' lang='lat' dir='ltr'>ratum</span> <span class='ocrx_word' id='word_1_5' title='bbox 298 254 393 302; x_wconf 87' lang='lat' dir='ltr'>ulla</span> <span class='ocrx_word' id='word_1_6' title='bbox 423 250 471 299; x_wconf 86' lang='lat' dir='ltr'>in</span> <span class='ocrx_word' id='word_1_7' title='bbox 508 247 619 296; x_wconf 82' lang='lat' dir='ltr'>vitae</span> <span class='ocrx_word' id='word_1_8' title='bbox 654 260 780 311; x_wconf 85' lang='lat' dir='ltr'>parte</span> <span class='ocrx_word' id='word_1_9' title='bbox 813 247 934 311; x_wconf 88' lang='lat' dir='ltr'>apud</span> <span class='ocrx_word' id='word_1_10' title='bbox 973 263 1237 312; x_wconf 87' lang='lat' dir='ltr'>quenquam</span> <span class='ocrx_word' id='word_1_11' title='bbox 1274 246 1634 312; x_wconf 84' lang='lat' dir='ltr'>conspicabatur,</span> <span class='ocrx_word' id='word_1_12' title='bbox 1667 250 1817 306; x_wconf 84' lang='lat' dir='ltr'>vultu,</span> <span class='ocrx_word' id='word_1_13' title='bbox 1842 258 1884 298; x_wconf 75' lang='grc' dir='ltr'>δε</span> 
     </span>
     <span class='ocr_line' id='line_1_3' title="bbox 109 312 1887 387; baseline -0.004 -17"><span class='ocrx_word' id='word_1_14' title='bbox 109 325 382 387; x_wconf 83' lang='lat' dir='ltr'>plaerunque</span> <span class='ocrx_word' id='word_1_15' title='bbox 404 314 553 364; x_wconf 86' lang='lat' dir='ltr'>verbis</span> <span class='ocrx_word' id='word_1_16' title='bbox 582 312 632 359; x_wconf 91' lang='lat' dir='ltr'>id</span> <span class='ocrx_word' id='word_1_17' title='bbox 653 312 737 360; x_wconf 86' lang='lat' dir='ltr'>fibi</span> <span class='ocrx_word' id='word_1_18' title='bbox 754 314 984 376; x_wconf 88' lang='lat' dir='ltr'>ingratum</span> <span class='ocrx_word' id='word_1_19' title='bbox 1007 314 1092 360; x_wconf 85' lang='lat' dir='ltr'>effe</span> <span class='ocrx_word' id='word_1_20' title='bbox 1114 312 1391 360; x_wconf 87' lang='lat' dir='ltr'>ostendebat.</span> <span class='ocrx_word' id='word_1_21' title='bbox 1459 313 1531 361; x_wconf 82' lang='lat' dir='ltr'>Ita</span> <span class='ocrx_word' id='word_1_22' title='bbox 1563 313 1794 373; x_wconf 84' lang='lat' dir='ltr'>cohibitus</span> <span class='ocrx_word' id='word_1_23' title='bbox 1825 318 1887 362; x_wconf 83' lang='lat' dir='ltr'>est</span> 
     </span>
     <span class='ocr_line' id='line_1_4' title="bbox 109 376 1888 450; baseline -0.004 -16"><span class='ocrx_word' id='word_1_24' title='bbox 109 388 204 436; x_wconf 72' lang='lat' dir='ltr'>late</span> <span class='ocrx_word' id='word_1_25' title='bbox 224 382 454 450; x_wconf 78' lang='lat' dir='ltr'>grassantis</span> <span class='ocrx_word' id='word_1_26' title='bbox 475 376 668 427; x_wconf 78' lang='lat' dir='ltr'>luxuriae</span> <span class='ocrx_word' id='word_1_27' title='bbox 686 377 855 432; x_wconf 82' lang='lat' dir='ltr'>cursuS,</span> <span class='ocrx_word' id='word_1_28' title='bbox 873 377 1018 442; x_wconf 82' lang='lat' dir='ltr'>magis</span> <span class='ocrx_word' id='word_1_29' title='bbox 1040 377 1181 442; x_wconf 61' lang='lat' dir='ltr'>quam</span> <span class='ocrx_word' id='word_1_30' title='bbox 1199 393 1321 426; x_wconf 82' lang='lat' dir='ltr'>nova</span> <span class='ocrx_word' id='word_1_31' title='bbox 1336 377 1692 441; x_wconf 79' lang='lat' dir='ltr'>intemperantia</span> <span class='ocrx_word' id='word_1_32' title='bbox 1711 379 1888 440; x_wconf 79' lang='lat' dir='ltr'>extinc-</span> 
     </span>
     <span class='ocr_line' id='line_1_5' title="bbox 114 442 922 508; baseline -0.012 -11"><span class='ocrx_word' id='word_1_33' title='bbox 114 464 180 508; x_wconf 80' lang='lat' dir='ltr'>ta,</span> <span class='ocrx_word' id='word_1_34' title='bbox 216 457 255 497; x_wconf 89' lang='lat'>&amp;</span> <span class='ocrx_word' id='word_1_35' title='bbox 278 460 404 496; x_wconf 87' lang='lat' dir='ltr'>vetus</span> <span class='ocrx_word' id='word_1_36' title='bbox 425 442 701 508; x_wconf 79' lang='lat' dir='ltr'>parsimonia</span> <span class='ocrx_word' id='word_1_37' title='bbox 721 442 922 488; x_wconf 70' lang='lat' dir='ltr'>reduEta.</span> 
     </span>
    </p>

    <p class='ocr_par' dir='ltr' id='par_1_3' title="bbox 113 504 1910 1417">
     <span class='ocr_line' id='line_1_6' title="bbox 181 504 1894 569; baseline -0.005 -6"><span class='ocrx_word' id='word_1_38' title='bbox 181 514 358 563; x_wconf 90' lang='lat' dir='ltr'><strong>XLIII.</strong></span> <span class='ocrx_word' id='word_1_39' title='bbox 393 510 606 557; x_wconf 85' lang='lat' dir='ltr'>Alterum</span> <span class='ocrx_word' id='word_1_40' title='bbox 628 506 802 553; x_wconf 85' lang='lat' dir='ltr'>crimen</span> <span class='ocrx_word' id='word_1_41' title='bbox 824 504 1030 569; x_wconf 86' lang='lat' dir='ltr'>primum</span> <span class='ocrx_word' id='word_1_42' title='bbox 1065 506 1363 557; x_wconf 83' lang='lat' dir='ltr'>inimicorum</span> <span class='ocrx_word' id='word_1_43' title='bbox 1387 504 1668 554; x_wconf 81' lang='lat' dir='ltr'>sermonibus</span> <span class='ocrx_word' id='word_1_44' title='bbox 1691 508 1750 553; x_wconf 85' lang='lat' dir='ltr'>est</span> <span class='ocrx_word' id='word_1_45' title='bbox 1773 509 1894 555; x_wconf 86' lang='lat' dir='ltr'>cele-</span> 
     </span>
     <span class='ocr_line' id='line_1_7' title="bbox 113 569 1895 636; baseline -0.005 -7"><span class='ocrx_word' id='word_1_46' title='bbox 113 581 297 630; x_wconf 79' lang='lat' dir='ltr'>bratum</span> <span class='ocrx_word' id='word_1_47' title='bbox 322 595 334 623; x_wconf 75' lang='grc' dir='ltr'>ε</span> <span class='ocrx_word' id='word_1_48' title='bbox 368 573 536 622; x_wconf 87' lang='lat' dir='ltr'>deinde</span> <span class='ocrx_word' id='word_1_49' title='bbox 557 573 607 618; x_wconf 90' lang='lat' dir='ltr'>in</span> <span class='ocrx_word' id='word_1_50' title='bbox 630 569 883 634; x_wconf 87' lang='lat' dir='ltr'>perniciem</span> <span class='ocrx_word' id='word_1_51' title='bbox 913 571 1150 633; x_wconf 84' lang='lat' dir='ltr'>publicam</span> <span class='ocrx_word' id='word_1_52' title='bbox 1172 572 1340 636; x_wconf 88' lang='lat' dir='ltr'>erupit.</span> <span class='ocrx_word' id='word_1_53' title='bbox 1410 570 1554 636; x_wconf 89' lang='lat' dir='ltr'>Regis</span> <span class='ocrx_word' id='word_1_54' title='bbox 1575 584 1761 634; x_wconf 80' lang='lat' dir='ltr'>patruus</span> <span class='ocrx_word' id='word_1_55' title='bbox 1798 573 1895 620; x_wconf 91' lang='lat' dir='ltr'>Ro-</span> 
     </span>
     <span class='ocr_line' id='line_1_8' title="bbox 116 634 1897 703; baseline -0.004 -12"><span class='ocrx_word' id='word_1_56' title='bbox 116 646 288 697; x_wconf 71' lang='lat' dir='ltr'>bertus‚</span> <span class='ocrx_word' id='word_1_57' title='bbox 303 643 355 692; x_wconf 66' lang='grc' dir='ltr'>ὃς</span> <span class='ocrx_word' id='word_1_58' title='bbox 372 636 590 703; x_wconf 83' lang='lat' dir='ltr'>patruelis</span> <span class='ocrx_word' id='word_1_59' title='bbox 611 634 880 690; x_wconf 86' lang='lat' dir='ltr'>Mordacus‚</span> <span class='ocrx_word' id='word_1_60' title='bbox 900 652 1040 697; x_wconf 87' lang='lat' dir='ltr'>penes</span> <span class='ocrx_word' id='word_1_61' title='bbox 1065 652 1179 699; x_wconf 89' lang='lat' dir='ltr'>quos</span> <span class='ocrx_word' id='word_1_62' title='bbox 1205 637 1409 700; x_wconf 81' lang='lat' dir='ltr'>regimen</span> <span class='ocrx_word' id='word_1_63' title='bbox 1431 638 1601 685; x_wconf 85' lang='lat' dir='ltr'>civium</span> <span class='ocrx_word' id='word_1_64' title='bbox 1624 639 1794 684; x_wconf 87' lang='lat' dir='ltr'>multos</span> <span class='ocrx_word' id='word_1_65' title='bbox 1816 654 1897 684; x_wconf 90' lang='lat' dir='ltr'>an-</span> 
     </span>
     <span class='ocr_line' id='line_1_9' title="bbox 113 701 1900 765; baseline -0.003 -9"><span class='ocrx_word' id='word_1_66' title='bbox 113 724 199 756; x_wconf 84' lang='lat' dir='ltr'>nos</span> <span class='ocrx_word' id='word_1_67' title='bbox 223 707 386 761; x_wconf 88' lang='lat' dir='ltr'>fuerat,</span> <span class='ocrx_word' id='word_1_68' title='bbox 408 720 512 750; x_wconf 87' lang='lat' dir='ltr'>cum</span> <span class='ocrx_word' id='word_1_69' title='bbox 535 701 620 765; x_wconf 85' lang='lat' dir='ltr'>ipfi</span> <span class='ocrx_word' id='word_1_70' title='bbox 640 716 835 765; x_wconf 88' lang='lat' dir='ltr'>regnum</span> <span class='ocrx_word' id='word_1_71' title='bbox 860 712 1145 764; x_wconf 85' lang='lat' dir='ltr'>appeterent,</span> <span class='ocrx_word' id='word_1_72' title='bbox 1167 717 1250 748; x_wconf 90' lang='lat' dir='ltr'>nec</span> <span class='ocrx_word' id='word_1_73' title='bbox 1272 702 1491 753; x_wconf 84' lang='lat' dir='ltr'>Iacobum</span> <span class='ocrx_word' id='word_1_74' title='bbox 1511 703 1535 749; x_wconf 79' lang='grc' dir='ltr'>ὲ</span> <span class='ocrx_word' id='word_1_75' title='bbox 1554 701 1710 749; x_wconf 88' lang='lat' dir='ltr'>medio</span> <span class='ocrx_word' id='word_1_76' title='bbox 1738 703 1900 750; x_wconf 86' lang='lat' dir='ltr'>tollere</span> 
     </span>
     <span class='ocr_line' id='line_1_10' title="bbox 114 764 1899 836; baseline -0.004 -16"><span class='ocrx_word' id='word_1_77' title='bbox 114 773 307 836; x_wconf 73' lang='lat' dir='ltr'>possent,</span> <span class='ocrx_word' id='word_1_78' title='bbox 324 769 451 833; x_wconf 90' lang='lat' dir='ltr'>quod</span> <span class='ocrx_word' id='word_1_79' title='bbox 469 767 735 832; x_wconf 84' lang='lat' dir='ltr'>proximum</span> <span class='ocrx_word' id='word_1_80' title='bbox 758 776 872 822; x_wconf 86' lang='lat' dir='ltr'>erat,</span> <span class='ocrx_word' id='word_1_81' title='bbox 887 764 1133 813; x_wconf 87' lang='lat' dir='ltr'>hominum</span> <span class='ocrx_word' id='word_1_82' title='bbox 1156 767 1332 813; x_wconf 87' lang='lat' dir='ltr'>animos</span> <span class='ocrx_word' id='word_1_83' title='bbox 1354 765 1419 813; x_wconf 89' lang='lat' dir='ltr'>ita</span> <span class='ocrx_word' id='word_1_84' title='bbox 1440 766 1523 814; x_wconf 82' lang='lat' dir='ltr'>fibi</span> <span class='ocrx_word' id='word_1_85' title='bbox 1546 766 1790 813; x_wconf 80' lang='lat' dir='ltr'>conciliare</span> <span class='ocrx_word' id='word_1_86' title='bbox 1811 768 1899 814; x_wconf 89' lang='lat' dir='ltr'>stu·</span> 
     </span>
     <span class='ocr_line' id='line_1_11' title="bbox 116 829 1902 896; baseline -0.003 -11"><span class='ocrx_word' id='word_1_87' title='bbox 116 836 308 892; x_wconf 87' lang='lat' dir='ltr'>debant,</span> <span class='ocrx_word' id='word_1_88' title='bbox 334 845 386 881; x_wconf 90' lang='lat' dir='ltr'>ut</span> <span class='ocrx_word' id='word_1_89' title='bbox 405 832 550 896; x_wconf 89' lang='lat' dir='ltr'>Regis</span> <span class='ocrx_word' id='word_1_90' title='bbox 585 830 860 878; x_wconf 74' lang='lat' dir='ltr'>desiderium</span> <span class='ocrx_word' id='word_1_91' title='bbox 883 847 975 877; x_wconf 91' lang='lat' dir='ltr'>non</span> <span class='ocrx_word' id='word_1_92' title='bbox 1015 831 1131 880; x_wconf 86' lang='lat' dir='ltr'>adeo</span> <span class='ocrx_word' id='word_1_93' title='bbox 1152 847 1376 892; x_wconf 72' lang='lat' dir='ltr'>magnum</span> <span class='ocrx_word' id='word_1_94' title='bbox 1400 829 1739 893; x_wconf 88' lang='lat' dir='ltr'>potentioribus</span> <span class='ocrx_word' id='word_1_95' title='bbox 1763 832 1902 880; x_wconf 87' lang='lat' dir='ltr'>relin-</span> 
     </span>
     <span class='ocr_line' id='line_1_12' title="bbox 115 894 1904 965; baseline -0.001 -18"><span class='ocrx_word' id='word_1_96' title='bbox 115 912 349 965; x_wconf 85' lang='lat' dir='ltr'>querent:</span> <span class='ocrx_word' id='word_1_97' title='bbox 387 897 608 962; x_wconf 66' lang='lat' dir='ltr'>tantaque</span> <span class='ocrx_word' id='word_1_98' title='bbox 644 894 959 942; x_wconf 82' lang='lat' dir='ltr'>moderatione</span> <span class='ocrx_word' id='word_1_99' title='bbox 987 895 1081 944; x_wconf 88' lang='lat' dir='ltr'>fere</span> <span class='ocrx_word' id='word_1_100' title='bbox 1103 894 1317 944; x_wconf 88' lang='lat' dir='ltr'>omnibus</span> <span class='ocrx_word' id='word_1_101' title='bbox 1349 897 1396 942; x_wconf 88' lang='lat' dir='ltr'>in</span> <span class='ocrx_word' id='word_1_102' title='bbox 1420 897 1554 942; x_wconf 88' lang='lat' dir='ltr'>rebus</span> <span class='ocrx_word' id='word_1_103' title='bbox 1590 895 1652 942; x_wconf 87' lang='lat' dir='ltr'>ufi</span> <span class='ocrx_word' id='word_1_104' title='bbox 1673 909 1819 950; x_wconf 87' lang='lat' dir='ltr'>erant,</span> <span class='ocrx_word' id='word_1_105' title='bbox 1852 909 1904 945; x_wconf 91' lang='lat' dir='ltr'>ut</span> 
     </span>
     <span class='ocr_line' id='line_1_13' title="bbox 116 959 1906 1027; baseline -0.002 -14"><span class='ocrx_word' id='word_1_106' title='bbox 116 982 277 1014; x_wconf 87' lang='lat' dir='ltr'>eorum</span> <span class='ocrx_word' id='word_1_107' title='bbox 298 961 547 1027; x_wconf 88' lang='lat' dir='ltr'>imperium</span> <span class='ocrx_word' id='word_1_108' title='bbox 569 960 822 1011; x_wconf 85' lang='lat' dir='ltr'>admodum</span> <span class='ocrx_word' id='word_1_109' title='bbox 845 961 1084 1007; x_wconf 82' lang='lat' dir='ltr'>tolerabile</span> <span class='ocrx_word' id='word_1_110' title='bbox 1118 959 1293 1015; x_wconf 70' lang='lat' dir='ltr'>multis»,</span> <span class='ocrx_word' id='word_1_111' title='bbox 1320 978 1372 1008; x_wconf 85' lang='lat' dir='ltr'>ac</span> <span class='ocrx_word' id='word_1_112' title='bbox 1397 977 1541 1023; x_wconf 86' lang='lat' dir='ltr'>prope</span> <span class='ocrx_word' id='word_1_113' title='bbox 1559 961 1814 1022; x_wconf 86' lang='lat' dir='ltr'>optandum</span> <span class='ocrx_word' id='word_1_114' title='bbox 1833 961 1906 1011; x_wconf 87' lang='lat' dir='ltr'>vi-</span> 
     </span>
     <span class='ocr_line' id='line_1_14' title="bbox 119 1023 1904 1089; baseline -0.002 -12"><span class='ocrx_word' id='word_1_115' title='bbox 119 1032 321 1086; x_wconf 85' lang='lat' dir='ltr'>deretur,</span> <span class='ocrx_word' id='word_1_116' title='bbox 342 1028 373 1075; x_wconf 85' lang='lat' dir='ltr'><strong>fi</strong></span> <span class='ocrx_word' id='word_1_117' title='bbox 387 1028 601 1076; x_wconf 87' lang='lat' dir='ltr'>Valterus</span> <span class='ocrx_word' id='word_1_118' title='bbox 624 1023 841 1078; x_wconf 84' lang='lat' dir='ltr'>Mordaci</span> <span class='ocrx_word' id='word_1_119' title='bbox 862 1024 980 1072; x_wconf 85' lang='lat' dir='ltr'>filius</span> <span class='ocrx_word' id='word_1_120' title='bbox 1004 1023 1303 1089; x_wconf 86' lang='lat' dir='ltr'>populariter,-</span> <span class='ocrx_word' id='word_1_121' title='bbox 1323 1032 1363 1073; x_wconf 76' lang='grc' dir='ltr'>δι</span> <span class='ocrx_word' id='word_1_122' title='bbox 1383 1025 1618 1073; x_wconf 77' lang='lat' dir='ltr'>moderate</span> <span class='ocrx_word' id='word_1_123' title='bbox 1642 1025 1683 1070; x_wconf 88' lang='lat' dir='ltr'>se</span> <span class='ocrx_word' id='word_1_124' title='bbox 1700 1026 1904 1088; x_wconf 82' lang='lat' dir='ltr'>gessiffet.</span> 
     </span>
     <span class='ocr_line' id='line_1_15' title="bbox 122 1089 1908 1153; baseline -0.001 -11"><span class='ocrx_word' id='word_1_125' title='bbox 122 1096 408 1143; x_wconf 78' lang='lat' dir='ltr'>Potentiores</span> <span class='ocrx_word' id='word_1_126' title='bbox 426 1091 551 1140; x_wconf 90' lang='lat' dir='ltr'>enim</span> <span class='ocrx_word' id='word_1_127' title='bbox 568 1091 635 1140; x_wconf 89' lang='lat' dir='ltr'>ita</span> <span class='ocrx_word' id='word_1_128' title='bbox 654 1089 982 1138; x_wconf 86' lang='lat' dir='ltr'>munificentiae</span> <span class='ocrx_word' id='word_1_129' title='bbox 1001 1090 1148 1153; x_wconf 88' lang='lat' dir='ltr'>specie</span> <span class='ocrx_word' id='word_1_130' title='bbox 1167 1089 1579 1152; x_wconf 59' lang='lat' dir='ltr'>amplectebantur,</span> <span class='ocrx_word' id='word_1_131' title='bbox 1594 1100 1645 1136; x_wconf 92' lang='lat' dir='ltr'>ut</span> <span class='ocrx_word' id='word_1_132' title='bbox 1663 1105 1794 1152; x_wconf 88' lang='lat' dir='ltr'>agros</span> <span class='ocrx_word' id='word_1_133' title='bbox 1811 1093 1908 1140; x_wconf 89' lang='lat' dir='ltr'>Re-</span> 
     </span>
     <span class='ocr_line' id='line_1_16' title="bbox 120 1153 1910 1224; baseline -0.002 -18"><span class='ocrx_word' id='word_1_134' title='bbox 120 1160 223 1224; x_wconf 82' lang='lat' dir='ltr'>gios</span> <span class='ocrx_word' id='word_1_135' title='bbox 248 1159 304 1206; x_wconf 85' lang='lat' dir='ltr'>ab</span> <span class='ocrx_word' id='word_1_136' title='bbox 329 1158 428 1206; x_wconf 88' lang='lat' dir='ltr'>aliis</span> <span class='ocrx_word' id='word_1_137' title='bbox 450 1155 667 1219; x_wconf 75' lang='lat' dir='ltr'>occupari</span> <span class='ocrx_word' id='word_1_138' title='bbox 688 1155 991 1220; x_wconf 86' lang='lat' dir='ltr'>permiserint,</span> <span class='ocrx_word' id='word_1_139' title='bbox 1007 1154 1108 1202; x_wconf 85' lang='lat' dir='ltr'>aliis</span> <span class='ocrx_word' id='word_1_140' title='bbox 1129 1153 1215 1216; x_wconf 73' lang='lat' dir='ltr'>ipsi</span> <span class='ocrx_word' id='word_1_141' title='bbox 1237 1153 1511 1202; x_wconf 87' lang='lat' dir='ltr'>donaverint</span> <span class='ocrx_word' id='word_1_142' title='bbox 1536 1173 1547 1201; x_wconf 90' lang='lat'>:</span> <span class='ocrx_word' id='word_1_143' title='bbox 1581 1153 1687 1200; x_wconf 87' lang='lat' dir='ltr'>&amp;in</span> <span class='ocrx_word' id='word_1_144' title='bbox 1711 1156 1910 1217; x_wconf 82' lang='lat' dir='ltr'>gratiam.</span> 
     </span>
     <span class='ocr_line' id='line_1_17' title="bbox 122 1217 1909 1287; baseline -0.001 -16"><span class='ocrx_word' id='word_1_145' title='bbox 122 1224 415 1287; x_wconf 85' lang='lat' dir='ltr'>quorundam</span> <span class='ocrx_word' id='word_1_146' title='bbox 437 1239 506 1270; x_wconf 91' lang='lat' dir='ltr'>res</span> <span class='ocrx_word' id='word_1_147' title='bbox 524 1220 752 1281; x_wconf 82' lang='lat' dir='ltr'>judicatas</span> <span class='ocrx_word' id='word_1_148' title='bbox 774 1219 1054 1275; x_wconf 86' lang='lat' dir='ltr'>resciderint,</span> <span class='ocrx_word' id='word_1_149' title='bbox 1075 1225 1117 1266; x_wconf 73' lang='grc' dir='ltr'>δε</span> <span class='ocrx_word' id='word_1_150' title='bbox 1140 1219 1297 1265; x_wconf 81' lang='lat' dir='ltr'>exules</span> <span class='ocrx_word' id='word_1_151' title='bbox 1317 1217 1606 1267; x_wconf 88' lang='lat' dir='ltr'>restituerint.</span> <span class='ocrx_word' id='word_1_152' title='bbox 1675 1220 1802 1266; x_wconf 85' lang='lat' dir='ltr'>Inter</span> <span class='ocrx_word' id='word_1_153' title='bbox 1829 1237 1909 1270; x_wconf 86' lang='lat' dir='ltr'>eos</span> 
     </span>
     <span class='ocr_line' id='line_1_18' title="bbox 124 1282 1910 1350; baseline -0.006 -14"><span class='ocrx_word' id='word_1_154' title='bbox 124 1301 279 1336; x_wconf 87' lang='lat' dir='ltr'>autem</span> <span class='ocrx_word' id='word_1_155' title='bbox 303 1304 446 1335; x_wconf 86' lang='lat' dir='ltr'>unum</span> <span class='ocrx_word' id='word_1_156' title='bbox 469 1287 714 1350; x_wconf 76' lang='lat' dir='ltr'>insignem,</span> <span class='ocrx_word' id='word_1_157' title='bbox 738 1291 781 1333; x_wconf 84' lang='lat'>&amp;</span> <span class='ocrx_word' id='word_1_158' title='bbox 804 1294 1140 1348; x_wconf 65' lang='lat' dir='ltr'>praepotente‘m</span> <span class='ocrx_word' id='word_1_159' title='bbox 1165 1283 1428 1348; x_wconf 88' lang='lat' dir='ltr'>Georgium</span> <span class='ocrx_word' id='word_1_160' title='bbox 1444 1282 1753 1330; x_wconf 81' lang='lat' dir='ltr'>Dumbarium</span> <span class='ocrx_word' id='word_1_161' title='bbox 1777 1285 1910 1334; x_wconf 83' lang='lat' dir='ltr'>Mar-</span> 
     </span>
     <span class='ocr_line' id='line_1_19' title="bbox 125 1347 1909 1417; baseline -0.003 -16"><span class='ocrx_word' id='word_1_162' title='bbox 125 1353 309 1401; x_wconf 88' lang='lat' dir='ltr'>cianum</span> <span class='ocrx_word' id='word_1_163' title='bbox 337 1352 592 1417; x_wconf 84' lang='lat' dir='ltr'>Regulum,</span> <span class='ocrx_word' id='word_1_164' title='bbox 619 1348 702 1413; x_wconf 88' lang='lat' dir='ltr'>qui</span> <span class='ocrx_word' id='word_1_165' title='bbox 722 1351 826 1397; x_wconf 91' lang='lat' dir='ltr'>exul</span> <span class='ocrx_word' id='word_1_166' title='bbox 847 1348 1008 1412; x_wconf 81' lang='lat' dir='ltr'>patriae</span> <span class='ocrx_word' id='word_1_167' title='bbox 1030 1350 1198 1407; x_wconf 74' lang='lat' dir='ltr'>damna</span> <span class='ocrx_word' id='word_1_168' title='bbox 1220 1349 1436 1410; x_wconf 86' lang='lat' dir='ltr'>plurima,</span> <span class='ocrx_word' id='word_1_169' title='bbox 1455 1353 1494 1394; x_wconf 76' lang='grc' dir='ltr'>δι</span> <span class='ocrx_word' id='word_1_170' title='bbox 1511 1347 1770 1410; x_wconf 81' lang='lat' dir='ltr'>graviffima</span> <span class='ocrx_word' id='word_1_171' title='bbox 1783 1348 1909 1399; x_wconf 88' lang='lat' dir='ltr'>intu-</span> 
     </span>
    </p>

    <p class='ocr_par' dir='ltr' id='par_1_4' title="bbox 64 1411 1964 2124">
     <span class='ocr_line' id='line_1_20' title="bbox 125 1411 1910 1480; baseline -0.003 -14"><span class='ocrx_word' id='word_1_172' title='bbox 125 1418 242 1466; x_wconf 87' lang='lat' dir='ltr'>lerat</span> <span class='ocrx_word' id='word_1_173' title='bbox 266 1436 277 1466; x_wconf 87' lang='grc'>;</span> <span class='ocrx_word' id='word_1_174' title='bbox 310 1417 478 1480; x_wconf 89' lang='lat' dir='ltr'>quibus</span> <span class='ocrx_word' id='word_1_175' title='bbox 514 1413 768 1463; x_wconf 85' lang='lat' dir='ltr'>rationibus</span> <span class='ocrx_word' id='word_1_176' title='bbox 793 1413 1063 1461; x_wconf 83' lang='lat' dir='ltr'>conciliatos</span> <span class='ocrx_word' id='word_1_177' title='bbox 1087 1427 1298 1477; x_wconf 85' lang='lat' dir='ltr'>proceres</span> <span class='ocrx_word' id='word_1_178' title='bbox 1321 1411 1562 1474; x_wconf 83' lang='lat' dir='ltr'>sperabant</span> <span class='ocrx_word' id='word_1_179' title='bbox 1586 1429 1820 1476; x_wconf 88' lang='lat' dir='ltr'>nunquam</span> <span class='ocrx_word' id='word_1_180' title='bbox 1850 1416 1910 1464; x_wconf 89' lang='lat' dir='ltr'>de</span> 
     </span>
     <span class='ocr_line' id='line_1_21' title="bbox 64 1476 1913 1545; baseline -0.003 -14"><span class='ocrx_word' id='word_1_181' title='bbox 64 1488 67 1489; x_wconf 47' lang='lat'><em>⁷</em></span> <span class='ocrx_word' id='word_1_182' title='bbox 126 1484 259 1545; x_wconf 82' lang='lat' dir='ltr'>Rege</span> <span class='ocrx_word' id='word_1_183' title='bbox 282 1481 551 1529; x_wconf 86' lang='lat' dir='ltr'>accersendo</span> <span class='ocrx_word' id='word_1_184' title='bbox 571 1480 766 1527; x_wconf 70' lang='lat' dir='ltr'>aEiuros.</span> <span class='ocrx_word' id='word_1_185' title='bbox 812 1479 984 1528; x_wconf 89' lang='lat' dir='ltr'>Iacobo</span> <span class='ocrx_word' id='word_1_186' title='bbox 1007 1490 1160 1525; x_wconf 83' lang='lat' dir='ltr'>autem</span> <span class='ocrx_word' id='word_1_187' title='bbox 1185 1478 1276 1524; x_wconf 88' lang='lat' dir='ltr'>fine</span> <span class='ocrx_word' id='word_1_188' title='bbox 1297 1477 1455 1525; x_wconf 84' lang='lat' dir='ltr'>liberis</span> <span class='ocrx_word' id='word_1_189' title='bbox 1477 1476 1695 1523; x_wconf 64' lang='lat' dir='ltr'>defuncio</span> <span class='ocrx_word' id='word_1_190' title='bbox 1718 1495 1913 1542; x_wconf 85' lang='lat' dir='ltr'>regnum</span> 
     </span>
     <span class='ocr_line' id='line_1_22' title="bbox 127 1540 1913 1609; baseline -0.002 -14"><span class='ocrx_word' id='word_1_191' title='bbox 127 1548 187 1595; x_wconf 77' lang='lat' dir='ltr'>ad</span> <span class='ocrx_word' id='word_1_192' title='bbox 205 1548 247 1594; x_wconf 84' lang='lat' dir='ltr'>se</span> <span class='ocrx_word' id='word_1_193' title='bbox 269 1548 359 1594; x_wconf 85' lang='lat' dir='ltr'>fine</span> <span class='ocrx_word' id='word_1_194' title='bbox 385 1546 553 1594; x_wconf 82' lang='lat' dir='ltr'>aemulo</span> <span class='ocrx_word' id='word_1_195' title='bbox 577 1556 921 1609; x_wconf 83' lang='lat' dir='ltr'>perventurum,</span> <span class='ocrx_word' id='word_1_196' title='bbox 946 1556 1026 1591; x_wconf 91' lang='lat' dir='ltr'>aut</span> <span class='ocrx_word' id='word_1_197' title='bbox 1044 1543 1074 1590; x_wconf 90' lang='lat' dir='ltr'>fi</span> <span class='ocrx_word' id='word_1_198' title='bbox 1098 1543 1215 1590; x_wconf 88' lang='lat' dir='ltr'>forte</span> <span class='ocrx_word' id='word_1_199' title='bbox 1236 1542 1317 1589; x_wconf 90' lang='lat' dir='ltr'>ille</span> <span class='ocrx_word' id='word_1_200' title='bbox 1335 1542 1392 1590; x_wconf 91' lang='lat' dir='ltr'>ab</span> <span class='ocrx_word' id='word_1_201' title='bbox 1409 1540 1555 1589; x_wconf 88' lang='lat' dir='ltr'>exilio</span> <span class='ocrx_word' id='word_1_202' title='bbox 1572 1541 1766 1598; x_wconf 76' lang='lat' dir='ltr'>redisset,</span> <span class='ocrx_word' id='word_1_203' title='bbox 1788 1543 1913 1592; x_wconf 87' lang='lat' dir='ltr'>suam</span> 
     </span>
     <span class='ocr_line' id='line_1_23' title="bbox 131 1606 1964 1672; baseline -0.003 -14"><span class='ocrx_word' id='word_1_204' title='bbox 131 1612 377 1660; x_wconf 67' lang='lat' dir='ltr'>saftionem</span> <span class='ocrx_word' id='word_1_205' title='bbox 401 1624 494 1659; x_wconf 87' lang='lat' dir='ltr'>tam</span> <span class='ocrx_word' id='word_1_206' title='bbox 553 1621 757 1658; x_wconf 88' lang='lat' dir='ltr'>otentem</span> <span class='ocrx_word' id='word_1_207' title='bbox 780 1609 896 1665; x_wconf 89' lang='lat' dir='ltr'>fore,</span> <span class='ocrx_word' id='word_1_208' title='bbox 917 1623 968 1656; x_wconf 90' lang='lat' dir='ltr'>ut</span> <span class='ocrx_word' id='word_1_209' title='bbox 986 1607 1243 1667; x_wconf 65' lang='lat' dir='ltr'>avi,etiam</span> <span class='ocrx_word' id='word_1_210' title='bbox 1265 1606 1345 1654; x_wconf 90' lang='lat' dir='ltr'>sub</span> <span class='ocrx_word' id='word_1_211' title='bbox 1367 1606 1578 1672; x_wconf 89' lang='lat' dir='ltr'>principe</span> <span class='ocrx_word' id='word_1_212' title='bbox 1595 1623 1754 1668; x_wconf 86' lang='lat' dir='ltr'>parum</span> <span class='ocrx_word' id='word_1_213' title='bbox 1780 1625 1914 1671; x_wconf 88' lang='lat' dir='ltr'>aequo</span> <span class='ocrx_word' id='word_1_214' title='bbox 1962 1631 1964 1633; x_wconf 30' lang='lat' dir='ltr'>v</span> 
     </span>
     <span class='ocr_line' id='line_1_24' title="bbox 131 1670 1914 1736; baseline -0.001 -14"><span class='ocrx_word' id='word_1_215' title='bbox 131 1677 276 1724; x_wconf 79' lang='lat' dir='ltr'>securi</span> <span class='ocrx_word' id='word_1_216' title='bbox 295 1679 450 1724; x_wconf 68' lang='lat' dir='ltr'>essent.</span> <span class='ocrx_word' id='word_1_217' title='bbox 569 1691 699 1721; x_wconf 90' lang='lat' dir='ltr'>erum</span> <span class='ocrx_word' id='word_1_218' title='bbox 716 1675 846 1736; x_wconf 89' lang='lat' dir='ltr'>Rege</span> <span class='ocrx_word' id='word_1_219' title='bbox 865 1672 1062 1728; x_wconf 87' lang='lat' dir='ltr'>reverso,</span> <span class='ocrx_word' id='word_1_220' title='bbox 1075 1677 1123 1722; x_wconf 71' lang='lat' dir='ltr'>St</span> <span class='ocrx_word' id='word_1_221' title='bbox 1140 1685 1294 1720; x_wconf 88' lang='lat' dir='ltr'>vetere</span> <span class='ocrx_word' id='word_1_222' title='bbox 1315 1670 1467 1734; x_wconf 86' lang='lat' dir='ltr'>patrui</span> <span class='ocrx_word' id='word_1_223' title='bbox 1487 1674 1637 1735; x_wconf 83' lang='lat' dir='ltr'>gratia</span> <span class='ocrx_word' id='word_1_224' title='bbox 1658 1672 1787 1719; x_wconf 85' lang='lat' dir='ltr'>novis</span> <span class='ocrx_word' id='word_1_225' title='bbox 1799 1674 1914 1722; x_wconf 86' lang='lat' dir='ltr'>Val-</span> 
     </span>
     <span class='ocr_line' id='line_1_25' title="bbox 134 1735 1916 1804; baseline -0.006 -17"><span class='ocrx_word' id='word_1_226' title='bbox 134 1740 224 1787; x_wconf 77' lang='lat' dir='ltr'>teri</span> <span class='ocrx_word' id='word_1_227' title='bbox 240 1741 436 1804; x_wconf 86' lang='lat' dir='ltr'>injuriis,</span> <span class='ocrx_word' id='word_1_228' title='bbox 462 1745 503 1787; x_wconf 79' lang='grc' dir='ltr'>δε</span> <span class='ocrx_word' id='word_1_229' title='bbox 527 1737 713 1801; x_wconf 86' lang='lat' dir='ltr'>flagitiis</span> <span class='ocrx_word' id='word_1_230' title='bbox 733 1753 876 1801; x_wconf 87' lang='lat' dir='ltr'>prope</span> <span class='ocrx_word' id='word_1_231' title='bbox 899 1736 1122 1792; x_wconf 63' lang='lat' dir='ltr'>restinfla,</span> <span class='ocrx_word' id='word_1_232' title='bbox 1144 1736 1246 1783; x_wconf 86' lang='lat' dir='ltr'>satis</span> <span class='ocrx_word' id='word_1_233' title='bbox 1270 1736 1485 1798; x_wconf 84' lang='lat' dir='ltr'>apparuit</span> <span class='ocrx_word' id='word_1_234' title='bbox 1515 1735 1632 1782; x_wconf 84' lang='lat' dir='ltr'>nihil</span> <span class='ocrx_word' id='word_1_235' title='bbox 1653 1737 1738 1782; x_wconf 80' lang='lat' dir='ltr'>esse</span> <span class='ocrx_word' id='word_1_236' title='bbox 1765 1754 1916 1801; x_wconf 82' lang='lat' dir='ltr'>popu-</span> 
     </span>
     <span class='ocr_line' id='line_1_26' title="bbox 134 1800 1917 1866; baseline -0.001 -14"><span class='ocrx_word' id='word_1_237' title='bbox 134 1804 277 1852; x_wconf 77' lang='lat' dir='ltr'>larius</span> <span class='ocrx_word' id='word_1_238' title='bbox 293 1803 489 1866; x_wconf 82' lang='lat' dir='ltr'>justicia.</span> <span class='ocrx_word' id='word_1_239' title='bbox 558 1802 708 1866; x_wconf 87' lang='lat' dir='ltr'>Igitur</span> <span class='ocrx_word' id='word_1_240' title='bbox 727 1802 905 1865; x_wconf 89' lang='lat' dir='ltr'>populo</span> <span class='ocrx_word' id='word_1_241' title='bbox 931 1817 1024 1849; x_wconf 87' lang='lat' dir='ltr'>non</span> <span class='ocrx_word' id='word_1_242' title='bbox 1048 1802 1188 1849; x_wconf 89' lang='lat' dir='ltr'>modo</span> <span class='ocrx_word' id='word_1_243' title='bbox 1210 1801 1430 1865; x_wconf 80' lang='lat' dir='ltr'>patiente,</span> <span class='ocrx_word' id='word_1_244' title='bbox 1449 1800 1531 1847; x_wconf 79' lang='lat' dir='ltr'>,sed</span> <span class='ocrx_word' id='word_1_245' title='bbox 1561 1801 1700 1846; x_wconf 82' lang='lat' dir='ltr'>etiam</span> <span class='ocrx_word' id='word_1_246' title='bbox 1733 1801 1917 1851; x_wconf 86' lang='lat' dir='ltr'>favente</span> 
     </span>
     <span class='ocr_line' id='line_1_27' title="bbox 137 1865 1918 1930; baseline -0.001 -14"><span class='ocrx_word' id='word_1_247' title='bbox 137 1869 365 1916; x_wconf 80' lang='lat' dir='ltr'>Mordaco</span> <span class='ocrx_word' id='word_1_248' title='bbox 387 1882 517 1930; x_wconf 88' lang='lat' dir='ltr'>patre</span> <span class='ocrx_word' id='word_1_249' title='bbox 539 1883 645 1914; x_wconf 89' lang='lat' dir='ltr'>cum</span> <span class='ocrx_word' id='word_1_250' title='bbox 668 1866 850 1913; x_wconf 88' lang='lat' dir='ltr'>duobus</span> <span class='ocrx_word' id='word_1_251' title='bbox 873 1865 978 1914; x_wconf 83' lang='lat' dir='ltr'>filiis</span> <span class='ocrx_word' id='word_1_252' title='bbox 1000 1866 1230 1921; x_wconf 71' lang='lat' dir='ltr'>extinffis,</span> <span class='ocrx_word' id='word_1_253' title='bbox 1251 1865 1387 1912; x_wconf 88' lang='lat' dir='ltr'>tertio</span> <span class='ocrx_word' id='word_1_254' title='bbox 1409 1865 1622 1911; x_wconf 80' lang='lat' dir='ltr'>exulante</span> <span class='ocrx_word' id='word_1_255' title='bbox 1641 1882 1734 1912; x_wconf 88' lang='lat' dir='ltr'>non</span> <span class='ocrx_word' id='word_1_256' title='bbox 1757 1883 1918 1916; x_wconf 87' lang='lat' dir='ltr'>eorum</span> 
     </span>
     <span class='ocr_line' id='line_1_28' title="bbox 137 1929 1919 1992; baseline -0.001 -12"><span class='ocrx_word' id='word_1_257' title='bbox 137 1935 282 1980; x_wconf 88' lang='lat' dir='ltr'>modo</span> <span class='ocrx_word' id='word_1_258' title='bbox 302 1934 434 1981; x_wconf 90' lang='lat' dir='ltr'>bonis</span> <span class='ocrx_word' id='word_1_259' title='bbox 468 1935 568 1981; x_wconf 81' lang='lat' dir='ltr'>Rex</span> <span class='ocrx_word' id='word_1_260' title='bbox 591 1933 764 1986; x_wconf 60' lang='lat' dir='ltr'>auc&#39;tuS,</span> <span class='ocrx_word' id='word_1_261' title='bbox 789 1932 864 1978; x_wconf 85' lang='lat' dir='ltr'>sed</span> <span class='ocrx_word' id='word_1_262' title='bbox 895 1932 1080 1979; x_wconf 86' lang='lat' dir='ltr'>loannis</span> <span class='ocrx_word' id='word_1_263' title='bbox 1102 1929 1301 1978; x_wconf 87' lang='lat' dir='ltr'>Comitis</span> <span class='ocrx_word' id='word_1_264' title='bbox 1331 1929 1596 1985; x_wconf 86' lang='lat' dir='ltr'>Buchaniae,</span> <span class='ocrx_word' id='word_1_265' title='bbox 1622 1930 1705 1992; x_wconf 87' lang='lat' dir='ltr'>qui</span> <span class='ocrx_word' id='word_1_266' title='bbox 1729 1933 1799 1992; x_wconf 88' lang='lat'>(1)</span> <span class='ocrx_word' id='word_1_267' title='bbox 1827 1933 1919 1980; x_wconf 82' lang='lat' dir='ltr'>fine</span> 
     </span>
     <span class='ocr_line' id='line_1_29' title="bbox 137 1992 1916 2057; baseline 0 -13"><span class='ocrx_word' id='word_1_268' title='bbox 137 1997 298 2044; x_wconf 85' lang='lat' dir='ltr'>liberis</span> <span class='ocrx_word' id='word_1_269' title='bbox 319 1997 367 2043; x_wconf 89' lang='lat' dir='ltr'>in</span> <span class='ocrx_word' id='word_1_270' title='bbox 392 1996 552 2045; x_wconf 88' lang='lat' dir='ltr'>Gallia</span> <span class='ocrx_word' id='word_1_271' title='bbox 572 1993 768 2051; x_wconf 72' lang='lat' dir='ltr'>decessit,</span> <span class='ocrx_word' id='word_1_272' title='bbox 813 2001 853 2041; x_wconf 88' lang='lat'>&amp;</span> <span class='ocrx_word' id='word_1_273' title='bbox 880 1996 1131 2043; x_wconf 83' lang='lat' dir='ltr'>Alexandri</span> <span class='ocrx_word' id='word_1_274' title='bbox 1152 1993 1353 2043; x_wconf 84' lang='lat' dir='ltr'>Comitis</span> <span class='ocrx_word' id='word_1_275' title='bbox 1372 1992 1574 2048; x_wconf 77' lang='lat' dir='ltr'>Martiae,</span> <span class='ocrx_word' id='word_1_276' title='bbox 1592 1995 1673 2057; x_wconf 85' lang='lat' dir='ltr'>qui</span> <span class='ocrx_word' id='word_1_277' title='bbox 1697 2001 1736 2042; x_wconf 68' lang='grc' dir='ltr'>δε</span> <span class='ocrx_word' id='word_1_278' title='bbox 1758 1996 1916 2054; x_wconf 83' lang='lat' dir='ltr'>orbus,</span> 
     </span>
     <span class='ocr_line' id='line_1_30' title="bbox 141 2058 1888 2124; baseline -0.001 -15"><span class='ocrx_word' id='word_1_279' title='bbox 141 2068 185 2110; x_wconf 84' lang='lat'>&amp;</span> <span class='ocrx_word' id='word_1_280' title='bbox 206 2063 373 2109; x_wconf 86' lang='lat' dir='ltr'>nothus</span> <span class='ocrx_word' id='word_1_281' title='bbox 395 2060 524 2108; x_wconf 89' lang='lat' dir='ltr'>domi</span> <span class='ocrx_word' id='word_1_282' title='bbox 545 2073 740 2107; x_wconf 85' lang='lat' dir='ltr'>mortem</span> <span class='ocrx_word' id='word_1_283' title='bbox 758 2059 892 2115; x_wconf 90' lang='lat' dir='ltr'>obiit,</span> <span class='ocrx_word' id='word_1_284' title='bbox 914 2061 972 2121; x_wconf 89' lang='lat' dir='ltr'>de</span> <span class='ocrx_word' id='word_1_285' title='bbox 993 2077 1086 2124; x_wconf 84' lang='lat' dir='ltr'>quo</span> <span class='ocrx_word' id='word_1_286' title='bbox 1108 2074 1254 2121; x_wconf 83' lang='lat' dir='ltr'>pauca</span> <span class='ocrx_word' id='word_1_287' title='bbox 1271 2058 1422 2105; x_wconf 89' lang='lat' dir='ltr'>obiter</span> <span class='ocrx_word' id='word_1_288' title='bbox 1443 2058 1640 2115; x_wconf 77' lang='lat' dir='ltr'>dicenda</span> <span class='ocrx_word' id='word_1_289' title='bbox 1657 2059 1888 2108; x_wconf 85' lang='lat' dir='ltr'>videntur.</span> 
     </span>
    </p>

    <p class='ocr_par' dir='ltr' id='par_1_5' title="bbox 110 2123 1924 2382">
     <span class='ocr_line' id='line_1_31' title="bbox 141 2123 1920 2188; baseline 0.001 -15"><span class='ocrx_word' id='word_1_290' title='bbox 141 2184 143 2186; x_wconf 12' lang='grc' dir='ltr'><strong><em>ι</em></strong></span> <span class='ocrx_word' id='word_1_291' title='bbox 204 2127 383 2173; x_wconf 90' lang='lat' dir='ltr'><strong>XLIV.</strong></span> <span class='ocrx_word' id='word_1_292' title='bbox 418 2123 842 2188; x_wconf 83' lang='lat' dir='ltr'>Alexanderigitur</span> <span class='ocrx_word' id='word_1_293' title='bbox 863 2141 920 2171; x_wconf 85' lang='lat' dir='ltr'>ex</span> <span class='ocrx_word' id='word_1_294' title='bbox 935 2125 1201 2173; x_wconf 81' lang='lat' dir='ltr'>Alexandro</span> <span class='ocrx_word' id='word_1_295' title='bbox 1225 2123 1419 2171; x_wconf 88' lang='lat' dir='ltr'>Roberti</span> <span class='ocrx_word' id='word_1_296' title='bbox 1440 2123 1582 2187; x_wconf 82' lang='lat' dir='ltr'>Regis</span> <span class='ocrx_word' id='word_1_297' title='bbox 1602 2123 1699 2171; x_wconf 81' lang='lat' dir='ltr'>filio</span> <span class='ocrx_word' id='word_1_298' title='bbox 1721 2139 1852 2172; x_wconf 87' lang='lat' dir='ltr'>natus</span> <span class='ocrx_word' id='word_1_299' title='bbox 1870 2127 1920 2175; x_wconf 77' lang='lat' dir='ltr'>in</span> 
     </span>
     <span class='ocr_line' id='line_1_32' title="bbox 110 2188 1921 2253; baseline -0.001 -13"><span class='ocrx_word' id='word_1_300' title='bbox 110 2201 115 2205; x_wconf 71' lang='grc'>’</span> <span class='ocrx_word' id='word_1_301' title='bbox 136 2190 444 2240; x_wconf 83' lang='lat' dir='ltr'>adolescentia</span> <span class='ocrx_word' id='word_1_302' title='bbox 465 2189 597 2237; x_wconf 89' lang='lat' dir='ltr'>malis</span> <span class='ocrx_word' id='word_1_303' title='bbox 617 2189 902 2253; x_wconf 87' lang='lat' dir='ltr'>perditorum</span> <span class='ocrx_word' id='word_1_304' title='bbox 925 2190 1168 2236; x_wconf 75' lang='lat' dir='ltr'>hominum</span> <span class='ocrx_word' id='word_1_305' title='bbox 1191 2189 1389 2236; x_wconf 78' lang='lat' dir='ltr'>consiliis</span> <span class='ocrx_word' id='word_1_306' title='bbox 1414 2188 1512 2236; x_wconf 86' lang='lat' dir='ltr'>usus</span> <span class='ocrx_word' id='word_1_307' title='bbox 1530 2188 1769 2236; x_wconf 61' lang='lat' dir='ltr'>ductorem</span> <span class='ocrx_word' id='word_1_308' title='bbox 1787 2189 1830 2236; x_wconf 92' lang='lat' dir='ltr'>se</span> <span class='ocrx_word' id='word_1_309' title='bbox 1851 2188 1921 2238; x_wconf 83' lang='lat' dir='ltr'>la·-</span> 
     </span>
     <span class='ocr_line' id='line_1_33' title="bbox 140 2253 1921 2319; baseline 0.001 -16"><span class='ocrx_word' id='word_1_310' title='bbox 140 2256 349 2304; x_wconf 83' lang='lat' dir='ltr'>tronibus</span> <span class='ocrx_word' id='word_1_311' title='bbox 369 2255 626 2319; x_wconf 83' lang='lat' dir='ltr'>praebuerat</span> <span class='ocrx_word' id='word_1_312' title='bbox 650 2273 662 2301; x_wconf 77' lang='lat' dir='ltr'>t</span> <span class='ocrx_word' id='word_1_313' title='bbox 688 2271 846 2301; x_wconf 88' lang='lat' dir='ltr'>verum</span> <span class='ocrx_word' id='word_1_314' title='bbox 868 2271 973 2302; x_wconf 87' lang='lat' dir='ltr'>cum</span> <span class='ocrx_word' id='word_1_315' title='bbox 997 2255 1054 2301; x_wconf 86' lang='lat' dir='ltr'>ad</span> <span class='ocrx_word' id='word_1_316' title='bbox 1075 2253 1256 2302; x_wconf 87' lang='lat' dir='ltr'>virilem</span> <span class='ocrx_word' id='word_1_317' title='bbox 1280 2253 1548 2317; x_wconf 69' lang='lat' dir='ltr'>pervenisset</span> <span class='ocrx_word' id='word_1_318' title='bbox 1569 2265 1749 2300; x_wconf 75' lang='lat' dir='ltr'>aetatem</span> <span class='ocrx_word' id='word_1_319' title='bbox 1771 2271 1921 2304; x_wconf 86' lang='lat' dir='ltr'>mores</span> 
     </span>
     <span class='ocr_line' id='line_1_34' title="bbox 139 2317 1924 2382; baseline 0.001 -15"><span class='ocrx_word' id='word_1_320' title='bbox 139 2321 259 2379; x_wconf 57' lang='lat' dir='ltr'>adeo</span> <span class='ocrx_word' id='word_1_321' title='bbox 279 2333 551 2378; x_wconf 85' lang='lat' dir='ltr'>mutaverat,</span> <span class='ocrx_word' id='word_1_322' title='bbox 577 2333 627 2367; x_wconf 87' lang='lat' dir='ltr'>ut</span> <span class='ocrx_word' id='word_1_323' title='bbox 647 2317 761 2366; x_wconf 75' lang='lat' dir='ltr'>alius</span> <span class='ocrx_word' id='word_1_324' title='bbox 783 2318 920 2382; x_wconf 73' lang='lat' dir='ltr'>plane</span> <span class='ocrx_word' id='word_1_325' title='bbox 941 2318 1188 2366; x_wconf 85' lang='lat' dir='ltr'>videretur.</span> <span class='ocrx_word' id='word_1_326' title='bbox 1256 2318 1407 2381; x_wconf 87' lang='lat' dir='ltr'>Igitur</span> <span class='ocrx_word' id='word_1_327' title='bbox 1427 2317 1551 2364; x_wconf 86' lang='lat' dir='ltr'>vitiis</span> <span class='ocrx_word' id='word_1_328' title='bbox 1585 2319 1805 2380; x_wconf 83' lang='lat' dir='ltr'>paulatim</span> <span class='ocrx_word' id='word_1_329' title='bbox 1840 2320 1924 2368; x_wconf 90' lang='lat' dir='ltr'>de-</span> 
     </span>
    </p>
   </div>
   <div class='ocr_carea' id='block_1_3' title="bbox 89 2380 1992 2446">
    <p class='ocr_par' dir='ltr' id='par_1_6' title="bbox 89 2380 1992 2446">
     <span class='ocr_line' id='line_1_35' title="bbox 89 2380 1992 2446; baseline 0 -14"><span class='ocrx_word' id='word_1_330' title='bbox 89 2402 92 2403; x_wconf 65' lang='grc'>’</span> <span class='ocrx_word' id='word_1_331' title='bbox 143 2384 467 2440; x_wconf 78' lang='lat' dir='ltr'>crescentibu3‚</span> <span class='ocrx_word' id='word_1_332' title='bbox 489 2387 541 2435; x_wconf 85' lang='lat'>&amp;</span> <span class='ocrx_word' id='word_1_333' title='bbox 569 2384 818 2432; x_wconf 87' lang='lat' dir='ltr'>accedente</span> <span class='ocrx_word' id='word_1_334' title='bbox 852 2383 1058 2439; x_wconf 78' lang='lat' dir='ltr'>consilio,</span> <span class='ocrx_word' id='word_1_335' title='bbox 1083 2384 1149 2430; x_wconf 86' lang='lat' dir='ltr'>ita</span> <span class='ocrx_word' id='word_1_336' title='bbox 1175 2384 1218 2431; x_wconf 88' lang='lat' dir='ltr'>se</span> <span class='ocrx_word' id='word_1_337' title='bbox 1247 2383 1392 2437; x_wconf 87' lang='lat' dir='ltr'>domi,</span> <span class='ocrx_word' id='word_1_338' title='bbox 1424 2381 1621 2445; x_wconf 83' lang='lat' dir='ltr'>forisque</span> <span class='ocrx_word' id='word_1_339' title='bbox 1642 2385 1846 2446; x_wconf 54' lang='lat' dir='ltr'>gesserat,</span> <span class='ocrx_word' id='word_1_340' title='bbox 1873 2398 1925 2434; x_wconf 90' lang='lat' dir='ltr'>ut</span> <span class='ocrx_word' id='word_1_341' title='bbox 1989 2380 1992 2382; x_wconf 47' lang='grc'>’</span> 
     </span>
    </p>
   </div>
   <div class='ocr_carea' id='block_1_4' title="bbox 76 2955 1008 3004">
    <p class='ocr_par' dir='ltr' id='par_1_7' title="bbox 76 2955 1008 3004">
     <span class='ocr_line' id='line_1_36' title="bbox 76 2955 1008 3004; baseline 0.002 -12"><span class='ocrx_word' id='word_1_342' title='bbox 76 2998 85 3001; x_wconf 63' lang='lat'><em>„</em></span> <span class='ocrx_word' id='word_1_343' title='bbox 148 2968 170 2992; x_wconf 85' lang='lat' dir='ltr'>a</span> <span class='ocrx_word' id='word_1_344' title='bbox 203 2955 383 3004; x_wconf 83' lang='lat' dir='ltr'>daughter</span> <span class='ocrx_word' id='word_1_345' title='bbox 400 2958 560 2994; x_wconf 84' lang='lat' dir='ltr'>married</span> <span class='ocrx_word' id='word_1_346' title='bbox 590 2965 629 2994; x_wconf 85' lang='lat' dir='ltr'>to</span> <span class='ocrx_word' id='word_1_347' title='bbox 657 2957 723 2993; x_wconf 89' lang='lat' dir='ltr'>the</span> <span class='ocrx_word' id='word_1_348' title='bbox 741 2958 821 2994; x_wconf 83' lang='lat' dir='ltr'>lord</span> <span class='ocrx_word' id='word_1_349' title='bbox 841 2958 976 2994; x_wconf 80' lang='lat' dir='ltr'>Seaton</span> <span class='ocrx_word' id='word_1_350' title='bbox 999 2972 1008 2994; x_wconf 76' lang='grc' dir='ltr'><strong>ι</strong></span> 
     </span>
    </p>
   </div>
   <div class='ocr_carea' id='block_1_5' title="bbox 143 2447 1930 2837">
    <p class='ocr_par' dir='ltr' id='par_1_8' title="bbox 143 2447 1930 2837">
     <span class='ocr_line' id='line_1_37' title="bbox 143 2447 1926 2513; baseline 0.001 -17"><span class='ocrx_word' id='word_1_351' title='bbox 143 2451 412 2513; x_wconf 83' lang='lat' dir='ltr'>praeclaram</span> <span class='ocrx_word' id='word_1_352' title='bbox 448 2449 512 2497; x_wconf 89' lang='lat' dir='ltr'>sui</span> <span class='ocrx_word' id='word_1_353' title='bbox 546 2447 817 2497; x_wconf 86' lang='lat' dir='ltr'>memoriam</span> <span class='ocrx_word' id='word_1_354' title='bbox 839 2448 897 2496; x_wconf 89' lang='lat' dir='ltr'>ad</span> <span class='ocrx_word' id='word_1_355' title='bbox 921 2450 1116 2513; x_wconf 86' lang='lat' dir='ltr'>posteros</span> <span class='ocrx_word' id='word_1_356' title='bbox 1140 2447 1445 2512; x_wconf 75' lang='lat' dir='ltr'>transmiserit.</span> <span class='ocrx_word' id='word_1_357' title='bbox 1511 2447 1635 2493; x_wconf 86' lang='lat' dir='ltr'>Nam</span> <span class='ocrx_word' id='word_1_358' title='bbox 1657 2454 1696 2494; x_wconf 66' lang='grc' dir='ltr'><strong><em>ἃ</em></strong></span> <span class='ocrx_word' id='word_1_359' title='bbox 1715 2448 1844 2496; x_wconf 86' lang='lat' dir='ltr'>domi</span> <span class='ocrx_word' id='word_1_360' title='bbox 1865 2451 1926 2498; x_wconf 87' lang='lat' dir='ltr'>ad</span> 
     </span>
     <span class='ocr_line' id='line_1_38' title="bbox 147 2513 1926 2577; baseline 0 -15"><span class='ocrx_word' id='word_1_361' title='bbox 147 2515 376 2562; x_wconf 87' lang='lat' dir='ltr'>Harlaum</span> <span class='ocrx_word' id='word_1_362' title='bbox 400 2514 716 2561; x_wconf 73' lang='lat' dir='ltr'>insulanorum</span> <span class='ocrx_word' id='word_1_363' title='bbox 735 2514 960 2575; x_wconf 89' lang='lat' dir='ltr'>impetum</span> <span class='ocrx_word' id='word_1_364' title='bbox 995 2529 1164 2577; x_wconf 86' lang='lat' dir='ltr'>magna</span> <span class='ocrx_word' id='word_1_365' title='bbox 1183 2529 1288 2560; x_wconf 89' lang='lat' dir='ltr'>cum</span> <span class='ocrx_word' id='word_1_366' title='bbox 1314 2513 1444 2560; x_wconf 84' lang='lat' dir='ltr'>caede</span> <span class='ocrx_word' id='word_1_367' title='bbox 1475 2513 1676 2574; x_wconf 80' lang='lat' dir='ltr'>repreffit</span> <span class='ocrx_word' id='word_1_368' title='bbox 1709 2531 1719 2559; x_wconf 90' lang='lat'>:</span> <span class='ocrx_word' id='word_1_369' title='bbox 1747 2519 1787 2559; x_wconf 72' lang='grc' dir='ltr'>δε</span> <span class='ocrx_word' id='word_1_370' title='bbox 1826 2514 1926 2562; x_wconf 89' lang='lat' dir='ltr'>bel-</span> 
     </span>
     <span class='ocr_line' id='line_1_39' title="bbox 144 2575 1926 2643; baseline 0 -17"><span class='ocrx_word' id='word_1_371' title='bbox 144 2575 245 2626; x_wconf 82' lang='lat' dir='ltr'>lum</span> <span class='ocrx_word' id='word_1_372' title='bbox 267 2578 684 2643; x_wconf 64' lang='lat' dir='ltr'>periqulofiflimum</span> <span class='ocrx_word' id='word_1_373' title='bbox 703 2577 752 2624; x_wconf 90' lang='lat' dir='ltr'>in</span> <span class='ocrx_word' id='word_1_374' title='bbox 773 2577 873 2641; x_wconf 88' lang='lat' dir='ltr'>ipso</span> <span class='ocrx_word' id='word_1_375' title='bbox 901 2589 1006 2625; x_wconf 86' lang='lat' dir='ltr'>ortu</span> <span class='ocrx_word' id='word_1_376' title='bbox 1027 2578 1224 2625; x_wconf 84' lang='lat' dir='ltr'>extinxit</span> <span class='ocrx_word' id='word_1_377' title='bbox 1255 2596 1267 2625; x_wconf 87' lang='lat'>:</span> <span class='ocrx_word' id='word_1_378' title='bbox 1294 2583 1334 2624; x_wconf 69' lang='grc' dir='ltr'>δε</span> <span class='ocrx_word' id='word_1_379' title='bbox 1358 2578 1463 2631; x_wconf 66' lang='lat' dir='ltr'>cum</span> <span class='ocrx_word' id='word_1_380' title='bbox 1479 2578 1635 2625; x_wconf 85' lang='lat' dir='ltr'>multis</span> <span class='ocrx_word' id='word_1_381' title='bbox 1654 2578 1820 2641; x_wconf 87' lang='lat' dir='ltr'>opibus</span> <span class='ocrx_word' id='word_1_382' title='bbox 1845 2580 1926 2626; x_wconf 88' lang='lat' dir='ltr'>be—</span> 
     </span>
     <span class='ocr_line' id='line_1_40' title="bbox 147 2641 1929 2710; baseline 0.001 -20"><span class='ocrx_word' id='word_1_383' title='bbox 147 2643 209 2690; x_wconf 71' lang='lat' dir='ltr'>ne</span> <span class='ocrx_word' id='word_1_384' title='bbox 225 2643 384 2707; x_wconf 88' lang='lat' dir='ltr'>partis,</span> <span class='ocrx_word' id='word_1_385' title='bbox 407 2641 681 2710; x_wconf 65' lang='lat' dir='ltr'>praediisque</span> <span class='ocrx_word' id='word_1_386' title='bbox 698 2642 933 2691; x_wconf 59' lang='lat' dir='ltr'>fructuosis</span> <span class='ocrx_word' id='word_1_387' title='bbox 956 2643 1181 2705; x_wconf 68' lang='lat' dir='ltr'>coemptis</span> <span class='ocrx_word' id='word_1_388' title='bbox 1210 2641 1390 2689; x_wconf 88' lang='lat' dir='ltr'>vicinos</span> <span class='ocrx_word' id='word_1_389' title='bbox 1424 2642 1633 2703; x_wconf 84' lang='lat' dir='ltr'>anteiret,</span> <span class='ocrx_word' id='word_1_390' title='bbox 1658 2660 1750 2690; x_wconf 81' lang='lat' dir='ltr'>non</span> <span class='ocrx_word' id='word_1_391' title='bbox 1774 2656 1929 2692; x_wconf 87' lang='lat' dir='ltr'>tamen</span> 
     </span>
     <span class='ocr_line' id='line_1_41' title="bbox 149 2706 1930 2770; baseline 0.001 -16"><span class='ocrx_word' id='word_1_392' title='bbox 149 2708 272 2764; x_wconf 89' lang='lat' dir='ltr'>ocio,</span> <span class='ocrx_word' id='word_1_393' title='bbox 294 2714 335 2756; x_wconf 70' lang='grc' dir='ltr'>δε</span> <span class='ocrx_word' id='word_1_394' title='bbox 360 2707 586 2770; x_wconf 74' lang='lat' dir='ltr'>voluptati</span> <span class='ocrx_word' id='word_1_395' title='bbox 603 2707 644 2755; x_wconf 91' lang='lat' dir='ltr'>se</span> <span class='ocrx_word' id='word_1_396' title='bbox 661 2706 817 2754; x_wconf 86' lang='lat' dir='ltr'>dedit:</span> <span class='ocrx_word' id='word_1_397' title='bbox 861 2707 937 2754; x_wconf 91' lang='lat' dir='ltr'>sed</span> <span class='ocrx_word' id='word_1_398' title='bbox 957 2707 1006 2754; x_wconf 90' lang='lat' dir='ltr'>in</span> <span class='ocrx_word' id='word_1_399' title='bbox 1029 2708 1291 2767; x_wconf 81' lang='lat' dir='ltr'>Flandriam</span> <span class='ocrx_word' id='word_1_400' title='bbox 1313 2723 1422 2755; x_wconf 87' lang='lat' dir='ltr'>cum</span> <span class='ocrx_word' id='word_1_401' title='bbox 1463 2708 1593 2754; x_wconf 83' lang='lat' dir='ltr'>firma</span> <span class='ocrx_word' id='word_1_402' title='bbox 1633 2708 1930 2770; x_wconf 83' lang='lat' dir='ltr'>popularium</span> 
     </span>
     <span class='ocr_line' id='line_1_42' title="bbox 149 2772 1930 2837; baseline -0.001 -14"><span class='ocrx_word' id='word_1_403' title='bbox 149 2774 338 2823; x_wconf 79' lang='lat' dir='ltr'>cohorte</span> <span class='ocrx_word' id='word_1_404' title='bbox 358 2772 589 2836; x_wconf 67' lang='lat' dir='ltr'>profectus</span> <span class='ocrx_word' id='word_1_405' title='bbox 626 2775 697 2836; x_wconf 87' lang='lat'>(2)</span> <span class='ocrx_word' id='word_1_406' title='bbox 735 2772 954 2819; x_wconf 78' lang='lat' dir='ltr'>Carolum</span> <span class='ocrx_word' id='word_1_407' title='bbox 974 2774 1277 2837; x_wconf 83' lang='lat' dir='ltr'>Burgundum</span> <span class='ocrx_word' id='word_1_408' title='bbox 1322 2772 1529 2820; x_wconf 83' lang='lat' dir='ltr'>adversus</span> <span class='ocrx_word' id='word_1_409' title='bbox 1567 2772 1840 2820; x_wconf 85' lang='lat' dir='ltr'>Leodienses</span> <span class='ocrx_word' id='word_1_410' title='bbox 1863 2774 1930 2822; x_wconf 89' lang='lat' dir='ltr'>se-</span> 
     </span>
    </p>
   </div>
   <div class='ocr_carea' id='block_1_6' title="bbox 200 2879 1929 2954">
    <p class='ocr_par' dir='ltr' id='par_1_9' title="bbox 200 2879 1929 2954">
     <span class='ocr_line' id='line_1_43' title="bbox 200 2879 1929 2954; baseline 0.002 -15"><span class='ocrx_word' id='word_1_411' title='bbox 200 2901 262 2953; x_wconf 84' lang='grc' dir='ltr'>(ι)</span> <span class='ocrx_word' id='word_1_412' title='bbox 291 2879 472 2941; x_wconf 73' lang='lat' dir='ltr'>Without</span> <span class='ocrx_word' id='word_1_413' title='bbox 497 2904 596 2941; x_wconf 81' lang='lat' dir='ltr'>male</span> <span class='ocrx_word' id='word_1_414' title='bbox 614 2902 718 2942; x_wconf 72' lang='lat' dir='ltr'>iffae.</span> <span class='ocrx_word' id='word_1_415' title='bbox 747 2904 804 2941; x_wconf 74' lang='lat' dir='ltr'>He</span> <span class='ocrx_word' id='word_1_416' title='bbox 830 2903 899 2949; x_wconf 84' lang='lat' dir='ltr'>left</span> <span class='ocrx_word' id='word_1_417' title='bbox 918 2905 1007 2953; x_wconf 88' lang='lat' dir='ltr'>only</span> <span class='ocrx_word' id='word_1_418' title='bbox 1062 2902 1128 2940; x_wconf 87' lang='lat' dir='ltr'>the</span> <span class='ocrx_word' id='word_1_419' title='bbox 1146 2905 1260 2954; x_wconf 86' lang='lat' dir='ltr'>proud</span> <span class='ocrx_word' id='word_1_420' title='bbox 1279 2903 1340 2940; x_wconf 80' lang='lat' dir='ltr'>his</span> <span class='ocrx_word' id='word_1_421' title='bbox 1359 2903 1436 2941; x_wconf 75' lang='lat' dir='ltr'>son-</span> <span class='ocrx_word' id='word_1_422' title='bbox 1453 2917 1525 2941; x_wconf 82' lang='lat' dir='ltr'>was</span> <span class='ocrx_word' id='word_1_423' title='bbox 1545 2902 1663 2940; x_wconf 80' lang='lat' dir='ltr'>killed</span> <span class='ocrx_word' id='word_1_424' title='bbox 1700 2903 1745 2952; x_wconf 87' lang='lat' dir='ltr'>by</span> <span class='ocrx_word' id='word_1_425' title='bbox 1772 2903 1929 2943; x_wconf 80' lang='lat' dir='ltr'>charles</span> 
     </span>
    </p>
   </div>
   <div class='ocr_carea' id='block_1_7' title="bbox 1068 2957 1923 3008">
    <p class='ocr_par' dir='ltr' id='par_1_10' title="bbox 1068 2957 1923 3008">
     <span class='ocr_line' id='line_1_44' title="bbox 1068 2957 1923 3008; baseline 0.002 -14"><span class='ocrx_word' id='word_1_426' title='bbox 1068 2957 1246 3007; x_wconf 87' lang='lat' dir='ltr'>Dauphin</span> <span class='ocrx_word' id='word_1_427' title='bbox 1260 2958 1306 2994; x_wconf 85' lang='lat' dir='ltr'>of</span> <span class='ocrx_word' id='word_1_428' title='bbox 1319 2958 1472 3002; x_wconf 78' lang='lat' dir='ltr'>France,</span> <span class='ocrx_word' id='word_1_429' title='bbox 1493 2970 1590 2993; x_wconf 81' lang='lat' dir='ltr'>anno</span> <span class='ocrx_word' id='word_1_430' title='bbox 1610 2968 1722 3005; x_wconf 73' lang='lat'>1419.</span> <span class='ocrx_word' id='word_1_431' title='bbox 1754 2957 1841 2994; x_wconf 82' lang='lat' dir='ltr'>The</span> <span class='ocrx_word' id='word_1_432' title='bbox 1862 2961 1923 3008; x_wconf 83' lang='lat' dir='ltr'>3d.</span> 
     </span>
    </p>
   </div>
   <div class='ocr_carea' id='block_1_8' title="bbox 151 3006 1931 3059">
    <p class='ocr_par' dir='ltr' id='par_1_11' title="bbox 151 3006 1931 3059">
     <span class='ocr_line' id='line_1_45' title="bbox 151 3006 1931 3059; baseline 0.002 -14"><span class='ocrx_word' id='word_1_433' title='bbox 151 3006 200 3046; x_wconf 83' lang='lat' dir='ltr'>he</span> <span class='ocrx_word' id='word_1_434' title='bbox 218 3022 294 3046; x_wconf 81' lang='lat' dir='ltr'>was</span> <span class='ocrx_word' id='word_1_435' title='bbox 310 3022 473 3058; x_wconf 85' lang='lat' dir='ltr'>younger</span> <span class='ocrx_word' id='word_1_436' title='bbox 490 3011 553 3048; x_wconf 85' lang='lat' dir='ltr'>son</span> <span class='ocrx_word' id='word_1_437' title='bbox 581 3019 619 3048; x_wconf 89' lang='lat' dir='ltr'>to</span> <span class='ocrx_word' id='word_1_438' title='bbox 637 3011 780 3048; x_wconf 86' lang='lat' dir='ltr'>Robert</span> <span class='ocrx_word' id='word_1_439' title='bbox 799 3010 865 3048; x_wconf 75' lang='lat' dir='ltr'>the</span> <span class='ocrx_word' id='word_1_440' title='bbox 878 3024 1012 3059; x_wconf 75' lang='lat' dir='ltr'>gover-</span> <span class='ocrx_word' id='word_1_441' title='bbox 1068 3010 1199 3059; x_wconf 82' lang='lat' dir='ltr'>Philip</span> <span class='ocrx_word' id='word_1_442' title='bbox 1218 3012 1283 3048; x_wconf 85' lang='lat' dir='ltr'>the</span> <span class='ocrx_word' id='word_1_443' title='bbox 1302 3012 1394 3058; x_wconf 83' lang='lat' dir='ltr'>good</span> <span class='ocrx_word' id='word_1_444' title='bbox 1412 3010 1472 3048; x_wconf 81' lang='lat' dir='ltr'>his</span> <span class='ocrx_word' id='word_1_445' title='bbox 1490 3010 1567 3046; x_wconf 84' lang='lat' dir='ltr'>son.</span> <span class='ocrx_word' id='word_1_446' title='bbox 1622 3021 1660 3057; x_wconf 77' lang='lat'>4.</span> <span class='ocrx_word' id='word_1_447' title='bbox 1682 3009 1839 3047; x_wconf 81' lang='lat' dir='ltr'>Charles</span> <span class='ocrx_word' id='word_1_448' title='bbox 1865 3011 1931 3049; x_wconf 86' lang='lat' dir='ltr'>the</span> 
     </span>
    </p>
   </div>
   <div class='ocr_carea' id='block_1_9' title="bbox 153 3061 1020 3590">
    <p class='ocr_par' dir='ltr' id='par_1_12' title="bbox 153 3061 1020 3590">
     <span class='ocr_line' id='line_1_46' title="bbox 153 3061 1015 3112; baseline 0.002 -14"><span class='ocrx_word' id='word_1_449' title='bbox 153 3074 223 3098; x_wconf 88' lang='lat' dir='ltr'>nor</span> <span class='ocrx_word' id='word_1_450' title='bbox 242 3076 254 3098; x_wconf 69' lang='grc' dir='ltr'>ι</span> <span class='ocrx_word' id='word_1_451' title='bbox 283 3061 381 3100; x_wconf 80' lang='lat' dir='ltr'>some</span> <span class='ocrx_word' id='word_1_452' title='bbox 410 3063 529 3100; x_wconf 86' lang='lat' dir='ltr'>think</span> <span class='ocrx_word' id='word_1_453' title='bbox 557 3063 736 3112; x_wconf 62' lang='lat' dir='ltr'>thel-cing</span> <span class='ocrx_word' id='word_1_454' title='bbox 753 3063 913 3103; x_wconf 84' lang='lat' dir='ltr'>claimed</span> <span class='ocrx_word' id='word_1_455' title='bbox 931 3064 1015 3104; x_wconf 80' lang='lat' dir='ltr'>that</span> 
     </span>
     <span class='ocr_line' id='line_1_47' title="bbox 156 3115 1017 3163; baseline 0.005 -13"><span class='ocrx_word' id='word_1_456' title='bbox 156 3116 282 3159; x_wconf 85' lang='lat' dir='ltr'>estate,</span> <span class='ocrx_word' id='word_1_457' title='bbox 315 3128 361 3156; x_wconf 62' lang='lat' dir='ltr'>as⁴</span> <span class='ocrx_word' id='word_1_458' title='bbox 381 3118 519 3154; x_wconf 81' lang='lat' dir='ltr'>nearest</span> <span class='ocrx_word' id='word_1_459' title='bbox 550 3115 633 3153; x_wconf 79' lang='lat' dir='ltr'>heir</span> <span class='ocrx_word' id='word_1_460' title='bbox 650 3126 687 3152; x_wconf 83' lang='lat' dir='ltr'>to</span> <span class='ocrx_word' id='word_1_461' title='bbox 706 3118 921 3155; x_wconf 80' lang='lat' dir='ltr'>Alexander</span> <span class='ocrx_word' id='word_1_462' title='bbox 939 3118 1017 3163; x_wconf 44' lang='lat' dir='ltr'>carl,</span> 
     </span>
     <span class='ocr_line' id='line_1_48' title="bbox 156 3166 1018 3218; baseline 0.006 -17"><span class='ocrx_word' id='word_1_463' title='bbox 156 3166 203 3203; x_wconf 80' lang='lat' dir='ltr'>of</span> <span class='ocrx_word' id='word_1_464' title='bbox 215 3166 400 3214; x_wconf 80' lang='lat' dir='ltr'>Buchan3</span> <span class='ocrx_word' id='word_1_465' title='bbox 447 3169 596 3206; x_wconf 77' lang='lat' dir='ltr'>because</span> <span class='ocrx_word' id='word_1_466' title='bbox 623 3169 688 3206; x_wconf 83' lang='lat' dir='ltr'>the</span> <span class='ocrx_word' id='word_1_467' title='bbox 706 3183 897 3218; x_wconf 62' lang='lat' dir='ltr'>governor,</span> <span class='ocrx_word' id='word_1_468' title='bbox 931 3170 1018 3206; x_wconf 75' lang='lat' dir='ltr'>who</span> 
     </span>
     <span class='ocr_line' id='line_1_49' title="bbox 159 3213 1019 3272; baseline 0.003 -16"><span class='ocrx_word' id='word_1_469' title='bbox 159 3213 233 3256; x_wconf 76' lang='lat' dir='ltr'>had</span> <span class='ocrx_word' id='word_1_470' title='bbox 250 3219 363 3266; x_wconf 77' lang='lat' dir='ltr'>gifted</span> <span class='ocrx_word' id='word_1_471' title='bbox 376 3221 408 3257; x_wconf 86' lang='lat' dir='ltr'>it</span> <span class='ocrx_word' id='word_1_472' title='bbox 423 3229 460 3257; x_wconf 80' lang='lat' dir='ltr'>to</span> <span class='ocrx_word' id='word_1_473' title='bbox 479 3221 536 3257; x_wconf 79' lang='lat' dir='ltr'>his</span> <span class='ocrx_word' id='word_1_474' title='bbox 552 3222 613 3258; x_wconf 82' lang='lat' dir='ltr'>son</span> <span class='ocrx_word' id='word_1_475' title='bbox 627 3222 744 3272; x_wconf 76' lang='lat' dir='ltr'>john,</span> <span class='ocrx_word' id='word_1_476' title='bbox 765 3222 836 3259; x_wconf 84' lang='lat' dir='ltr'>had</span> <span class='ocrx_word' id='word_1_477' title='bbox 857 3236 906 3260; x_wconf 86' lang='lat' dir='ltr'>no</span> <span class='ocrx_word' id='word_1_478' title='bbox 918 3223 1019 3269; x_wconf 80' lang='lat' dir='ltr'>right</span> 
     </span>
     <span class='ocr_line' id='line_1_50' title="bbox 159 3273 990 3322; baseline 0.001 -12"><span class='ocrx_word' id='word_1_479' title='bbox 159 3282 199 3310; x_wconf 88' lang='lat' dir='ltr'>to</span> <span class='ocrx_word' id='word_1_480' title='bbox 218 3273 378 3309; x_wconf 75' lang='lat' dir='ltr'>alienate</span> <span class='ocrx_word' id='word_1_481' title='bbox 390 3280 467 3322; x_wconf 53' lang='lat' dir='ltr'>*any</span> <span class='ocrx_word' id='word_1_482' title='bbox 483 3282 564 3322; x_wconf 84' lang='lat' dir='ltr'>part</span> <span class='ocrx_word' id='word_1_483' title='bbox 580 3274 623 3309; x_wconf 90' lang='lat' dir='ltr'>of</span> <span class='ocrx_word' id='word_1_484' title='bbox 637 3274 702 3310; x_wconf 83' lang='lat' dir='ltr'>the</span> <span class='ocrx_word' id='word_1_485' title='bbox 721 3275 848 3322; x_wconf 79' lang='lat' dir='ltr'>king’s</span> <span class='ocrx_word' id='word_1_486' title='bbox 866 3277 990 3311; x_wconf 62' lang='lat' dir='ltr'>estate.</span> 
     </span>
     <span class='ocr_line' id='line_1_51' title="bbox 215 3324 1019 3376; baseline 0.001 -15"><span class='ocrx_word' id='word_1_487' title='bbox 215 3325 280 3375; x_wconf 84' lang='lat'>(2)</span> <span class='ocrx_word' id='word_1_488' title='bbox 310 3324 449 3363; x_wconf 83' lang='lat' dir='ltr'>Others</span> <span class='ocrx_word' id='word_1_489' title='bbox 482 3327 565 3363; x_wconf 72' lang='lat' dir='ltr'>read</span> <span class='ocrx_word' id='word_1_490' title='bbox 594 3325 816 3376; x_wconf 79' lang='lat' dir='ltr'>Philippum</span> <span class='ocrx_word' id='word_1_491' title='bbox 845 3341 855 3375; x_wconf 86' lang='lat'><em>3</em></span> <span class='ocrx_word' id='word_1_492' title='bbox 885 3329 944 3364; x_wconf 84' lang='lat' dir='ltr'>for</span> <span class='ocrx_word' id='word_1_493' title='bbox 961 3327 1019 3374; x_wconf 62' lang='lat' dir='ltr'>say</span> 
     </span>
     <span class='ocr_line' id='line_1_52' title="bbox 161 3376 1019 3428; baseline -0.001 -11"><span class='ocrx_word' id='word_1_494' title='bbox 161 3377 265 3428; x_wconf 85' lang='lat' dir='ltr'>they,</span> <span class='ocrx_word' id='word_1_495' title='bbox 285 3376 440 3416; x_wconf 57' lang='lat' dir='ltr'>Charlesss</span> <span class='ocrx_word' id='word_1_496' title='bbox 456 3379 556 3415; x_wconf 68' lang='lat' dir='ltr'>dulc-e</span> <span class='ocrx_word' id='word_1_497' title='bbox 577 3379 621 3415; x_wconf 87' lang='lat' dir='ltr'>of</span> <span class='ocrx_word' id='word_1_498' title='bbox 635 3378 833 3428; x_wconf 72' lang='lat' dir='ltr'>Hurgundy</span> <span class='ocrx_word' id='word_1_499' title='bbox 853 3392 926 3416; x_wconf 75' lang='lat' dir='ltr'>was</span> <span class='ocrx_word' id='word_1_500' title='bbox 953 3391 1019 3416; x_wconf 83' lang='lat' dir='ltr'>not</span> 
     </span>
     <span class='ocr_line' id='line_1_53' title="bbox 164 3431 1018 3468; baseline 0 0"><span class='ocrx_word' id='word_1_501' title='bbox 164 3433 255 3468; x_wconf 85' lang='lat' dir='ltr'>born</span> <span class='ocrx_word' id='word_1_502' title='bbox 273 3440 311 3468; x_wconf 85' lang='lat' dir='ltr'>at</span> <span class='ocrx_word' id='word_1_503' title='bbox 329 3431 406 3468; x_wconf 86' lang='lat' dir='ltr'>this</span> <span class='ocrx_word' id='word_1_504' title='bbox 423 3433 515 3468; x_wconf 87' lang='lat' dir='ltr'>time</span> <span class='ocrx_word' id='word_1_505' title='bbox 537 3446 547 3468; x_wconf 89' lang='lat'>:</span> <span class='ocrx_word' id='word_1_506' title='bbox 584 3431 689 3467; x_wconf 87' lang='lat' dir='ltr'>there</span> <span class='ocrx_word' id='word_1_507' title='bbox 706 3445 802 3468; x_wconf 82' lang='lat' dir='ltr'>were</span> <span class='ocrx_word' id='word_1_508' title='bbox 825 3433 864 3468; x_wconf 88' lang='lat' dir='ltr'>in</span> <span class='ocrx_word' id='word_1_509' title='bbox 883 3433 933 3468; x_wconf 86' lang='lat' dir='ltr'>all</span> <span class='ocrx_word' id='word_1_510' title='bbox 953 3432 1018 3468; x_wconf 88' lang='lat' dir='ltr'>but</span> 
     </span>
     <span class='ocr_line' id='line_1_54' title="bbox 161 3483 1018 3533; baseline -0.004 -10"><span class='ocrx_word' id='word_1_511' title='bbox 161 3496 190 3532; x_wconf 83' lang='lat'>4</span> <span class='ocrx_word' id='word_1_512' title='bbox 207 3484 323 3522; x_wconf 80' lang='lat' dir='ltr'>dukes</span> <span class='ocrx_word' id='word_1_513' title='bbox 337 3484 381 3521; x_wconf 91' lang='lat' dir='ltr'>of</span> <span class='ocrx_word' id='word_1_514' title='bbox 395 3484 607 3533; x_wconf 78' lang='lat' dir='ltr'>Burgundy,</span> <span class='ocrx_word' id='word_1_515' title='bbox 646 3498 678 3521; x_wconf 87' lang='lat'>1.</span> <span class='ocrx_word' id='word_1_516' title='bbox 702 3484 830 3533; x_wconf 80' lang='lat' dir='ltr'>Philip</span> <span class='ocrx_word' id='word_1_517' title='bbox 848 3483 914 3520; x_wconf 87' lang='lat' dir='ltr'>the</span> <span class='ocrx_word' id='word_1_518' title='bbox 930 3485 1018 3520; x_wconf 83' lang='lat' dir='ltr'>har·-</span> 
     </span>
     <span class='ocr_line' id='line_1_55' title="bbox 163 3536 1020 3590; baseline 0.002 -15"><span class='ocrx_word' id='word_1_519' title='bbox 163 3540 206 3588; x_wconf 85' lang='lat' dir='ltr'>dy</span> <span class='ocrx_word' id='word_1_520' title='bbox 243 3538 355 3576; x_wconf 82' lang='lat' dir='ltr'>about</span> <span class='ocrx_word' id='word_1_521' title='bbox 389 3536 454 3575; x_wconf 86' lang='lat' dir='ltr'>the</span> <span class='ocrx_word' id='word_1_522' title='bbox 483 3550 568 3587; x_wconf 75' lang='lat' dir='ltr'>year</span> <span class='ocrx_word' id='word_1_523' title='bbox 590 3537 705 3589; x_wconf 79' lang='lat'><em>1380.</em></span> <span class='ocrx_word' id='word_1_524' title='bbox 734 3548 814 3580; x_wconf 98' lang='grc'>3,</span> <span class='ocrx_word' id='word_1_525' title='bbox 832 3537 936 3590; x_wconf 82' lang='lat' dir='ltr'>John</span> <span class='ocrx_word' id='word_1_526' title='bbox 955 3537 1020 3577; x_wconf 71' lang='lat' dir='ltr'>the</span> 
     </span>
    </p>
   </div>
   <div class='ocr_carea' id='block_1_10' title="bbox 1069 3060 1938 3589">
    <p class='ocr_par' dir='ltr' id='par_1_13' title="bbox 1069 3060 1938 3589">
     <span class='ocr_line' id='line_1_56' title="bbox 1069 3060 1929 3111; baseline 0.001 -10"><span class='ocrx_word' id='word_1_527' title='bbox 1069 3065 1228 3101; x_wconf 81' lang='lat' dir='ltr'>warlike</span> <span class='ocrx_word' id='word_1_528' title='bbox 1245 3065 1304 3101; x_wconf 88' lang='lat' dir='ltr'>his</span> <span class='ocrx_word' id='word_1_529' title='bbox 1323 3064 1402 3109; x_wconf 87' lang='lat' dir='ltr'>son,</span> <span class='ocrx_word' id='word_1_530' title='bbox 1439 3063 1552 3111; x_wconf 81' lang='lat'><strong>1466.</strong></span> <span class='ocrx_word' id='word_1_531' title='bbox 1589 3060 1626 3098; x_wconf 87' lang='lat' dir='ltr'>so</span> <span class='ocrx_word' id='word_1_532' title='bbox 1654 3061 1731 3099; x_wconf 82' lang='lat' dir='ltr'>this</span> <span class='ocrx_word' id='word_1_533' title='bbox 1762 3063 1929 3102; x_wconf 88' lang='lat' dir='ltr'>behoved</span> 
     </span>
     <span class='ocr_line' id='line_1_57' title="bbox 1069 3116 1932 3168; baseline 0.001 -14"><span class='ocrx_word' id='word_1_534' title='bbox 1069 3125 1109 3154; x_wconf 86' lang='lat' dir='ltr'>to</span> <span class='ocrx_word' id='word_1_535' title='bbox 1125 3117 1168 3154; x_wconf 90' lang='lat' dir='ltr'>be</span> <span class='ocrx_word' id='word_1_536' title='bbox 1194 3118 1317 3153; x_wconf 85' lang='lat' dir='ltr'>either</span> <span class='ocrx_word' id='word_1_537' title='bbox 1337 3116 1451 3168; x_wconf 84' lang='lat' dir='ltr'>·Jobn</span> <span class='ocrx_word' id='word_1_538' title='bbox 1480 3116 1544 3152; x_wconf 87' lang='lat' dir='ltr'>the</span> <span class='ocrx_word' id='word_1_539' title='bbox 1575 3116 1704 3163; x_wconf 79' lang='lat' dir='ltr'>prouti,</span> <span class='ocrx_word' id='word_1_540' title='bbox 1737 3129 1778 3152; x_wconf 92' lang='lat' dir='ltr'>or</span> <span class='ocrx_word' id='word_1_541' title='bbox 1797 3117 1932 3168; x_wconf 77' lang='lat' dir='ltr'>Philip</span> 
     </span>
     <span class='ocr_line' id='line_1_58' title="bbox 1072 3167 1932 3220; baseline 0.002 -13"><span class='ocrx_word' id='word_1_542' title='bbox 1072 3169 1138 3207; x_wconf 86' lang='lat' dir='ltr'>the</span> <span class='ocrx_word' id='word_1_543' title='bbox 1157 3172 1247 3217; x_wconf 82' lang='lat' dir='ltr'>good</span> <span class='ocrx_word' id='word_1_544' title='bbox 1274 3185 1286 3218; x_wconf 83' lang='lat'>3</span> <span class='ocrx_word' id='word_1_545' title='bbox 1324 3169 1390 3205; x_wconf 87' lang='lat' dir='ltr'>but</span> <span class='ocrx_word' id='word_1_546' title='bbox 1416 3168 1520 3220; x_wconf 83' lang='lat' dir='ltr'>John</span> <span class='ocrx_word' id='word_1_547' title='bbox 1547 3167 1613 3204; x_wconf 78' lang='lat' dir='ltr'>the</span> <span class='ocrx_word' id='word_1_548' title='bbox 1630 3171 1744 3216; x_wconf 74' lang='lat' dir='ltr'>proud</span> <span class='ocrx_word' id='word_1_549' title='bbox 1765 3169 1873 3218; x_wconf 86' lang='lat' dir='ltr'>being</span> <span class='ocrx_word' id='word_1_550' title='bbox 1891 3172 1932 3209; x_wconf 82' lang='lat' dir='ltr'>in</span> 
     </span>
     <span class='ocr_line' id='line_1_59' title="bbox 1072 3218 1934 3274; baseline 0.005 -16"><span class='ocrx_word' id='word_1_551' title='bbox 1072 3223 1265 3259; x_wconf 76' lang='lat' dir='ltr'>continual</span> <span class='ocrx_word' id='word_1_552' title='bbox 1295 3222 1492 3258; x_wconf 80' lang='lat' dir='ltr'>diffention</span> <span class='ocrx_word' id='word_1_553' title='bbox 1525 3220 1621 3257; x_wconf 80' lang='lat' dir='ltr'>with</span> <span class='ocrx_word' id='word_1_554' title='bbox 1659 3221 1722 3258; x_wconf 79' lang='lat' dir='ltr'>the</span> <span class='ocrx_word' id='word_1_555' title='bbox 1753 3218 1934 3274; x_wconf 75' lang='lat' dir='ltr'>Dauphin</span> 
     </span>
     <span class='ocr_line' id='line_1_60' title="bbox 1073 3273 1934 3327; baseline 0.005 -16"><span class='ocrx_word' id='word_1_556' title='bbox 1073 3275 1123 3311; x_wconf 83' lang='lat' dir='ltr'>all</span> <span class='ocrx_word' id='word_1_557' title='bbox 1143 3274 1201 3311; x_wconf 80' lang='lat' dir='ltr'>his</span> <span class='ocrx_word' id='word_1_558' title='bbox 1221 3275 1330 3320; x_wconf 86' lang='lat' dir='ltr'>time,</span> <span class='ocrx_word' id='word_1_559' title='bbox 1349 3274 1422 3311; x_wconf 83' lang='lat' dir='ltr'>had</span> <span class='ocrx_word' id='word_1_560' title='bbox 1437 3287 1486 3311; x_wconf 90' lang='lat' dir='ltr'>no</span> <span class='ocrx_word' id='word_1_561' title='bbox 1501 3287 1592 3310; x_wconf 83' lang='lat' dir='ltr'>wars</span> <span class='ocrx_word' id='word_1_562' title='bbox 1608 3273 1702 3311; x_wconf 78' lang='lat' dir='ltr'>with</span> <span class='ocrx_word' id='word_1_563' title='bbox 1723 3275 1824 3314; x_wconf 83' lang='lat' dir='ltr'>these</span> <span class='ocrx_word' id='word_1_564' title='bbox 1843 3289 1934 3327; x_wconf 85' lang='lat' dir='ltr'>peo-</span> 
     </span>
     <span class='ocr_line' id='line_1_61' title="bbox 1073 3326 1938 3379; baseline 0.007 -16"><span class='ocrx_word' id='word_1_565' title='bbox 1073 3328 1161 3376; x_wconf 77' lang='lat' dir='ltr'>ple3</span> <span class='ocrx_word' id='word_1_566' title='bbox 1190 3329 1260 3363; x_wconf 85' lang='lat' dir='ltr'>and</span> <span class='ocrx_word' id='word_1_567' title='bbox 1290 3341 1345 3364; x_wconf 87' lang='lat' dir='ltr'>we</span> <span class='ocrx_word' id='word_1_568' title='bbox 1376 3329 1460 3364; x_wconf 89' lang='lat' dir='ltr'>read</span> <span class='ocrx_word' id='word_1_569' title='bbox 1491 3326 1575 3363; x_wconf 81' lang='lat' dir='ltr'>that</span> <span class='ocrx_word' id='word_1_570' title='bbox 1593 3327 1724 3378; x_wconf 82' lang='lat' dir='ltr'>Philip</span> <span class='ocrx_word' id='word_1_571' title='bbox 1759 3329 1823 3367; x_wconf 83' lang='lat' dir='ltr'>the</span> <span class='ocrx_word' id='word_1_572' title='bbox 1843 3333 1938 3379; x_wconf 84' lang='lat' dir='ltr'>good</span> 
     </span>
     <span class='ocr_line' id='line_1_62' title="bbox 1073 3379 1934 3422; baseline 0.008 -7"><span class='ocrx_word' id='word_1_573' title='bbox 1073 3379 1162 3416; x_wconf 85' lang='lat' dir='ltr'>had.</span> <span class='ocrx_word' id='word_1_574' title='bbox 1193 3380 1334 3416; x_wconf 87' lang='lat' dir='ltr'>Others</span> <span class='ocrx_word' id='word_1_575' title='bbox 1353 3381 1476 3417; x_wconf 81' lang='lat' dir='ltr'>would</span> <span class='ocrx_word' id='word_1_576' title='bbox 1493 3379 1589 3417; x_wconf 82' lang='lat' dir='ltr'>have</span> <span class='ocrx_word' id='word_1_577' title='bbox 1602 3393 1642 3417; x_wconf 87' lang='lat' dir='ltr'>us</span> <span class='ocrx_word' id='word_1_578' title='bbox 1661 3390 1698 3418; x_wconf 89' lang='lat' dir='ltr'>to</span> <span class='ocrx_word' id='word_1_579' title='bbox 1718 3386 1802 3419; x_wconf 76' lang='lat' dir='ltr'>read</span> <span class='ocrx_word' id='word_1_580' title='bbox 1821 3386 1934 3422; x_wconf 81' lang='lat' dir='ltr'>Ioan-</span> 
     </span>
     <span class='ocr_line' id='line_1_63' title="bbox 1074 3433 1937 3487; baseline 0.008 -20"><span class='ocrx_word' id='word_1_581' title='bbox 1074 3445 1176 3473; x_wconf 59' lang='lat' dir='ltr'>nem,</span> <span class='ocrx_word' id='word_1_582' title='bbox 1196 3434 1372 3481; x_wconf 73' lang='lat' dir='ltr'>meaning</span> <span class='ocrx_word' id='word_1_583' title='bbox 1389 3433 1492 3485; x_wconf 87' lang='lat' dir='ltr'>John</span> <span class='ocrx_word' id='word_1_584' title='bbox 1511 3433 1577 3471; x_wconf 88' lang='lat' dir='ltr'>the</span> <span class='ocrx_word' id='word_1_585' title='bbox 1596 3437 1724 3483; x_wconf 87' lang='lat' dir='ltr'>proud,</span> <span class='ocrx_word' id='word_1_586' title='bbox 1762 3437 1847 3475; x_wconf 88' lang='lat' dir='ltr'>who</span> <span class='ocrx_word' id='word_1_587' title='bbox 1876 3437 1937 3487; x_wconf 87' lang='lat' dir='ltr'>say</span> 
     </span>
     <span class='ocr_line' id='line_1_64' title="bbox 1074 3484 1937 3575; baseline 0.006 -54"><span class='ocrx_word' id='word_1_588' title='bbox 1074 3484 1177 3575; x_wconf 50' lang='lat' dir='ltr'>theyg</span> <span class='ocrx_word' id='word_1_589' title='bbox 1214 3486 1335 3524; x_wconf 84' lang='lat' dir='ltr'>killed</span> <span class='ocrx_word' id='word_1_590' title='bbox 1369 3499 1514 3537; x_wconf 82' lang='lat'>30,000</span> <span class='ocrx_word' id='word_1_591' title='bbox 1544 3488 1589 3526; x_wconf 91' lang='lat' dir='ltr'>of</span> <span class='ocrx_word' id='word_1_592' title='bbox 1613 3486 1679 3529; x_wconf 86' lang='lat' dir='ltr'>the</span> <span class='ocrx_word' id='word_1_593' title='bbox 1709 3488 1878 3538; x_wconf 72' lang='lat' dir='ltr'>Liegeois</span> <span class='ocrx_word' id='word_1_594' title='bbox 1897 3490 1937 3528; x_wconf 84' lang='lat' dir='ltr'>in</span> 
     </span>
     <span class='ocr_line' id='line_1_65' title="bbox 1080 3550 1197 3589; baseline 0 -13"><span class='ocrx_word' id='word_1_595' title='bbox 1080 3550 1153 3589; x_wconf 79' lang='lat'>140</span> <span class='ocrx_word' id='word_1_596' title='bbox 1188 3566 1197 3577; x_wconf 92' lang='lat'><strong>.</strong></span> 
     </span>
    </p>
   </div>
   <div class='ocr_carea' id='block_1_11' title="bbox 1795 3668 1946 3724">
    <p class='ocr_par' dir='ltr' id='par_1_14' title="bbox 1795 3668 1946 3724">
     <span class='ocr_line' id='line_1_66' title="bbox 1795 3668 1946 3724; baseline 0.026 -22"><span class='ocrx_word' id='word_1_597' title='bbox 1795 3668 1946 3724; x_wconf 57' lang='lat' dir='ltr'>cutus,</span> 
     </span>
    </p>
   </div>
  </div>
 </body>
</html>
