2055 3828
185 141 324 224 256
490 143 844 210 RERUM
933 139 1620 208 Scor-teitaun

178 239 307 288 deret
326 239 556 304 procella:
588 255 640 286 ac
664 250 759 284 tum
777 237 966 283 demum
998 235 1056 282 ad
1075 247 1235 282 eorum
1269 245 1421 281 motus
1453 236 1736 296 consiligffia
1753 246 1935 289 aecem*

180 304 417 364 modarent
441 325 455 359 ς
485 309 533 354 &
557 302 681 364 quod
701 312 922 348 autumno
945 298 1172 362 superiore
1192 297 1251 346 ab
1283 298 1406 347 hoste
1427 297 1594 347 facturn
1628 300 1932 360 observarant,

180 367 397 418 diversam
420 382 517 416 tum
537 364 700 413 Scotiae
718 363 954 428 regionem
974 361 1152 428 ingresfi
1171 363 1301 411 clade
1319 362 1497 412 cladem
1515 364 1828 426 rependerent.
1855 370 1935 415 In·

179 443 303 481 terea
331 432 519 480 mittunt
549 429 902 492 exploratorem,
923 427 1005 491 qui
1034 428 1092 475 de
1113 428 1236 475 hoste
1257 426 1521 491 propinquo
1553 433 1747 477 certiora
1779 432 1935 479 omnia

124 546 128 556 ,
178 496 464 546 renunciaret
484 514 494 542 :
515 493 643 556 qubd
664 492 829 541 referre
852 504 1064 556 putarent
1079 491 1330 554 plurimum
1352 508 1444 539 non
1468 493 1607 541 modo
1628 492 1846 548 instituta,
1859 489 1936 543 sed
1998 528 2008 542 .

179 559 540 622 facta‚di&aque
552 559 774 630 postrema
791 573 848 606 co
885 557 1024 605 nosci.
1077 555 1172 619 Qi
1193 555 1342 604 miffus
1364 568 1459 604 erat
1479 557 1584 605 cum
1603 557 1822 612 sermone,
1837 558 1939 605 cul-

173 636 248 679 tu,
272 636 446 670 armatu
468 622 586 670 nihu
604 621 630 668 ὲ
647 621 822 669 caeteris
877 622 1064 676 ifferret,
1089 621 1222 669 facile
1237 637 1320 684 pro
1344 621 1488 681 Scoto³
1504 620 1688 670 fefellit.
1764 622 1936 670 Omni-

179 688 264 735 bus
291 703 397 734 vero
417 703 520 750 quae
543 686 651 734 scire
671 684 904 742 intererat,
929 685 1030 733 satis
1051 684 1298 748 compertis
1319 686 1378 733 ad
1406 702 1598 748 equum,
1620 698 1756 748 quem
1784 687 1936 734 arbori

182 752 409 814 alligarat,
433 751 611 803 rediens
632 766 736 798 eum
760 751 884 798 furto
906 749 988 797 fibi
1006 750 1208 798 ablatum
1231 750 1314 798 esse
1336 749 1656 811 deprehendit.
1715 749 1865 813 Igitur
1885 769 1939 798 o-

180 828 372 869 creatus,
394 816 652 877 penulatus,
676 814 869 862 calearia
895 813 1101 869 indutus,
1121 816 1314 876 totoque
1350 814 1510 861 habitu
1540 813 1730 877 equestri
1754 829 1858 861 cum
1894 815 1941 862 se

177 879 317 941 pedes
338 880 396 926 ad
418 879 504 926 iter
523 879 728 935 dediffet,
753 879 894 942 coepi't
915 895 984 924 res
1006 879 1089 925 effe
1111 878 1305 941 suspecta
1323 892 1339 924 ·:
1371 879 1521 940 e6que
1543 893 1646 926 cum
1677 878 1939 942 longiuscu-

179 943 223 989 le
241 944 422 999 abeffet,
446 943 578 991 mistis
606 943 837 1007 equitibus
860 944 985 989 velut
1008 943 1032 990 ὲ
1056 941 1166 1005 fuga
1188 944 1421 997 retractus,
1445 948 1485 989 &
1508 943 1677 990 interro
1713 956 1811 989 atus
1835 942 1939 1005 quis

180 1013 221 1054 &
245 1008 365 1055 unde
383 1009 504 1062 effet,
526 1008 697 1070 quidve
719 1008 781 1054 ita
803 1004 965 1063 abiret,
984 1009 1089 1055 cu'm
1117 1022 1208 1053 non
1236 1006 1337 1053 satis
1359 1007 1611 1053 constanter
1632 960 1939 1068 reiponderet,

181 1073 238 1120 ad
260 1073 396 1120 duces
416 1072 638 1120 exercitus
662 1073 909 1136 productus
931 1086 1055 1120 metu
1078 1070 1298 1135 gravioris
1319 1085 1470 1134 poenae
1487 1069 1656 1130 injecto
1679 1072 1940 1135 Anglorum

180 1136 366 1185 consilia
386 1136 450 1183 eis
472 1136 664 1198 aperuit.
1051 1165 1057 1172 ·

244 1201 373 1249 LVI.
397 1201 520 1249 Scoti
542 1217 652 1264 ergo
671 1201 742 1248 his
767 1197 1032 1263 compertis,
1047 1205 1085 1247 a
1105 1200 1185 1263 ipsi
1204 1199 1269 1247 rei
1290 1198 1479 1262 agendae
1502 1198 1710 1246 ordinem
1730 1211 1938 1247 mutante
2010 1199 2014 1203 ’
2054 1259 2055 1271 ¹

182 1264 433 1312 exercitum
457 1265 669 1312 dividunt
691 1266 770 1318 ita,
805 1280 852 1311 ut
878 1266 1020 1325 major
1042 1281 1142 1326 pars
1166 1264 1429 1311 Carleolum
1454 1265 1601 1310 versus
1624 1263 1710 1310 iter
1731 1264 1942 1311 intende-

182 1342 267 1383 ret,
290 1329 425 1394 eique
460 1330 694 1393 praeeffent
715 1331 807 1376 duo
831 1329 972 1392 Regis
996 1329 1076 1375 tilii
1101 1328 1230 1383 Fifae,
1252 1333 1289 1374 a
1315 1329 1474 1375 Ierniae
1499 1327 1704 1375 Comites
1730 1345 1740 1373 ε
1776 1341 1941 1391 praete-

179 1408 256 1440 rea
275 1394 547 1442 Arcibaldus
569 1393 827 1458 Duglassius
849 1393 1220 1446 Gallovidianus‚
1246 1392 1540 1455 Comitesque
1564 1393 1765 1448 Martiae,
1791 1399 1830 1439 δι
1854 1395 1941 1440 Su·

179 1457 450 1505 therlandiae
475 1475 485 1504 :
517 1459 703 1505 alteram
737 1475 841 1520 quae
863 1457 1245 1505 Northumbriarn
1275 1457 1605 1519 ingrederetur,
1630 1458 1846 1506 ducerent
1869 1459 1942 1505 Ia·

183 1522 325 1570 cobus
364 1521 626 1595 Duglaffiae,
652 1528 692 1570 δι
717 1523 809 1568 duo
834 1522 989 1568 fratres
1022 1520 1268 1569 Dumbarii
1291 1519 1524 1581 Georgius
1557 1528 1594 1567 δι
1632 1524 1842 1576 loannes,
1865 1522 1942 1569 hic

187 1586 429 1639 Moravize,
454 1588 532 1633 ille
551 1586 739 1633 Marciae
764 1585 986 1632 Comites.
1038 1585 1097 1631 Iis
1117 1585 1324 1632 attributi.
1348 1585 1537 1632 trecenti
1560 1585 1754 1647 equites,
1777 1590 1824 1635 &
1849 1587 1943 1633 duo

186 1649 333 1697 millia
352 1651 557 1713 peditum
584 1663 746 1712 praeter
762 1650 968 1710 equitum
990 1649 1228 1696 ministros,
1298 1648 1510 1711 Singulos
1534 1650 1656 1696 enim
1679 1650 1854 1710 equites
1879 1654 1943 1698 ie-

184 1726 388 1778 quuntur
410 1714 649 1762 minimum
672 1714 833 1777 singuli
854 1715 1020 1760 robusti
1040 1712 1244 1765 ministri,
1261 1714 1338 1774 qui
1360 1712 1520 1760 leviter
1541 1713 1702 1759 armati
1719 1724 1945 1776 equorum

187 1795 333 1842 prope
356 1780 533 1825 cursum
558 1779 819 1841 ndaequant,
846 1784 884 1825 ει
908 1794 1009 1824 curn
1045 1794 1112 1824 res
1147 1777 1285 1840 poscit
1310 1793 1494 1825 manum
1518 1793 1622 1823 cum
1647 1778 1768 1824 hoste
1791 1780 1944 1826 conse-

189 1857 310 1890 runt.
350 1842 612 1906 Dispertitis
637 1843 699 1891 ita
716 1843 880 1905 copiis,
904 1843 986 1905 qui
1009 1843 1053 1888 in
1080 1841 1369 1895 Cumbriam,
1390 1847 1429 1888 δι
1454 1842 1717 1889 Carleolum
1738 1842 1885 1891 versus
1906 1844 1944 1890 i-

187 1922 258 1954 ter
291 1906 578 1956 intenderant
612 1922 715 1954 curn
739 1907 940 1954 exercitu
970 1907 1124 1954 valido
1147 1909 1305 1952 cuncta
1342 1905 1528 1962 ferrent,
1560 1920 1840 1970 agerentque
1860 1910 1946 1955 ho-

192 1974 297 2018 ssern
322 1972 511 2020 obvium
534 1988 625 2018 non
651 1971 922 2019 habuerunt.
991 1969 1228 2034 Duglaffio
1249 1971 1294 2017 in
1330 1970 1502 2018 diversa
1557 1982 1649 2017 arte
1681 1971 1835 2018 omnia
1868 1990 1948 2020 va-

192 2037 322 2084 stanti
349 2053 439 2084 non
462 2036 621 2084 eadem
645 2036 828 2082 fortuna
852 2036 956 2082 fuit.
1011 2034 1330 2097 Expeditionis
1366 2033 1488 2081 enim
1540 2050 1607 2081 uae
1637 2034 1859 2083 rationem
1884 2037 1949 2085 ita
1997 2042 2007 2052 “

191 2100 458 2156 instituerat,
476 2113 680 2163 utquam
701 2099 896 2162 magnis,
916 2106 953 2147 ἃ·
970 2098 1161 2146 occultis
1185 2101 1326 2161 posset
1346 2098 1584 2146 itineribus
1603 2096 1845 2147 transmissa
1858 2102 1946 2149 Ti.

190 2181 249 2211 na
267 2165 553 2212 Dunelmum
578 2163 844 2228 praetcriret‚
863 2180 914 2211 ac
938 2177 1034 2210 tum
1055 2164 1240 2210 demum
1264 2162 1553 2226 populationi
1576 2162 1617 2209 se
1641 2164 1784 2210 daret.
1818 2166 1867 2212 Id
1889 2168 1949 2213 ab

190 2229 256 2275 cis
279 2242 405 2277 tanta
430 2246 534 2276 cum
565 2227 812 2282 celeritate,
835 2230 888 2280 δε
919 2228 1100 2276 silentio
1122 2227 1289 2274 saelum
1311 2227 1387 2281 cst,
1414 2239 1464 2273 ut
1485 2226 1684 2290 primum
1715 2228 1792 2275 ubi
1811 2231 1949 2278 effent

191 2294 337 2340 hostes
370 2311 428 2341 ex
450 2293 766 2341 incer-‚diorum
798 2292 928 2339 fumo
957 2291 1269 2356 intelligerent
1302 2291 1465 2356 Angli.
1528 2292 1710 2339 Percius
1734 2292 1878 2341 senior
1900 2296 1978 2342 in‘

192 2357 548 2413 Northumbria,
570 2362 619 2407 δε
641 2355 805 2405 vicinis
828 2355 1093 2420 regionibus
1115 2356 1380 2402 auctoritate
1410 2361 1451 2404 δι
1472 2355 1638 2418 opibus
1660 2357 1800 2420 longe
1823 2359 1949 2419 prin-

190 2438 295 2478 ceps
319 2436 415 2470 crat
440 2442 451 2469 :
488 2440 535 2470 re
564 2423 621 2469 ad
643 2438 749 2469 eum
772 2421 923 2468 delata
947 2421 1063 2468 duos
1086 2420 1202 2467 filios
1225 2419 1416 2480 juvenes
1438 2419 1794 2482 impigerrimos,
1815 2423 1951 2469 Hen·
2030 2456 2036 2463 -

189 2483 340 2534 ticum
363 2492 404 2534 &
428 2486 680 2534 Rodolfum
705 2485 763 2533 ad
790 2486 982 2534 Novum
1011 2485 1201 2538 castrum
1227 2483 1484 2546 praemittit,
1507 2483 1681 2531 caeten's
1702 2487 1759 2545 eo
1781 2501 1952 2533 conve·

195 2549 294 2597 nire
312 2551 450 2612 jussis,
468 2567 524 2597 eo
548 2550 745 2597 maxime
764 2549 971 2604 consilio,
993 2561 1042 2595 ut
1061 2550 1218 2595 Scotos
1237 2548 1386 2596 reditu
1409 2549 1465 2596 ad
1487 2548 1587 2595 suos
1609 2547 1958 2606 intercluderete
2007 2554 2014 2568 ⁸

193 2613 272 2662 Illi
305 2631 413 2661 vero
435 2630 546 2678 agro
568 2614 871 2662 Dunelmensz
902 2613 1039 2677 longi:
1067 2611 1335 2662 fertiliffimo
1357 2611 1483 2659 omni
1505 2611 1617 2659 belli
1638 2614 1767 2661 clade
1789 2616 1953 2663 affefto
2030 2634 2037 2652 ⁶

190 2677 346 2741 praeda
362 2677 541 2742 ingenti
552 2677 689 2741 potiti
699 2679 746 2726 T
749 2678 871 2725 inam
885 2677 1050 2724 iterum
1066 2676 1296 2724 transeunt
1312 2678 1370 2724 ad
1384 2678 1471 2724 tria
1482 2677 1574 2724 fere
1587 2677 1732 2725 millia
1749 2681 1952 2742 passuum

192 2741 326 2805 supra
344 2742 535 2791 Novum
559 2744 764 2790 castrum.
832 2741 906 2789 Ibi
934 2741 1144 2789 homines
1164 2740 1294 2787 domi
1312 2740 1506 2794 nobiles,
1527 2746 1567 2787 δι
1586 2741 1750 2806 gloriae
1773 2743 1953 2807 cupidi,

195 2811 238 2854 ὃ(
266 2806 357 2854 hoc
373 2806 683 2869 qualicunque
706 2805 899 2852 successu
933 2805 1039 2853 elati
1071 2818 1202 2868 turpe
1230 2804 1314 2853 fibi
1334 2805 1579 2859 ducebant,
1609 2805 1639 2853 st
1664 2806 1832 2853 rusticis
1855 2820 1954 2855 tan-
2027 2815 2033 2819 '

191 2878 313 2923 tum,
334 2886 386 2917 ac
408 2887 500 2918 non
521 2869 662 2917 etiam
684 2869 873 2917 urbibus
892 2867 1367 2930 terrorem-inferrent,
1379 2870 1435 2914 ad
1457 2868 1645 2916 Novum
1660 2870 1848 2917 castrum
1872 2871 1954 2918 ad⁴

192 2933 403 2996 equitant
430 2953 441 2981 ε
477 2939 518 2982 δι
549 2933 945 2997 oppugnationem
967 2930 1238 2980 comminati
1266 2932 1556 2980 contumeliis
1588 2933 1761 2981 hostem
1790 2935 1957 2984 elicere

191 3010 387 3047 tentant.

259 3063 417 3111 LVII.
442 3063 564 3111 Cum
583 3061 776 3110 biduum
798 3060 867 3109 ibi
885 3061 1152 3112 restitiss‘ent‚
1176 3076 1228 3107 ac
1249 3059 1368 3107 levia
1389 3061 1658 3124 plaerunque
1674 3059 1803 3109 vario
1817 3075 1958 3110 even·

197 3133 248 3173 tu
266 3127 516 3182 certamina
537 3125 872 3179 conseruissent,
896 3141 1036 3173 unum
1062 3136 1231 3179 tamen,
1253 3139 1307 3171 ac
1326 3127 1601 3188 postremum
1619 3124 1863 3188 posteriore
1880 3125 1956 3174 die

198 3188 279 3236 sub
301 3191 536 3254 vesperum
554 3192 766 3238 omnium
785 3207 882 3246 ora,
904 3189 1151 3252 oculosque
1171 3189 1219 3236 in
1243 3188 1284 3235 se
1305 3190 1547 3237 convertit.
1613 3190 1704 3251 Ipsi
1725 3189 1847 3236 enirn
1869 3191 1958 3239 du·

198 3267 274 3300 ces
291 3271 475 3316 genere,
494 3254 678 3318 opibus,
693 3267 845 3310 aetate,
865 3266 1002 3365 atque
1024 3252 1188 3302 animis
1205 3269 1323 3316 pene
1344 3269 1474 3316 pares
1492 3253 1711 3302 decot‘um
1733 3253 1958 3301 existima-

199 3314 313 3363 bant
335 3317 376 3364 se
397 3318 457 3365 ab
480 3331 674 3382 utroque
694 3318 898 3367 exercitu
942 3317 1111 3381 pectari
1133 3329 1406 3380 pugnantes.
1473 3316 1625 3380 igitur
1644 3334 1749 3366 cum
1771 3333 1829 3364 ex
1851 3332 1958 3380 pro⁹
2019 3326 2028 3337 '

198 3380 444 3428 vocatione
477 3383 776 3445 proceffissent
804 3381 853 3430 in
889 3381 1094 3430 medium
1128 3382 1321 3428 Iacobus
1354 3381 1633 3444 Duglaffius,
1655 3384 1706 3433 δε
1728 3380 1960 3429 Henricuz

201 3442 404 3500 Parcius,
439 3458 574 3509 atque
611 3446 783 3495 infestis
819 3447 952 3494 hastis
991 3444 1333 3500 concurrissent,
1355 3444 1539 3493 Percius
1574 3460 1696 3509 equo
1726 3443 1982 3506 dejicitur-2

201 3506 370 3570 Anglis
392 3507 692 3567 adffuxnium
716 3510 1091 3558 concurrentibus
1113 3524 1220 3558 cum
1255 3507 1516 3572 Duglassius
1539 3509 1710 3555 hostem
1735 3508 1961 3571 attingere

200 3583 296 3621 non
311 3571 455 3634 poss'et
472 3572 593 3619 hasta
611 3572 707 3632 ejus
727 3573 934 3637 potitur':
971 3586 1109 3639 atque
1131 3584 1232 3621 eam
1260 3570 1471 3636 quatiens
1487 3572 1730 3631 exclamat,
1755 3581 1805 3619 ut
1822 3567 1959 3618 facile
2034 3581 2053 3635 '.

488 3661 496 3665 -
1881 3646 1962 3684 ex,
