2090 3827
257 217 444 304 178.
561 222 916 287 RERUM
1007 205 1684 278 Sco‘rrcARuM

258 326 300 367 δι
324 321 479 369 fratres
502 336 624 367 meos
646 313 852 364 homines
881 311 1163 360 sanetiffimos
1185 303 1308 374 prior
1330 309 1521 364 videret,
1553 298 2007 371 eorumque'consue-

259 385 418 449 ¹tudine
435 384 559 448 prior
576 383 813 432 frueretur,
831 377 879 423 id
898 376 927 423 fi
949 376 1131 423 moleste
1151 374 1364 428 feremus,
1379 375 1710 438 providendum
1730 372 1830 427 erit,
1850 389 1906 418 ne
1925 388 2008 433 po-

260 449 351 497 tius
373 447 494 504 illius
517 445 719 492 invidere
741 440 965 495 felicitati,
989 455 1126 502 quam
1149 438 1268 485 mala
1289 439 1434 485 nostre.
1455 439 1608 502 lugere
1629 436 1879 483 videamur.
1911 436 2009 480 Vo-

259 503 331 561 bis
355 526 504 560 autem
527 508 611 555 viri
633 506 798 571 optimi
829 521 936 552 cum
956 504 1018 551 ob
1038 503 1127 550 alia
1147 500 1345 566 plurima
1365 502 1528 553 officia,
1564 507 1663 548 turn
1686 499 1746 545 ob
1769 500 1884 544 hanc
1905 513 2013 559 erga

262 594 336 625 me
359 575 605 627 car3tatem,
630 571 815 618 &illius
837 570 977 632 piam,
1009 573 1049 613 δι
1066 565 1314 628 jucundam
1336 564 1604 612 memoriam
1627 577 1815 627 uterque
1839 565 1909 624 (ut
1931 577 2014 624 pro

261 641 355 688 filio
377 638 512 685 etiam
531 635 800 700 spondeam)
816 633 1064 697 plurimum
1088 631 1252 677 debere
1275 629 1552 691 profitemur.

324 701 547 766 XXXVI.
580 702 699 748 Haec
722 697 990 762 magnitudo
1010 694 1150 742 animi
1171 695 1218 740 in
1242 695 1388 757 Rege,
1410 706 1459 739 ut
1481 691 1677 738 multum
1701 692 1757 738 ad
1783 689 2013 753 pristinam

259 766 596 814 venerationem
617 762 800 826 adjecit,
822 762 886 808 ita
907 761 954 806 in
973 758 1178 808 omnium
1200 757 1457 820 petitoribus
1477 755 1557 803 filii
1578 754 1845 802 desiderium
1868 751 2016 810 auxit,

259 847 364 878 cum
387 829 729 876 recordarentur
749 825 872 890 quali
899 823 1100 886 principe
1123 823 1222 885 ipsi,
1246 821 1470 884 liberique
1492 819 1557 866 sui
1578 818 1725 867 orbati
1739 817 1895 876 essent.
1919 817 2014 862 Da-

261 895 340 941 vid
363 907 531 947 autem,
558 905 606 939 ut
624 908 714 955 qua
735 903 929 952 poterat,
949 905 1035 934 una
1057 884 1358 933 consolatione
1375 884 1614 938 frueretur,
1638 895 1824 945 nepotes
1845 897 1899 927 ex
1919 878 2014 926 filio

261 960 319 1004 ad
344 958 381 1004 se
405 957 697 1020 adducendos
719 968 845 1001 curat
882 971 892 1000 :
927 964 1064 1014 atque
1087 948 1234 995 aulica
1252 947 1492 1011 disciplina
1514 953 1636 1010 (quae
1659 959 1756 993 tum
1778 955 1874 992 erat
1894 943 2015 990 sanc-

264 1022 441 1079 tiffima)
462 1021 741 1071 educandos,
768 1024 806 1065 δε
830 1030 1051 1080 quantum
1073 1011 1283 1061 humanis
1302 1010 1501 1058 consiliis
1523 1009 1716 1074 prospici
1736 1020 1931 1072 poterat,
1954 1006 2020 1053 se-

260 1085 444 1134 curitati
467 1083 680 1148 providit.
729 1080 1108 1131 Milcolumbum‚
1132 1076 1210 1141 qui
1234 1093 1258 1123 e
1276 1074 1420 1122 tribus
1442 1089 1535 1122 erat
1558 1085 1663 1121 natu
1688 1073 1929 1126 maximuS,
1952 1083 2022 1117 to-

265 1151 299 1199 ti
322 1149 572 1204 nobilitati,
609 1146 898 1211 peculiariter
919 1160 1024 1191 vero
1047 1141 1286 1190 Macdufl‘o
1309 1137 1421 1187 Fifae
1444 1137 1619 1186 Comiti
1641 1136 1738 1183 viro
1761 1135 1953 1198 potenti,
1978 1140 2018 1181 δε

262 1215 310 1263 in
335 1214 490 1278 primis
514 1211 724 1277 prudenti
747 1207 1086 1258 commendavit
1120 1226 1130 1252 :
1167 1211 1206 1252 &
1230 1221 1310 1267 per
1339 1219 1442 1250 eum
1468 1201 1645 1250 curavit
1663 1218 1742 1264 per
1766 1198 2020 1245 universum

264 1295 456 1343 regnum
479 1274 931 1326 circumducendum,
954 1278 993 1319 ἀ
1018 1268 1372 1333 proindubitato
1394 1267 1521 1330 regni
1540 1266 1775 1312 successore
1797 1260 2026 1325 accipien·

266 1344 394 1392 dum.
430 1341 719 1389 Gulielmum
743 1351 849 1385 natu
873 1335 1133 1398 proximum
1156 1332 1505 1380 Northumbriae
1528 1327 1761 1376 Comitem
1785 1327 1981 1374 declarat
2006 1344 2018 1372 :

266 1424 465 1469 eumque
479 1407 573 1468 jam
599 1419 694 1452 tum
718 1403 764 1450 in
789 1400 1089 1464 possessionem
1117 1398 1272 1444 mittit.
1320 1396 1534 1442 Tertium
1558 1392 1787 1442 Davidem
1806 1388 2023 1438 Hundin-

269 1471 384 1519 tonii
406 1472 451 1517 in
474 1469 660 1533 Anglia,
686 1473 723 1514 δι
750 1463 1017 1528 Garriochae
1037 1463 1084 1509 in
1107 1460 1260 1508 Scotia
1289 1460 1520 1507 Comitem
1545 1458 1761 1530 appellat.
1830 1455 1948 1503 Haec
1970 1455 2026 1499 εὐ

271 1536 415 1598 magis
435 1533 687 1586 festinabat,
704 1530 829 1594 quod
844 1527 971 1591 gravi
992 1526 1150 1573 morbo
1165 1526 1258 1587 jam
1281 1521 1534 1586 implicitus
1547 1535 1654 1568 vitae
1673 1521 1759 1567 suae
1774 1519 1908 1566 finem
1926 1517 2029 1564 bre-

268 1601 314 1646 vi
337 1601 471 1649 affore
491 1595 808 1660 prospiciebat.
852 1591 1048 1638 Deceffit
1069 1602 1220 1636 autem
1242 1604 1361 1635 anno
1379 1605 1404 1633 a
1422 1586 1600 1634 Christo
1619 1597 1725 1632 nato
1752 1600 1765 1630 1
1783 1599 1882 1645 ¹53·
1901 1597 2023 1628 nono

270 1663 497 1718 Calendas
514 1663 584 1722 (1)
611 1658 747 1723 junii,
769 1668 893 1702 tanta
915 1655 1122 1701 omnium
1144 1669 1252 1715 erga
1269 1668 1374 1697 eum
1393 1650 1597 1702 caritate,
1613 1662 1661 1695 ut
1682 1655 1774 1694 non
1796 1648 1941 1706 Rege,
1957 1644 2031 1690 sed

269 1740 456 1791 parente
474 1727 651 1788 optimo
673 1720 823 1768 cuncti
848 1719 1105 1765 viderentur
1128 1714 1291 1762 orbati.
1324 1713 1447 1762 Nam
1471 1715 1574 1759 cum
1600 1724 1694 1759 tota
1718 1710 1812 1757 vita
1833 1708 1933 1755 talis
1957 1707 2029 1753 fu-

269 1793 383 1848 isset,
408 1791 590 1854 qualem
615 1787 792 1834 nullum
829 1784 873 1830 iu
906 1783 1137 1829 literarum
1162 1777 1470 1826 monumentis
1493 1776 1617 1823 fuisse
1639 1774 1853 1838 legimus,
1876 1771 2030 1835 paucis

271 1869 375 1904 ante
395 1866 587 1902 mortem
610 1851 737 1898 annis
760 1861 906 1896 totum
930 1847 970 1893 se
993 1844 1122 1892 itaad
1140 1841 1488 1906 emigrationem
1512 1839 1653 1888 animi
1676 1849 2030 1901 comparaverat,

276 1932 325 1968 ut
345 1917 682 1966 venerationem
707 1911 944 1977 superioris
969 1908 1185 1971 temporis
1208 1907 1498 1953 vehementer
1519 1904 1640 1966 apud
1661 1919 1818 1950 omnes
1841 1899 2030 1946 auxerit.

274 1985 346 2040 Ut
366 1982 488 2030 enim
507 1979 754 2044 superiores
780 1978 928 2039 Reges
949 1974 1076 2020 omni
1094 1971 1240 2020 laudis
1261 1986 1426 2034 genere
1452 1969 1706 2031 praestantes
1730 1964 1839 2012 belli
1860 1963 2031 2011 artibus

277 2058 553 2110 aequaverat,
577 2042 729 2091 studiis
751 2040 876 2104 pacis
898 2038 1116 2085 anteierat
1141 2055 1151 2082 :
1171 2034 1264 2097 jam
1289 2034 1414 2080 velut
1434 2031 1587 2080 omissa
1609 2047 1713 2077 cum
1738 2027 1835 2075 aliis
1858 2028 1915 2075 de
1934 2044 2033 2073 om·

277 2113 412 2163 nibus
433 2109 613 2158 virtutis
652 2104 854 2170 partibus
886 2100 1197 2152 contentione,
1221 2098 1366 2145 secum
1405 2096 1485 2144 fibi
1507 2109 1733 2143 certamen
1758 2091 1986 2155 proposuit
2020 2110 2031 2135 ε

276 2174 325 2223 in
349 2192 494 2239 eoque
512 2186 688 2220 tantum
711 2166 922 2233 profecit,
957 2180 1005 2213 ut
1029 2166 1205 2213 summo
1226 2160 1414 2226 ingenio
1448 2159 1654 2207 homines
1678 2155 1929 2209 dofliffimi,
1953 2153 2034 2217 qui

278 2240 388 2287 boni
403 2237 544 2301 Regis
566 2233 812 2298 imaginem
832 2229 1085 2294 exprimere
1106 2227 1454 2279 contenderunt,
1471 2225 1606 2271 talem
1628 2238 1716 2269 non
1741 2219 1975 2286 potuerint⁴
1989 2235 2036 2264 a·

280 2304 407 2351 nimo
440 2301 660 2365 cogitare,
683 2297 866 2360 qualem
898 2293 937 2341 se
960 2293 1115 2342 David
1138 2304 1235 2338 toto
1252 2290 1358 2338 vitae
1381 2289 1505 2336 cursu
1531 2285 1748 2351 pra-stitit.
1809 2281 2037 2347 Regnavit

279 2384 421 2416 annos
442 2364 611 2430 viginti
632 2377 814 2415 novem,
840 2358 1009 2407 menses
1028 2358 1160 2412 duos,
1180 2355 1275 2403 dies
1299 2366 1403 2402 tres·
1524 2363 1531 2375 ²
1604 2349 1605 2352 ’

946 2442 1098 2490 XCII.
1165 2440 1208 2486 R
1237 2438 1277 2485 E
1309 2440 1372 2487 X.

347 2524 594 2574 XXXVII.
627 2523 672 2570 D
690 2518 916 2568 AVIDI
947 2515 1158 2563 successor
1190 2512 1278 2560 fuit
1306 2525 1448 2574 nepos
1470 2525 1526 2557 ex
1549 2509 1642 2556 filio
1682 2505 2035 2554 mimiambos,

281 2591 364 2655 qui
397 2603 660 2652 quanquam
692 2585 842 2632 adhuc
863 2580 1074 2644 impubes
1094 2578 1216 2632 effet,
1242 2590 1454 2639 magnum
1479 2588 1628 2621 tamen
1651 2573 1708 2619 de
1731 2571 1770 2618 se
1792 2570 1915 2633 spem
1940 2584 2039 2615 om·

276 2655 416 2704 nibus
437 2649 651 2716 praebuit.
684 2651 753 2695 Ita
770 2647 895 2694 enirn
917 2662 944 2692 a
964 2656 1166 2707 parente,
1188 2647 1228 2689 δι
1246 2655 1331 2687 avo
1342 2637 1487 2686 fuerat
1503 2637 1737 2690 educatus,
1759 2647 1806 2680 ut
1830 2649 1918 2680 non
1944 2648 2041 2679 ma·

277 2712 354 2783 gis
372 2717 574 2779 corporis
596 2710 899 2765 lineamentis,
923 2724 1061 2771 quam
1080 2705 1223 2753 animi
1239 2702 1573 2751 virtutibuseos
1595 2699 1783 2746 reddere
1796 2698 2043 2744 videretur.

275 2782 424 2831 Initio
451 2779 595 2827 statim
618 2776 746 2840 regni
769 2773 995 2820 saeviffirna
1018 2771 1156 2817 fames
1178 2784 1283 2816 cum
1306 2779 1473 2830 magna
1494 2764 1751 2818 hominum,
1787 2760 2038 2825 pecudum·

278 2864 376 2910 que
397 2837 537 2909 strage
560 2837 648 2907 per*
663 2853 805 2887 totam
829 2836 1027 2885 Scotiam
1048 2832 1238 2898 grass‘ata
1252 2832 1328 2878 est.
1395 2831 1505 2876 Erat
1524 2843 1606 2891 per
1624 2827 1676 2874 id
1697 2839 1877 2888 tempus
1897 2825 2045 2886 Arga-

283 2909 438 2958 theliae
461 2908 654 2955 Thanus
676 2900 984 2952 Smnerledus,
1006 2898 1079 2945 cui
1103 2902 1148 2960 ὃς
1166 2896 1349 2943 fortuna
1362 2892 1493 2956 supra
1509 2893 1733 2955 genus,&
1749 2888 1883 2951 supra
1902 2888 2048 2934 fortu-

283 2991 391 3024 nam
421 2971 599 3020 animus
620 2981 731 3017 erat.
798 2966 846 3012 Is
865 2968 914 3013 δι
938 2964 1008 3010 Re
1043 2962 1080 3008 is
1105 2972 1251 3014 aetate,
1277 2964 1317 3005 δε
1339 2957 1596 3004 calamitate
1617 2953 1825 3018 praesenti
1845 2952 1893 2999 in
1914 2951 2040 3014 spem

279 3033 417 3103 regni
448 3037 620 3084 erec’tus
655 3044 981 3094 magnauram
1009 2980 1187 3073 §uorum
1209 3023 1401 3076 collecta
1419 3019 1590 3068 vicinas
1611 3017 1820 3083 regiones
1840 3015 1999 3063 invasit
2031 3031 2064 3062 ε.

284 3109 328 3152 &
346 3098 643 3166 populatione
663 3097 771 3150 late,
792 3088 927 3140 latius
949 3089 1088 3137 etiam
1111 3100 1235 3135 metu
1259 3086 1323 3134 sui
1343 3083 1489 3149 sparso
1513 3082 1774 3131 facinorosis
1794 3080 1950 3144 sponte
1972 3093 2062 3133 ac-‚

284 3163 591 3217 currentibus,
605 3172 658 3210 ac
667 3160 894 3207 bonorum
916 3152 1147 3202 nonnullis
1163 3151 1211 3199 vi
1232 3151 1273 3198 se
1296 3150 1542 3214 adjungere
1553 3144 1746 3200 -coaffls,
1770 3143 1897 3192 brevi
1916 3157 1990 3190 mn
2030 3147 2066 3176 -·⁴

286 3246 398 3278 num
418 3225 618 3275 confecit
637 3221 906 3273 exercitum.
927 3258 930 3261 .
975 3218 1052 3265 Ad
1074 3217 1208 3278 hujus
1230 3214 1453 3262 tumultus
1474 3211 1642 3259 famam
1663 3207 1907 3258 Donaldus
1927 3206 2000 3253 Mi
2025 3227 2043 3240 ·

261 3291 494 3342 ‘columbi
522 3286 762 3338 Maebethi
779 3285 897 3333 filius
918 3282 1092 3330 excitus
1105 3296 1209 3328 cum
1231 3296 1301 3327 res
1319 3292 1458 3325 novas
1480 3286 1688 3329 tentaret,
1703 3288 1847 3337 prope
1869 3268 2068 3318 Caudi-2

277 3358 394 3406 tiam
416 3353 561 3404 casam
582 3353 630 3411 in
660 3347 930 3399 Gallovidia
950 3358 1125 3410 captus,
1150 3350 1191 3390 δε
1220 3346 1279 3390 ad
1305 3340 1483 3405 Regem
1504 3339 1672 3392 missus,
1697 3348 1837 3399 atque
1868 3336 1914 3382 in
1939 3345 2048 3380 ean-2

283 3421 395 3468 dem
409 3433 521 3465 cum
543 3411 937 3480 patre-custodiam
957 3410 1049 3457 'fuit
1067 3407 1264 3455 inclusus
1301 3425 1313 3453 2
1345 3404 1418 3451 sed
1441 3402 1568 3450 brevi
1591 3402 1688 3464 post
1709 3401 1888 3462 placato
1917 3398 2059 3460 Rege,

288 3497 479 3548 uterque
499 3480 715 3528 dimissus.
781 3474 1008 3525 Adversus
1033 3470 1352 3523 Sumerledum
1386 3463 1678 3533 Gilchristius
1699 3462 1918 3529 Angufiae
1953 3460 2065 3544 C⁰⁶i

344 3607 408 3663 (ι)
436 3608 504 3648 Al.
524 3603 633 3661 Julii.
1788 3612 1793 3616 .
1972 3620 1974 3622 .
2054 3592 2065 3642 ᾗ

269 3694 294 3718 -r
1207 3707 1210 3712 ,
1774 3727 1775 3731 ¹
1949 3706 1996 3740 m
2036 3748 2040 3754 ι
