2055 3828
172 134 307 222 278
479 138 838 203 RERUM
926 120 1619 206 Scor-manum

173 236 256 302 qui
276 235 424 300 praesit
444 235 515 282 vir
535 230 748 296 fingulari
771 229 1031 293 prudentia,
1052 236 1094 278 δι
1112 232 1380 280 auctoritate
1403 250 1415 280 :
1439 233 1485 280 ei
1503 234 1671 285 dantur
1689 238 1932 290 minimum

174 299 420 350 duodecim
438 299 670 351 affefforeS,
689 294 770 358 qui
786 294 979 341 crimina
997 294 1177 355 objec‘ta
1196 296 1400 353 audiant,
1421 303 1460 345 &
1482 298 1623 360 jurati
1643 293 1701 348 de
1720 319 1797 350 reo
1826 323 1934 369 pro-

172 362 407 414 nuncient.
474 360 542 408 Hi
564 361 657 406 fere
673 358 873 421 ejusdem
895 375 1000 406 cum
1020 376 1099 407 reo
1120 360 1221 408 sunt
1240 359 1432 416 ordinis,
1449 374 1527 409 aut
1547 364 1764 426 proximi,
1785 371 1939 430 quoad

174 429 274 479 fieri
292 427 446 492 potest.
480 426 580 471 Reo
596 423 810 485 judicum
827 423 1013 484 rejeEiio
1030 424 1180 478 datur,
1203 425 1282 472 ubi
1295 425 1438 486 justus
1460 444 1691 483 numerus,
1711 428 1760 476 id
1776 420 1940 481 estdu-

169 490 417 548 ,odensi-ius
438 489 498 535 est
520 488 772 542 confectus,
804 502 884 535 aui
908 500 957 534 ut
977 489 1028 535 fit
1048 489 1320 552 plurimum,
1351 505 1408 537 eo
1427 491 1588 552 major,
1623 494 1828 555 expensis
1851 495 1939 543 cri-

175 558 392 608 minibus,
415 552 541 615 quod
563 553 716 615 plures
741 552 1011 614 judicarint,
1035 552 1080 599 ei
1097 552 1328 601 sententiat
1355 556 1504 602 statur.
1565 557 1675 605 Hoc
1692 573 1820 606 more
1842 571 1941 608 tum

176 620 346 669 selectis
359 616 611 679 judicibuS‚
624 632 820 681 quorum
840 634 933 664 non
950 619 1010 665 est
1023 631 1175 682 operae
1189 618 1408 680 praecium
1426 620 1613 668 nomina
1624 621 1943 686 referre(erant

175 689 293 732 certe
315 697 472 730 omnes
502 681 711 729 homines
733 681 863 737 clari,
883 687 923 729 &
945 698 1053 729 cum
1073 682 1160 730 reis
1181 682 1404 747 plaerique
1425 684 1684 748 propinqua
1703 688 1942 750 cognatio-

175 766 232 797 ne
244 746 410 810 junCti)
425 746 488 793 rei
510 745 610 793 sunt
623 745 951 810 perduellionis
964 747 1185 796 damnati.
1217 749 1287 795 Eo
1307 747 1404 810 ipso
1417 747 1493 795 die
1511 749 1603 796 duo
1619 741 1944 814 juvenes,⁸pos-

173 812 309 861 iridie
326 823 454 875 pater
469 827 648 863 eorum,
666 823 714 857 et
735 827 843 857 avus
861 823 1090 859 maternus
1111 811 1298 875 capitali
1319 812 1544 876 supplicio
1566 814 1715 861 affecti
1735 814 1784 862 in
1806 817 1942 872 colle,

174 876 257 941 qui
275 875 459 939 affui-git
476 888 635 922 contra
655 891 804 923 arcem
818 875 1019 922 Sterlini.
1054 877 1192 923 Fama
1205 875 1392 940 quidem
1409 878 1613 925 constans
1632 880 1709 933 est,
1726 880 1805 927 etsi
1824 879 1851 927 ὲ
1868 897 1947 929 ne-

175 940 300 990 mine
318 939 533 1003 scriptum
552 940 796 1002 reperiam,
816 940 993 1003 Regem
1012 940 1071 987 ad
1092 940 1330 988 Isabellam
1348 942 1564 1004 patruelis
1584 959 1770 991 uxorem
1787 944 1947 992 misisse

174 1004 334 1070 patris,
355 1004 521 1058 mariti,
539 1009 578 1051 δι
596 1003 795 1051 filiorum
816 1005 968 1067 capita
985 1004 1190 1052 tentandi
1209 1005 1370 1078 gratia,
1384 1022 1439 1053 an
1462 1006 1626 1053 mulier
1643 1008 1770 1055 ferox
1787 1024 1844 1055 ex
1862 1010 1948 1056 do·

174 1071 282 1118 loris
304 1069 593 1132 impatientia
617 1072 689 1131 (ut
711 1069 760 1117 fit
780 1070 1069 1132 plaerunque)
1095 1069 1237 1116 animi
1260 1069 1424 1118 secreta
1446 1071 1678 1118 revelaret.
1709 1072 1843 1120 Illam
1865 1089 1944 1120 ve-

175 1151 244 1191 ro,
267 1135 346 1182 etsi
367 1133 609 1197 inopinato
631 1132 811 1197 aspectu
833 1133 1107 1189 turbaretur,
1131 1133 1246 1181 nihil
1271 1147 1421 1182 tamen
1443 1135 1790 1183 immoderatius
1819 1139 1948 1185 locu-

176 1212 270 1247 tam
292 1217 305 1247 ι
342 1210 520 1246 tantum
543 1197 830 1260 respondisse,
854 1197 1074 1261 siquidem
1097 1213 1203 1246 vera
1223 1199 1393 1246 fuerint
1414 1200 1592 1262 objedta
1614 1200 1824 1257 crimina,
1850 1203 1946 1250 Re-

173 1280 283 1329 gem
303 1262 440 1319 reste,
464 1261 631 1324 &jure
655 1262 819 1310 fecisse.
887 1261 1042 1310 Finito
1063 1276 1292 1311 conventu
1316 1264 1425 1317 miffi
1448 1270 1485 1310 a‘
1500 1265 1631 1329 Rege
1657 1267 1728 1326 (i)
1757 1266 1950 1314 Ioannes

176 1326 548 1392 Mongomerius,
567 1334 610 1375 δι
628 1326 873 1375 Umfridus
890 1327 1194 1391 Cunigamius
1213 1329 1270 1375 ad
1282 1330 1644 1392 oppugnandam
1663 1344 1830 1386 arcem,
1845 1347 1950 1394 quae

176 1393 228 1440 in
251 1391 425 1440 Marini
455 1390 599 1439 insula
618 1391 667 1438 in
689 1392 790 1438 lacu
814 1391 1033 1439 Lominio
1066 1391 1356 1453 nomine-(2)
1390 1393 1548 1440 Iacobi
1573 1393 1742 1441 stuarti
1798 1395 1952 1458 rofugi

179 1456 435 1512 tenebatur,
470 1472 569 1503 eam
594 1456 652 1503 ad
682 1455 968 1502 deditionem
999 1457 1336 1518 compulerunt.
1404 1457 1509 1503 Nec
1538 1458 1657 1505 adeo
1686 1470 1833 1505 muto
1855 1461 1951 1523 post

184 1523 257 1584 (3)
285 1523 476 1568 loannes
499 1522 706 1568 Stuartus
727 1519 972 1566 Dernelius
990 1519 1091 1582 (qui
1112 1521 1287 1567 caeteris
1311 1520 1404 1567 fere
1426 1522 1663 1568 Scotorum
1682 1522 1876 1569 ducibus
1898 1523 1949 1571 in

179 1585 339 1633 Gallia
358 1585 494 1632 variis
516 1585 688 1631 casibus
709 1583 977 1645 absumptis,
995 1583 1203 1645 equitum
1228 1584 1347 1631 inter
1368 1600 1445 1630 eos
1467 1585 1704 1646 praefectus
1722 1589 1836 1645 erat)
1859 1586 1952 1634 una

179 1666 285 1696 cum
309 1648 668 1711 Archiepiscopo
687 1648 896 1695 Remenfi
916 1647 963 1694 in
983 1647 1182 1694 Scotiam
1201 1648 1344 1701 venit,
1360 1649 1416 1693 ad
1434 1649 1655 1695 vetustum
1674 1664 1778 1695 cum
1799 1650 1951 1696 Gallis

181 1714 329 1761 foedus
352 1713 681 1767 renovandum,
705 1728 758 1759 ae
775 1711 1119 1759 matrimonium
1141 1711 1502 1759 contrahendum
1522 1711 1640 1759 inter
1661 1713 1951 1761 Ludovicum

179 1778 342 1826 Caroli
362 1777 540 1842 septimi
561 1776 726 1832 filium,
742 1782 782 1825 δι
802 1774 1101 1840 Margaritam
1120 1776 1277 1824 Iacobi
1294 1777 1454 1831 filiam,
1471 1776 1682 1840 utrosque
1701 1777 1851 1825 adhuc
1863 1777 1953 1826 im-

216 1844 392 1890 uberes.

179 1859 210 1907 p
248 1907 400 1954 XXX.
433 1905 617 1970 Qibus
651 1905 784 1954 rebus
821 1904 1032 1968 perfeffls
1061 1922 1182 1954 anno
1214 1905 1444 1968 proximo,
1468 1905 1549 1971 qui
1572 1906 1659 1954 fuit
1688 1904 1952 1955 millesimus

217 1971 651 2036 uadringentefimus
673 1970 916 2035 vigesimus
935 1971 1097 2026 sextus,
1114 1983 1274 2033 pacata
1289 1971 1418 2018 omni
1439 1971 1595 2018 Scotia
1612 1971 1731 2018 intra
1747 1983 1953 2020 montem

179 1989 464 2098 {irampium
498 2036 599 2082 Rex
623 2035 825 2082 animum
850 2035 1018 2097 adjecit
1047 2037 1104 2082 ad
1130 2036 1344 2083 ulteriora
1369 2035 1697 2097 perdomanda.
1766 2036 1836 2082 Ac
1859 2037 1952 2098 pri-

184 2115 312 2147 mum
335 2098 544 2146 omnium
567 2099 851 2146 Ennerness'ae
873 2115 1021 2147 arcem
1052 2112 1314 2162 opportuno
1337 2100 1440 2145 loco
1463 2098 1509 2146 in
1535 2099 1708 2147 ultimis
1730 2099 1954 2147 Moraviae

182 2164 350 2211 finibus
373 2165 498 2211 sitam
521 2163 645 2211 refici
661 2163 809 2226 jubet.
871 2164 942 2218 Εὸ
963 2178 1070 2211 cum
1094 2163 1280 2210 biennio
1302 2163 1398 2227 post
1419 2164 1606 2212 v'eniffet
1628 2164 1686 2211 ad
1701 2164 1776 2225 jus
1794 2163 1954 2212 dicen-

184 2232 315 2284 dum,
351 2227 679 2291 latrociniaque
708 2226 1071 2291 comprimenda,
1096 2227 1305 2275 omnium
1334 2226 1611 2275 familiarum
1645 2228 1876 2291 principes
1897 2229 1957 2276 ad

185 2293 230 2340 se
249 2291 495 2346 accersivit,
524 2291 771 2356 praesertim
791 2308 887 2346 em,
907 2293 987 2355 qui
1013 2309 1118 2339 cum
1140 2290 1318 2356 magnis
1337 2291 1532 2339 catervis
1554 2291 1672 2339 soliti
1689 2305 1818 2341 erant
1843 2293 1869 2340 ὲ
1888 2294 1955 2339 lo-

183 2358 250 2404 cis
273 2356 434 2405 vicinis
465 2357 642 2420 praedas
675 2373 828 2422 agere,
851 2355 1023 2420 pacatis
1062 2355 1233 2404 tributa
1252 2355 1495 2419 imperare,
1519 2371 1571 2403 ac
1590 2356 1754 2419 vulgus
1779 2358 1836 2403 ad
1859 2356 1957 2403 vic·

185 2433 284 2469 tum
303 2421 461 2468 ociofis
479 2421 861 2486 suppeditandum
881 2437 1062 2486 cogere.
1112 2422 1294 2469 Horum
1316 2419 1398 2467 alii
1414 2420 1563 2475 mille,
1582 2420 1661 2467 alii
1677 2421 1771 2483 duo
1792 2419 1956 2475 millia,
2006 2433 2009 2435 ’

185 2485 400 2532 nonnulli
417 2485 555 2532 etiarn
578 2487 729 2548 plures
751 2486 946 2533 latrones
970 2485 1051 2534 sibi
1071 2485 1197 2533 dieto
1209 2484 1445 2532 audientes
1466 2484 1715 2540 habebant,
1738 2499 1790 2530 ae
1813 2484 1956 2531 bonos
2033 2524 2035 2526 a

186 2550 381 2613 periculi
403 2562 529 2596 metu
551 2551 768 2597 tenebant
789 2549 1032 2605 obnoxios,
1061 2550 1222 2605 malos,
1253 2548 1421 2613 quibus
1443 2549 1566 2612 apud
1593 2563 1670 2595 eos
1693 2546 1955 2612 perfugium
2024 2557 2039 2604 ,ἲ

187 2626 362 2661 certum
383 2627 496 2668 erat,
520 2614 577 2661 ad
600 2614 762 2662 scelera
784 2615 1004 2676 patranda
1026 2612 1277 2661 reddebant
1298 2611 1577 2660 audaciores.
1646 2613 1830 2660 Horum
1851 2614 1958 2660 cum
2018 2622 2039 2652 ¹⁴·

186 2678 288 2724 Rex
310 2677 421 2725 alios
445 2677 599 2733 minis,
624 2678 737 2725 alios
765 2678 999 2726 blanditiis
1030 2677 1255 2734 illexiss‘et,
1279 2677 1462 2725 circiter
1479 2676 1782 2741 quadraginta
1801 2693 1858 2724 ex
1879 2692 1960 2723 eo·

186 2758 288 2789 rum
311 2741 505 2788 ducibus
526 2742 574 2789 in
595 2741 818 2789 custodias
835 2742 1044 2789 inclufit:
1065 2757 1259 2805 quorum
1278 2741 1408 2788 causa
1424 2740 1629 2813 cognita,
1646 2745 1739 2787 duo
1757 2739 1958 2788 maxime
2012 2759 2014 2762 ·

186 2805 425 2854 facinorosi
442 2806 701 2853 Alexander
715 2806 992 2861 Macrorius,
1012 2808 1206 2853 Ioannes
1225 2806 1557 2852 Macarc'turius
1575 2805 1738 2868 laqueo
1756 2806 1960 2868 strangu·
2004 2815 2021 2822 “·

186 2869 287 2917 lati.
354 2869 550 2917 Iacobus
585 2870 853 2917 Cambellus
874 2869 935 2916 ob
957 2871 1131 2917 caedem
1156 2869 1339 2916 Ioannis
1372 2868 1571 2915 Insulani
1592 2867 1681 2915 viri
1709 2867 1818 2916 clari
1840 2866 1958 2916 inter

187 2935 288 2983 suos
311 2934 460 2998 capite
479 2933 565 2981 luit
586 2951 597 2981 :
618 2933 783 2998 reliqui
805 2949 886 2996 per
903 2933 1125 2981 custodias
1147 2932 1296 2988 divisi,
1317 2931 1394 2980 alii
1409 2932 1627 2996 posterius
1645 2931 1871 2997 supplicio
1890 2931 1945 2979 af
1946 2947 1973 2984 ‚—

241 3068 301 3119 (ι)
330 3069 389 3107 Sir
405 3070 507 3123 John
535 3070 801 3119 Montgomery
819 3069 862 3107 of
876 3071 1045 3108 Ardross‘-
1101 3070 1213 3108 flable
1235 3070 1280 3109 of
1293 3070 1357 3107 the
1383 3071 1485 3107 Scotr.
1505 3068 1646 3118 sarving
1662 3067 1702 3106 in
1721 3067 1786 3105 the
1815 3065 1960 3105 rrench
2011 3081 2045 3109 ⁴5.-

187 3137 233 3160 an
251 3125 471 3173 predecell'or
490 3134 528 3161 to
541 3124 606 3161 the
624 3124 698 3161 carl
716 3123 760 3161 of
773 3123 965 3171 Eglinton.
1101 3136 1208 3170 wars,
1234 3137 1313 3173 cap.
1334 3135 1397 3161 22.
1420 3122 1640 3172 predecessor
1656 3130 1696 3159 to
1714 3121 1780 3158 the
1803 3121 1899 3159 earls
1918 3118 1964 3156 of
2008 3110 2045 3181 3!

241 3179 304 3227 (2)
333 3179 401 3214 See
420 3176 484 3214 the
496 3185 583 3214 note
595 3190 644 3214 on
668 3189 747 3226 cap.
767 3176 833 3214 28.
877 3176 948 3214 His
963 3189 1045 3214 mo·
1102 3177 1255 3214 Lennox
1283 3175 1363 3225 (for
1386 3176 1446 3214 his
1474 3175 1537 3213 son
1555 3175 1674 3212 Allan
1704 3175 1876 3219 stewart,
1905 3172 1962 3209 see
2018 3177 2041 3231 ²5

188 3226 272 3264 ther
297 3229 427 3267 isabell
465 3229 575 3277 being
600 3229 780 3278 daughter
814 3237 853 3265 to
889 3230 1046 3267 Duiicari
1102 3229 1169 3266 lib.
1194 3241 1255 3267 ir.
1275 3242 1354 3280 cap.
1375 3229 1414 3266 8.
1437 3230 1508 3265 and
1525 3226 1591 3265 the
1610 3235 1714 3265 notes
1731 3238 1780 3264 on
1798 3224 1865 3263 lib.
1897 3235 1959 3262 10.
2014 3246 2032 3272 «γ

188 3281 262 3317 carl
286 3282 328 3318 of
338 3283 507 3328 Lennox,
522 3283 583 3318 'tis
605 3283 776 3332 probable
792 3281 840 3320 he
859 3281 932 3320 had
951 3282 1044 3319 been
1097 3294 1175 3331 cap.
1197 3283 1263 3321 28.
1299 3283 1393 3320 Lord
1409 3280 1551 3330 Darnly
1569 3279 1728 3318 married
1741 3291 1813 3316 one
1830 3276 1875 3315 os
1887 3275 1955 3314 the
2025 3265 2044 3319 3

188 3333 365 3369 destinate
394 3333 566 3372 successor
586 3343 625 3372 to
651 3334 733 3373 that
762 3335 925 3372 earldorn
946 3349 956 3373 ι
985 3335 1045 3372 for
1097 3333 1197 3372 heir-s
1213 3335 1259 3373 of
1274 3334 1340 3372 the
1358 3332 1472 3372 house
1485 3330 1732 3380 osLennox)=
1761 3329 1839 3368 this
1854 3328 1967 3382 John.

188 3383 404 3422 Inchmerin
424 3386 454 3423 is
475 3399 522 3425 an
542 3386 604 3425 isse
624 3387 671 3426 of
691 3386 984 3426 Lochlowmond
1002 3388 1043 3425 in
1097 3388 1174 3426 lord
1186 3389 1349 3437 Dernley
1364 3399 1436 3423 was
1450 3386 1569 3423 killed
1585 3385 1624 3422 in
1639 3384 1752 3422 battle
1764 3383 1804 3420 in
1817 3383 1845 3419 1²
1848 3393 1956 3420 rante
2020 3421 2033 3428 ,.

126 3442 130 3447 '
185 3436 257 3474 the
272 3438 439 3474 Lennox.
1097 3453 1196 3478 anno
1217 3451 1331 3490 1429,
1352 3438 1411 3476 his
1429 3438 1556 3476 second
1583 3437 1645 3475 son
1667 3436 1771 3489 John
1785 3436 1957 3478 Sternat,
2028 3443 2044 3488 ‘b

242 3489 305 3540 (3)
333 3490 392 3526 He
411 3502 484 3527 was
499 3491 590 3530 sixth
605 3493 650 3531 of
664 3493 729 3531 the
745 3492 857 3531 house
868 3492 912 3531 of
921 3493 1043 3531 Dei-n·
1098 3505 1175 3532 was
1194 3493 1273 3534 lord
1289 3491 1486 3542 Aubigney
1501 3492 1571 3530 and
1585 3488 1707 3530 father
1725 3497 1764 3528 to
1776 3486 1953 3527 Ber-naid.
2020 3510 2032 3522 .
2053 3503 2055 3530 ς

189 3542 248 3592 ley
267 3541 341 3580 first
359 3542 435 3580 iord
455 3543 711 3595 osxAubigney
727 3546 768 3584 in
786 3547 1042 3599 Francehcon-
1262 3566 1266 3568 -
2007 3557 2012 3562 ·
2038 3548 2055 3578 ι’

1816 3610 1963 3666 'scal’
