2106 3838
242 211 324 294 58
568 213 928 279 RERUM
1017 208 1704 276 Sco‘rrc-ARUM

240 311 273 356 li
302 320 474 358 montes
496 311 545 359 in
568 312 735 358 Scotia.
791 307 1006 354 Ocellum
1030 306 1239 352 ultimum
1265 307 1432 355 Gallim
1455 319 1619 370 togata:
1642 306 1863 369 oppidum
1890 311 1994 356 Ca:-

246 374 342 421 sari.
394 375 616 423 Uxellum
640 373 861 436 oppidum
888 369 1148 424 Britanniae,
1175 369 1289 416 sorte
1319 372 1604 433 pr010cello.
1658 371 1779 417 Nam
1805 377 1843 418 &
1868 373 1993 419 Mar-

243 438 393 485 §ianus
414 438 461 484 in
485 438 681 500 antiquis
708 436 888 482 urbium
909 434 1077 492 Galliae
1109 433 1371 480 nominibus
1392 435 1673 496 explicandis
1696 434 1743 480 id
1766 435 1806 481 se
1830 452 1996 486 nomen

200 537 202 539 μ
244 502 369 548 varie
401 503 612 564 scriptum
635 500 846 563 invenin'l'e
879 497 1075 553 testatur,
1112 497 1345 550 Ocellum,
1371 503 1411 543 Sc
1444 498 1622 554 Oscela,
1654 504 1693 545 δε
1730 499 1996 545 Oscellium.

247 566 404 628 Atque
427 568 532 611 hinc
555 565 728 611 fortass‘c
754 562 1119 614 chllodunurn,
1143 562 1268 624 quod
1293 567 1333 607 &-
1357 561 1693 609 Uxellodurum
1718 563 1827 610 solet
1849 562 1997 609 scribi.

245 625 363 677 Item
383 632 605 676 Tamarus
631 626 792 672 fluvius
825 626 1044 672 Galaeciae
1075 628 1339 679 Ptolemaeo,
1362 626 1573 671 Tamaris
1604 627 1761 681 Melae,
1786 626 1999 674 Tamari-

244 692 290 738 ci
315 693 512 755 populus
537 690 754 750 Galztcize
788 689 955 743 Plinio,
992 691 1218 737 Tamarus
1253 688 1431 740 fluvius,
1466 694 1505 734 Sc
1545 689 1747 735 Tamara
1775 690 2000 752 oppidum

246 756 485 804 Britannis
511 756 774 801 Ptolemaeo.
821 756 920 800 Sars
945 754 1164 800 Galaeciae
1187 753 1350 799 fluvius
1372 754 1526 804 Melan
1553 756 1712 799 Sarcus
1739 753 1996 800 Scotorum.

245 821 395 866 Ebora
411 821 635 881 oppidum
660 817 920 872 Lusitaniae‚
957 818 1077 865 dic'ta
1090 817 1711 877 LiberalitasJulial'linio&
1737 818 2000 863 Ptolemaeo.

244 882 414 934 Ebura,
438 901 540 945 quae
565 882 765 930 Cerealis
789 882 834 928 in
860 882 1014 928 Betica
1050 880 1214 935 Plini0;
1236 881 1386 926 Ebora
1408 883 1670 928 Ptolemaeo.
1732 881 1919 927 Aulerci
1942 882 2001 927 E-

245 946 419 992 buraici
440 950 484 994 in
507 947 666 994 Gallia
690 946 866 994 Celtica
889 947 1151 992 Ptolcmaeo.
1220 945 1475 990 Eboracum
1498 944 1545 992 in
1576 945 1868 1009 Brigantibus
1905 944 2001 992 Bri-

243 1010 409 1058 tannis.
476 1010 622 1062 Diva,
649 1025 769 1056 nunc
792 1010 893 1056 Dea
913 1009 1095 1073 Angliae
1118 1007 1299 1062 fluvius,
1323 1015 1370 1056 ἂ
1394 1007 1555 1055 Scotiae
1579 1025 1695 1055 unus
1717 1009 1764 1055 in
1789 1008 2003 1056 Gallovi-

240 1074 339 1129 dia,
364 1075 476 1121 alter
496 1076 542 1121 in
573 1074 791 1146 Angusta,
826 1075 982 1121 tertius
1015 1072 1185 1120 dividit
1206 1072 1436 1119 Merniam
1471 1088 1496 1118 a
1531 1073 1719 1121 Marria.
1787 1072 2005 1119 Cornavii

243 1134 291 1184 in
317 1140 489 1203 Anglia
509 1139 564 1185 ad
589 1140 798 1184 ulumum
822 1137 1044 1192 occasum,
1068 1138 1114 1184 in
1146 1135 1297 1182 Scotia
1318 1137 1373 1183 ad
1402 1136 1611 1182 ultimum
1635 1136 2002 1199 septentrionem.

245 1194 449 1267 Utrique
471 1219 591 1250 nnnc
613 1201 801 1248 Kernici
822 1215 1057 1248 vocantur.
1128 1201 1356 1247 Videntur
1378 1207 1416 1248 δι
1437 1199 1560 1247 tertii
1576 1201 1765 1249 Kernici
1787 1200 1832 1246 in
1853 1201 2006 1246 Scotia

246 1266 374 1312 fuiss‘e
397 1267 454 1314 ad
476 1267 636 1314 ostium
662 1265 842 1312 Avenni
863 1265 1077 1319 fluminis,
1102 1265 1182 1328 qui
1207 1265 1334 1311 limes
1356 1265 1415 1311 est
1438 1265 1556 1310 inter
1578 1265 1868 1318 Lothianam,
1894 1269 1932 1311 δι
1957 1281 2004 1310 a-

244 1346 378 1393 grum
398 1328 733 1378 Sterlinensem.
800 1330 925 1376 Nam
952 1330 1071 1376 Beda
1108 1330 1164 1375 ad
1190 1329 1322 1376 finem
1348 1329 1455 1376 valli
1490 1329 1643 1375 Severi
1667 1327 1815 1377 statuit
1837 1329 2004 1376 Mona-

245 1395 426 1442 sserium
450 1392 770 1442 Aberkernic:
818 1393 897 1440 ubi
931 1409 1051 1440 nunc
1083 1394 1226 1440 ruinae
1258 1393 1512 1443 Abercorni
1546 1393 1659 1440 arcis
1693 1393 2003 1441 ostenduntur.

247 1459 467 1505 Avennus
491 1459 654 1505 fluvius
676 1457 836 1520 saepius
858 1457 902 1504 in
928 1458 1097 1512 Scotia,
1122 1462 1171 1507 δε
1194 1457 1382 1521 Anglia.
1452 1459 1583 1504 Aven
1603 1471 1753 1505 autem
1778 1455 1941 1513 Scotis,
1964 1461 2004 1505 δι

246 1524 383 1570 Avon
408 1524 555 1569 Vallis
578 1522 766 1568 fluvium
789 1520 1022 1584 fignificat.
1179 1557 1184 1561 -

312 1588 561 1633 XXXVII.
595 1588 631 1633 E
655 1585 796 1632 tribus
819 1587 1052 1649 gentibus,
1083 1602 1186 1648 quae
1208 1584 1397 1632 insulam
1428 1585 1586 1648 primae
1632 1597 1876 1633 tenuerunt
1910 1585 2005 1647 post

247 1650 438 1697 Caesaris
460 1652 705 1696 adventum
734 1649 962 1697 Brittones
987 1651 1123 1712 paulo
1146 1649 1293 1696 minus
1316 1648 1579 1712 quingentis
1602 1649 1730 1695 annis
1761 1649 1838 1695 sub
1861 1650 2006 1713 impe·

245 1715 317 1761 rio
340 1715 503 1776 Populi
526 1713 742 1768 Romani,
766 1713 907 1768 Scoti,
939 1720 977 1761 Sc
1003 1711 1117 1761 Pieli
1150 1714 1228 1761 sub
1251 1713 1335 1759 suis
1359 1714 1563 1777 Regibus
1588 1714 1724 1759 sucre.
1793 1713 2008 1760 Tandem

248 1794 353 1826 cum
373 1779 571 1825 Romani
593 1777 806 1824 universis
823 1776 995 1825 circum
1014 1778 1134 1825 circa
1155 1775 1413 1825 nationibus
1439 1779 1482 1824 in
1502 1777 1692 1825 exitium
1716 1794 1872 1824 eorum
1896 1791 2006 1823 eon-

243 1842 405 1903 juratis
429 1840 651 1889 exercitus
674 1856 831 1889 omncs
854 1842 879 1890 ὲ
913 1841 1315 1905 longinquioribus
1353 1841 1600 1904 provinciis
1626 1843 1682 1889 ad
1707 1841 1863 1904 patriae
1894 1841 2007 1888 salu-

252 1919 345 1953 tem
384 1908 599 1953 tuendam
641 1907 928 1960 revocass‘ent‚
954 1907 1183 1954 Brittones
1209 1905 1409 1952 destituti
1431 1906 1627 1953 externis
1650 1905 1847 1958 auxiliis,
1871 1919 2009 1967 atque

251 1985 278 2014 a
301 1970 447 2017 Scotis
477 1975 524 2019 &
560 1971 696 2017 Pictis
731 1972 938 2018 miserum
980 1971 1026 2017 in
1059 1971 1248 2017 modum
1269 1969 1419 2017 vexati
1451 1972 1648 2017 Saxones
1683 1982 1780 2016 tum
1819 1970 2009 2031 piratica

252 2035 382 2082 classe
404 2051 527 2081 mare
549 2034 805 2082 infestantes
825 2035 1157 2082 conduxerunt.
1224 2034 1312 2081 Sed
1336 2034 1382 2081 id
1402 2033 1637 2080 confilium
1655 2033 1746 2080 illis
1770 2034 1887 2080 male
1909 2051 2008 2081 ver·

253 2096 325 2146 tit.
393 2098 518 2146 Nam
538 2101 736 2146 Saxones
759 2099 955 2161 reprcffis
970 2099 1122 2152 Pieris,
1155 2103 1203 2149 δι
1227 2099 1373 2145 Scotis
1395 2098 1474 2161 ipss
1500 2103 1539 2144 Sc
1563 2097 1763 2162 regionis
1787 2097 2007 2152 ubertate,

251 2159 578 2223 &incolarum
616 2164 875 2210 infirmitate
909 2163 1137 2227 perspecta
1156 2163 1212 2209 ad
1234 2163 1550 2224 occupandum
1574 2162 1727 2209 insula:
1763 2160 2009 2224 imperium

251 2226 457 2274 animum
478 2228 758 2289 adjecerunt.
826 2229 974 2290 Igitur
995 2228 1086 2290 post
1106 2226 1274 2274 variam
1296 2225 1402 2273 belli
1422 2225 1666 2281 fortunam,
1691 2242 1794 2272 cum
1817 2226 1863 2273 vi
1881 2243 2010 2288 aper·

253 2303 299 2338 ta
321 2294 413 2355 quo
431 2291 719 2338 intenderant
737 2292 971 2354 pervenire
987 2308 1076 2338 non
1096 2292 1283 2353 possent,
1306 2290 1462 2338 fraude
1477 2290 1704 2337 Brittones
1726 2291 1912 2353 aggredi
1927 2291 2012 2338 sta-

254 2367 415 2402 tuunt:
436 2356 563 2417 cujus
582 2356 678 2402 haec
692 2356 806 2402 ratio
821 2355 907 2403 fuit
945 2357 1065 2403 Cum
1077 2356 1135 2402 ad
1151 2355 1432 2417 colloquium
1450 2354 1679 2418 utriusque
1694 2353 1832 2417 partis
1851 2370 2009 2418 proce-

255 2434 325 2466 res
347 2419 492 2466 loco&
506 2419 579 2466 die
593 2422 704 2466 stato
713 2421 1037 2474 convenissent,
1054 2421 1251 2466 Saxones
1265 2422 1323 2465 ab
1334 2419 1560 2483 Hengisto
1573 2418 1651 2466 suo
1665 2419 1780 2466 duce
1795 2419 1921 2480 ligno
1935 2435 2010 2465 ac·

253 2496 390 2545 cepto
406 2483 850 2531 omnemBrittonum
864 2483 1150 2531 nobilitatem
1164 2481 1695 2546 trucidarunt‚reliquum
1707 2482 1868 2546 vulgus
1885 2482 1929 2528 in
1943 2484 2011 2528 lo·

255 2563 309 2593 ca
320 2559 550 2601 montana,
567 2553 605 2594 δι
621 2546 771 2610 aspera
784 2550 1120 2611 compulerunt.
1142 2546 1382 2594 planitiem
1397 2562 1597 2600 ornnem,
1613 2562 1665 2594 ac
1684 2548 1820 2610 longe
1836 2546 2012 2593 fertilis·

254 2611 388 2673 fimos
401 2609 556 2669 insula:
568 2627 754 2673 campos
767 2612 846 2675 ipsi
865 2612 983 2659 inter
995 2612 1038 2659 se
1052 2611 1102 2660 in
1114 2612 1280 2674 septem
1296 2609 1668 2675 regnadispertiti
1680 2610 1794 2658 sunt.
1811 2610 1906 2658 Hic
1926 2609 2011 2658 suit

253 2676 388 2730 *status
403 2691 552 2722 rerum
566 2675 611 2722 in
626 2675 855 2723 Britannia
867 2675 1046 2723 circiter
1063 2692 1232 2723 annum
1252 2674 1402 2722 salutis
1414 2676 1570 2722 nostrae
1581 2675 1689 2738 464.
1707 2676 1777 2735 (1)
1800 2675 1920 2722 Cum
1935 2690 2012 2720 au-

251 2751 348 2787 tem
365 2739 423 2785 ab
436 2738 569 2786 initio
583 2751 672 2787 tres
687 2740 890 2787 nationes
902 2737 1191 2787 Germanicae
1205 2739 1544 2802 expeditionem
1565 2737 1612 2784 in
1635 2737 2012 2786 Britanniam-sus-

253 2802 488 2865 cepissent,
509 2801 700 2866 reliquae
714 2804 816 2860 duae
830 2803 1050 2866 paulatim
1067 2801 1114 2849 in
1134 2819 1298 2850 nomen
1314 2803 1574 2866 Anglorum
1589 2802 1907 2849 concesserunt.
1936 2803 2007 2863 (2)

254 2867 345 2931 Sed
367 2883 515 2930 neque
535 2884 639 2914 cum
671 2866 970 2922 Brittonibus‚
996 2882 1079 2913 nec
1098 2865 1201 2930 ipsis
1222 2863 1399 2915 interse
1418 2866 1585 2929 Anglis
1608 2881 1809 2929 unquam
1831 2864 1935 2912 satis
1959 2865 2009 2912 fi-

250 2931 314 2978 da
335 2946 464 2993 pace,
483 2933 580 3005 post
617 2947 702 2995 317
745 2929 838 2978 sere
859 2939 1028 2978 annum
1052 2928 1175 2977 Dani
1206 2931 1339 2978 maris
1361 2943 1569 2995 potentes
1591 2929 1791 2994 primum
1814 2927 2014 2990 piraticis

251 2995 582 3042 incursionibus
614 2994 833 3058 Angliam
852 2993 1030 3058 ingressi
1049 3010 1154 3042 cum
1182 2994 1349 3042 -acritcr
1370 2994 1550 3042 tuissent
1581 2993 1762 3056 repulfi,
1792 2992 2016 3041 tricefimo

252 3059 378 3111 sexto
399 3058 494 3106 fere
514 3059 612 3122 post
640 3075 762 3106 anno
782 3059 1028 3120 majoribus
1049 3058 1194 3121 copiis
1232 3059 1350 3106 ancli
1368 3058 1618 3106 exercitum
1652 3057 1818 3118 justum
1840 3055 1888 3103 in
1927 3068 2016 3104 ter-

249 3138 351 3185 ‘ram
383 3123 702 3186 exposuerunt.
771 3124 842 3170 Ac
870 3121 1021 3185 primo
1054 3123 1289 3186 congreffu
1309 3122 1518 3177 victores,
1555 3121 1680 3169 vario
1718 3120 1872 3168 Marte
1909 3135 2016 3167 cum

254 3187 424 3258 Anglis
442 3187 523 3234 diu
539 3186 890 3241 contenderunt,
902 3186 1049 3245 donec
1066 3187 1124 3233 ad
1141 3202 1311 3234 annum
1333 3187 1486 3233 salutis
1515 3201 1631 3235 1012
1654 3185 1806 3232 Sueno
1826 3182 2014 3231 devictis

253 3263 437 3313 penitus
456 3245 620 3314 Ang'lis
641 3251 830 3314 publico
850 3266 1012 3298 eorum
1033 3249 1244 3297 consensu
1265 3267 1459 3314 regnum
1484 3252 1545 3298 est
1565 3249 1775 3312 adeptus,
1796 3247 1923 3319 qqod
1947 3258 2015 3294 ta·

215 3360 225 3366 .
252 3328 359 3362 men
381 3330 553 3377 paucos
574 3331 717 3363 annos
735 3314 796 3377 ⁴in
829 3315 927 3377 ejus
960 3313 1136 3362 familia
1161 3316 1387 3363 remansit.
1456 3316 1654 3363 Saxones
1686 3310 1826 3374 enim*
1848 3323 2015 3359 iterum

311 3441 373 3491 (ι)
401 3442 463 3484 To
480 3442 545 3480 tle
563 3444 701 3500 Saxogxs
713 3456 809 3482 were
821 3443 963 3495 joined,
981 3443 1020 3482 in
1034 3444 1099 3483 the
1224 3443 1285 3495 (2)
1313 3444 1402 3482 The
1430 3444 1570 3482 Saxone
1596 3454 1640 3480 or
1665 3440 1817 3490 Englissi
1844 3438 2018 3490 enjoyan

222 3540 228 3549 ἰ
249 3492 427 3541 'conquest
447 3495 492 3532 of
504 3492 662 3542 Britain,
679 3506 755 3533 two
771 3497 881 3536 other
896 3498 1044 3536 nations
1061 3498 1107 3536 of
1169 3509 1219 3536 no
1240 3497 1318 3535 sure
1338 3509 1462 3548 peace,
1478 3494 1600 3534 either
1619 3507 1755 3542 among
1777 3492 1905 3531 vhems
1935 3504 2011 3537 ves,

205 3592 210 3594 ἡ
255 3549 465 3596 Germany,
482 3556 524 3585 to
544 3549 625 3594 wit,
644 3549 709 3586 the
728 3550 861 3598 Angli,
877 3563 898 3587 a
916 3551 1043 3601 people
1062 3551 1107 3589 of
1116 3540 1127 3552 ”
1170 3564 1215 3588 or
1231 3549 1326 3588 with
1342 3549 1409 3588 the
1431 3548 1598 3587 Brittons
1617 3560 1659 3586 or
1676 3546 1820 3594 walth,
1838 3544 1926 3596 usqu
1971 3544 2016 3581 ad

258 3600 375 3637 lower
393 3601 554 3648 Saxony‚
579 3603 649 3637 and
663 3601 761 3653 juti,
773 3615 818 3639 or
832 3602 1048 3654 jutlanden
1063 3603 1110 3641 of
1171 3603 1382 3642 Hernicum
1399 3601 1621 3651 Septimum.

253 3651 468 3701 Denmark,
495 3653 689 3702 bordering
704 3653 798 3692 with
820 3656 1026 3706 Germany.

1903 3703 1915 3709 “
1928 3697 2017 3747 suae
