2043 3864
556 119 896 198 Luam
987 115 1362 182 Nonus.
1734 138 1911 206 2297

100 227 318 278 mitteret,
373 225 534 283 Itaque
555 215 1008 280 quantulamcunque
1032 230 1219 261 manum
1237 211 1339 279 satis
1361 210 1474 264 fore,
1500 220 1550 257 ut
1571 211 1641 257 vel
1665 229 1759 260 rem
1785 232 1867 276 pa-

96 303 257 347 ratam,
284 292 323 337 &
347 288 389 335 se
410 287 677 333 offerentem
699 278 904 340 arripiat,
926 279 1000 325 vel
1039 279 1298 341 impulsam,
1324 282 1373 329 &
1399 275 1716 322 labefactatam
1739 295 1865 325 ever-

95 366 178 403 tat.
442 392 446 395 ,

96 407 98 409 ,
161 420 224 466 V.
260 418 376 464 Haec
396 429 501 461 cum
524 403 694 474 magna
709 424 765 456 ex
786 417 915 471 parte
932 422 1040 453 vera
1061 406 1280 453 Balliolus
1299 422 1392 453 nou
1408 401 1657 469 ignoraret,
1673 408 1715 450 δε
1736 420 1865 468 mag-

95 500 175 531 nas
199 483 255 529 ab
277 478 493 526 Eduardo
517 474 674 538 Anglo
696 473 850 536 copias
870 472 921 518 in
941 470 1145 525 Scotiam,
1164 471 1275 516 duci
1305 469 1480 517 audiret
1514 465 1650 516 facile
1672 468 1867 516 callidus

14 567 23 571 “
93 555 319 594 veterator
339 540 519 588 homini
540 538 742 602 imperii,
763 543 803 585 &
826 535 988 600 gloriae
1009 534 1178 596 cupido
1201 534 1428 597 persuasit,
1455 545 1505 581 ut
1520 533 1760 581 contractis
1782 550 1868 595 pro

92 606 304 673 praesenti
323 605 468 669 copia·
488 605 684 652 navibus
706 599 1015 664 expeditionis
1039 599 1134 660 ejus
1169 610 1344 661 partem
1367 598 1622 662 susciperet.
1689 598 1868 645 Verum

53 726 61 730 V
89 673 173 719 sub
191 671 437 718 adventum
460 668 645 717 Ballioli
660 668 710 713 in
729 665 951 729 Angliam
970 663 1210 710 Eduardus
1229 663 1479 710 exercitum
1498 661 1741 709 dimiserat.
1777 662 1869 709 Ni-

89 736 192 784 hilo
214 748 366 782 tamen
390 734 539 780 minus
565 731 711 779 Scotis
733 729 963 784 exulibus,
988 740 1125 791 atque
1142 728 1307 790 Anglis
1327 727 1446 790 agris
1469 727 1516 773 in
1537 726 1689 774 Scotia
1706 729 1870 788 expul-

90 801 146 848 fis
168 800 226 846 ad
243 815 349 846 eum
367 796 705 846 confluentibus
725 811 911 841 manum
931 808 1023 840 non
1042 791 1617 843 contemnendameffecit.
1652 792 1767 838 Sunt
1785 791 1868 854 qui

32 879 35 882 ’
92 862 313 912 sexcentis
328 875 507 911 tantum
525 860 772 908 comitibus
789 876 886 906 rem
910 869 1083 906 tantam
1097 874 1204 904 eum
1218 856 1412 902 scribant
1435 856 1686 920 aggressum
1707 874 1717 902 :
1743 857 1871 918 quod

92 928 209 977 mihi
231 945 324 976 non
347 928 398 975 fit
417 925 678 974 verisimile.
746 923 941 987 Propior
961 939 1071 969 vero
1094 938 1252 969 eorum
1279 921 1460 967 videtur
1481 919 1647 976 oratio,
1688 925 1769 984 qui
1796 920 1871 966 sex

93 993 240 1041 millia
270 992 482 1055 pediturn
515 991 558 1038 ei
588 990 645 1036 ab
677 988 835 1053 Anglo
857 989 964 1035 data
985 986 1151 1033 ferunt.
1222 985 1479 1031 Alacriores
1503 986 1651 1032 multo
1674 985 1731 1030 ad
1755 986 1873 1031 hanc

90 1057 437 1121 expeditionem
461 1054 690 1102 universos
713 1053 839 1108 fecit,
880 1053 972 1098 illis
993 1051 1116 1114 ipfiS,
1148 1049 1316 1112 quibus
1339 1050 1437 1095 haec
1459 1049 1751 1112 agitabantur
1773 1049 1872 1095 die·

93 1122 177 1170 bus
201 1119 331 1169 *mors
364 1121 576 1168 Randolfi
602 1118 819 1166 nunciata
842 1135 854 1162 z
889 1132 942 1162 ac
964 1117 1105 1162 velut
1122 1116 1280 1161 laetum
1312 1130 1447 1160 omen
1471 1130 1622 1161 rerum
1646 1114 1870 1176 gerenda·

92 1203 194 1234 rum
217 1186 426 1234 omnium
450 1184 625 1232 animos
648 1183 809 1232 erexit.
879 1182 1003 1228 Cum
1022 1181 1108 1226 hac
1130 1178 1272 1242 igitur
1292 1178 1422 1224 claffe
1444 1177 1740 1240 Kingornum
1766 1192 1870 1223 vec-

92 1262 142 1298 ta
162 1246 380 1299 Calendis
407 1248 601 1313 Augusti
627 1248 810 1295 navales
829 1245 985 1309 copias
999 1241 1223 1307 exposuit.
1277 1242 1529 1288 Terrestres
1552 1254 1704 1288 autem
1728 1242 1871 1289 duxe=

73 1310 200 1363 'runt
217 1315 372 1363 David
395 1314 642 1362 Cuminius
664 1311 777 1360 olim
793 1309 997 1358 Atholiae
1021 1310 1208 1362 Come5‚
1229 1306 1518 1360 Maubraiu8‚
1539 1309 1588 1355 ὃς
1608 1306 1874 1353 Bellomon-

94 1379 200 1428 tius,
266 1382 336 1427 Ex
371 1379 538 1444 :Anglis
560 1377 835 1425 Talbotius.'
897 1375 976 1421 Ad
999 1372 1139 1420 claffls
1175 1370 1375 1434 appulsae
1410 1371 1580 1417 famam
1612 1370 1874 1417 Alexander

94 1444 304 1492 Setonius
328 1445 469 1491 homo
503 1441 690 1497 nobilis,
715 1440 797 1505 qui
819 1434 919 1487 tuni
942 1439 1060 1486 forte
1090 1437 1139 1484 in
1174 1436 1267 1482 illis
1302 1436 1416 1489 locis
1441 1434 1770 1488 diversabatur,
1794 1450 1872 1480 oc·

94 1509 252 1564 currit,
275 1509 454 1571 sperans
476 1508 525 1555 in
547 1505 920 1555 descendentium
935 1500 1242 1566 trepidatione
1263 1500 1547 1550 occasionem
1570 1499 1636 1547 rei
1658 1500 1774 1559 bene
1791 1517 1874 1563 ge·

93 1574 247 1620 rendae
270 1590 363 1621 non
385 1573 662 1621 defuturam.
731 1571 843 1617 Non
863 1567 1020 1615 multis
1038 1579 1191 1613 autem
1215 1567 1240 1613 ὲ
1258 1564 1431 1611 vicinia
1450 1564 1493 1610 se
1514 1563 1874 1627 adjungentibus

94 1651 201 1684 cum
236 1639 358 1684 hoste
381 1639 639 1700 congressus
673 1651 780 1681 cum
814 1636 935 1696 bona
964 1644 1093 1694 parte
1115 1630 1297 1677 suorum
1331 1631 1392 1675 est
1431 1628 1584 1675 caesus.
1652 1627 1872 1676 Balliolus

94 1701 251 1763 paucis
273 1703 435 1748 diebus
460 1701 546 1747 suis
565 1701 623 1746 ad
641 1699 682 1746 se
705 1715 762 1744 ex
774 1696 1017 1744 vexatione
1038 1692 1214 1741 itineris
1228 1693 1500 1739 reficiendos
1522 1692 1639 1738 datis
1654 1693 1875 1738 Perthum
1923 1742 1927 1746 ,

94 1764 219 1811 recta
239 1766 493 1819 contendit,
511 1780 617 1810 cum
636 1764 693 1810 ad
712 1762 855 1809 molas
874 1759 1080 1823 aquarias
1104 1774 1196 1804 non
1219 1759 1382 1820 procul
1399 1758 1458 1803 ab
1473 1757 1606 1802 Ierna
1624 1756 1762 1802 castra
1775 1772 1874 1802 me-

95 1840 215 1876 tatus
247 1829 413 1885 fuisset,
438 1831 698 1891 Prorexque
722 1828 854 1880 ultra,
884 1828 953 1887 (1)
980 1822 1200 1870 Patricius
1232 1822 1499 1868 Dumbarus
1538 1821 1653 1867 citra
1689 1836 1875 1868 amnem
1946 1864 1953 1874 ,

95 1905 287 1955 uterque
309 1909 414 1940 cum
447 1892 627 1956 magnis
661 1890 805 1954 copiis
841 1889 962 1937 binis
1005 1886 1154 1934 castris
1179 1885 1386 1948 quinque
1421 1884 1568 1931 millia
1606 1883 1874 1931 distantibus

0 1966 1 2013 l
95 1957 407 2005 consedissent.
450 1957 670 2004 Balliolus
692 1956 771 2002 etsi
790 1953 946 2000 multis
969 1953 1027 1999 ad
1050 1952 1218 1998 famam
1239 1966 1387 1997 rerum
1408 1950 1706 1996 secundarum
1729 1948 1770 1994 se
1792 1966 1874 2013 ag-

94 2021 393 2084 gregantibus
425 2021 557 2084 supra
579 2021 738 2066 decem
760 2017 906 2064 millia
934 2017 1175 2063 hominum
1199 2014 1403 2067 haberet,
1440 2025 1594 2060 tamen
1621 2030 1726 2060 cum
1755 2012 1874 2060 inter

93 2087 208 2131 duos
230 2085 410 2133 hostiles
429 2084 655 2131 exercitus
677 2085 902 2137 tenderet,
915 2082 1085 2128 veritus
1103 2097 1161 2127 ne
1182 2080 1231 2125 in
1254 2079 1408 2125 medi-o
1431 2078 1873 2142 opprimeretur‚opa

94 2148 261 2196 timum
284 2149 404 2196 factu
426 2150 486 2195 est
508 2161 630 2195 ratus
653 2147 864 2201 seorsum,
891 2152 931 2194 δε
954 2163 1010 2193 ex
1031 2145 1256 2206 insperato
1277 2159 1355 2189 eos
1386 2143 1579 2206 aggredi
1604 2160 1615 2188 :
1650 2141 1874 2205 primum-

67 2244 69 2247 ·
96 2230 187 2275 que
205 2213 431 2261 Marrium
453 2215 719 2276 Proregem,
740 2228 880 2274 quem
912 2209 1169 2258 verosimile
1191 2222 1303 2264 erat,
1323 2209 1419 2271 quo
1451 2207 1635 2270 longius
1670 2208 1727 2253 ab
1750 2207 1876 2254 hoste

94 2278 319 2332 tenderet,
339 2281 396 2326 eo
420 2277 730 2341 negligentius
754 2275 910 2323 omnia
932 2278 1155 2322 adturum.
1700 2318 1705 2324 ,

157 2343 245 2390 VI.
285 2344 460 2390 NaCtus
492 2344 636 2405 igitur
664 2342 898 2388 Andream
922 2341 1187 2387 Moravium
1215 2336 1564 2384 Tilibardinum
1597 2337 1762 2397 ducem
1793 2338 1872 2392 est,

29 2450 49 2455 ,.
95 2406 180 2468 qui
197 2424 289 2454 non
312 2408 441 2454 ausus
458 2410 611 2470 palam
634 2406 676 2452 se
695 2405 861 2468 Anglis
880 2405 1160 2466 conjungere
1179 2403 1335 2466 palum
1356 2402 1404 2448 in
1424 2402 1578 2460 medio
1597 2402 1760 2456 amnis,
1781 2402 1876 2465 qua

91 2472 386 2534 permeabilis
408 2485 506 2518 erat
523 2474 655 2517 noete
676 2470 842 2524 infixit,
868 2469 949 2532 qui
973 2468 1236 2515 Balliolanis
1255 2466 1341 2512 iter
1358 2466 1875 2521 indicaretnglllicum

94 2535 202 2582 tetii
222 2536 359 2590 silvis,
383 2553 487 2599 quae
512 2530 774 2581 ulteriorem
798 2534 945 2597 ripam
966 2533 1216 2579 vestiebant
1236 2531 1424 2593 propius
1447 2532 1503 2578 ad
1534 2531 1705 2577 hostem
1729 2531 1875 2578 acces·

94 2600 256 2654 sissent,
287 2599 557 2663 intelligunt
577 2616 683 2646 eum
705 2598 815 2644 raris
837 2596 1028 2661 vigiliis,
1058 2603 1098 2644 &
1121 2595 1387 2643 stationibus
1408 2595 1628 2658 oppositis
1654 2597 1724 2656 (z)
1750 2596 1876 2642 velut

42 2661 54 2666 “
90 2662 142 2709 in
165 2675 326 2726 pacato
350 2666 530 2711 noctem
565 2681 716 2726 agere.
785 2664 890 2709 Hac
911 2678 1070 2709 eorum
1104 2658 1389 2724 negligentia
1410 2660 1516 2707 freti
1543 2673 1709 2722 praeter
1740 2661 1876 2707 castra

96 2727 274 2773 summo
296 2744 400 2773 curn
421 2728 597 2775 silentio
620 2728 796 2775 ducunt
822 2746 832 2773 :
869 2732 905 2773 ἃ
927 2727 975 2771 in
995 2725 1190 2787 aversam
1215 2736 1392 2786 partem
1412 2724 1631 2785 majorem
1654 2724 1783 2771 sfflbi
1807 2725 1875 2770 so-

94 2791 343 2838 litudinem
363 2792 447 2838 rati
469 2792 734 2852 inventuros
752 2792 978 2853 impetum
1004 2791 1193 2836 faciunt.
1236 2788 1326 2835 Sed
1347 2789 1394 2835 in
1410 2806 1463 2836 ea
1481 2793 1625 2851 parte,
1642 2805 1734 2850 qua
1755 2788 1874 2834 sum-

95 2872 219 2903 mam
244 2855 574 2918 negligentiam
598 2857 695 2903 fore
717 2855 1004 2918 speraverant
1026 2855 1142 2900 forte
1163 2852 1417 2917 vigilabant
1435 2855 1644 2901 Thomas
1667 2853 1874 2899 Randol-

97 2921 170 2968 fus
193 2919 433 2981 Moraviae,
456 2921 686 2967 Robertus
710 2919 902 2968 Brufiius
916 2920 1128 2971 Caric‘iae‚
1150 2919 1397 2964 Mordacus
1419 2917 1628 2964 Taichiae
1646 2917 1874 2971 ComiteS,
1900 2918 1909 2921 i

98 2990 149 3032 δε
184 2984 448 3030 Alexander
481 2984 721 3044 Fraserius,
791 2985 858 3030 Hi
892 2998 998 3030 curn
1022 2983 1274 3030 amicorum
1298 2982 1464 3028 validis
1494 2980 1654 3027 turmis
1677 2980 1873 3041 primam

96 3048 293 3095 hostium
316 3048 648 3109 impresiionem
686 3048 865 3094 fortiter
887 3048 1187 3094 sustinuerunt
1209 3046 1339 3107 super
1373 3046 1550 3091 labrum
1572 3045 1710 3098 soffae,
1734 3061 1874 3106 quam

98 3112 308 3176 decursus
346 3128 476 3174 aquae
499 3114 667 3172 plu‘viae
690 3113 861 3158 fecerat
882 3129 891 3156 :
929 3111 1103 3158 interea
1125 3110 1232 3156 totis
1256 3108 1405 3154 castris
1425 3109 1613 3161 clamor,
1640 3115 1678 3154 Sc
1703 3111 1874 3155 tumul-

97 3179 170 3224 t'us
192 3193 318 3222 arma
338 3175 636 3238 capientium,
663 3182 702 3222 δε
726 3176 1070 3239 properantium
1095 3174 1150 3220 ad
1187 3173 1449 3218 conflictum
1488 3172 1588 3218 fuit.
1660 3174 1877 3235 Cumque

85 3250 270 3305 ¹temere
293 3240 383 3287 fine
405 3238 583 3294 ordine,
603 3242 694 3288 sine
712 3239 848 3302 signis
871 3238 1145 3292 festinarent,
1159 3237 1359 3299 primum
1379 3237 1576 3291 suorum,
1597 3237 1678 3298 qui
1699 3237 1876 3285 imma-2

153 3370 220 3422 (1)
249 3370 336 3406 The
365 3368 438 3404 earl
471 3367 516 3404 of
541 3368 679 3405 March
699 3382 709 3404 ε
739 3367 799 3405 his
830 3367 955 3409 father
1009 3366 1120 3403 eldcst
1139 3364 1333 3413 daughter,
1350 3367 1419 3402 and
1438 3365 1496 3405 his
1517 3366 1667 3405 brother
1686 3368 1790 3421 John
1810 3369 1875 3407 the

87 3421 172 3460 'had
201 3427 297 3460 stood
318 3423 375 3459 for
395 3424 459 3457 the
492 3422 587 3469 king
617 3422 662 3458 of
684 3422 869 3470 England,
891 3421 956 3456 but
1010 3420 1130 3457 other.

97 3488 173 3513 was
190 3477 397 3512 reconciled
414 3484 452 3510 to
470 3474 563 3522 king
591 3475 717 3510 Rober
752 3488 763 3522 ;
792 3475 861 3509 anrl
882 3472 955 3508 this
1067 3473 1128 3522 (2)
1158 3471 1258 3509 Near
1276 3471 1420 3523 Dupli‘n
1442 3485 1452 3510 ι
1482 3473 1538 3511 see
1556 3487 1634 3524 cap.
1657 3475 1705 3514 8‚.

100 3539 187 3567 man
206 3530 276 3567 had
298 3529 454 3566 married
475 3530 549 3565 carl
570 3528 740 3566 Tne—mas
761 3526 956 3564 standan&

3 3580 9 3602 1

1814 3633 1878 3674 fes
