2068 3868
417 166 742 238 Lis-En
835 165 1564 232 Duonsscmus.
1742 184 1866 246 333

100 271 273 326 metas,
297 282 407 331 quas
426 275 589 311 natura
608 261 774 318 statuit,
794 261 920 308 sexus
941 261 1154 324 postulat,
1174 259 1448 308 consuetudo
1479 258 1688 312 affirmat,
1713 263 1753 305 δε
1774 276 1875 307 om-

113 335 243 382 nium
272 348 387 396 pene
413 327 619 393 gentium
642 325 854 373 consensu
875 326 980 371 latae
1001 326 1127 390 leges
1150 325 1406 390 approbant
1437 342 1448 370 ε
1480 322 1556 369 sed
1581 322 1658 384 qui
1690 322 1754 367 sui
1774 340 1876 370 eam

112 396 318 446 oblivisci
329 395 510 457 jubent,
530 396 570 437 δι
588 390 744 437 omnia
756 390 868 450 juris
888 387 1070 435 vincula
1086 405 1395 452 perrumpere,
1410 386 1711 449 ordinemque
1728 403 1879 434 rerum

116 480 145 510 a
165 464 268 511 Deo
288 460 558 509 institutum,
585 454 664 501 usu
685 465 939 515 receptum,
968 459 1006 499 &
1028 453 1077 500 in
1099 454 1311 501 omnibus
1327 453 1452 500 -bene
1474 453 1660 498 moratis
1682 449 1878 497 civitati-

114 527 200 574 bus
222 525 462 588 probatum
481 518 743 583 perturbare
764 517 967 564 suadent.
1000 518 1119 564 Eum
1141 518 1348 564 ordinem
1370 516 1635 580 quicunque
1653 514 1878 578 negliget,

113 606 272 653 graves
293 603 385 634 non
402 584 684 639 hominibus,
708 582 782 628 sed
805 582 909 627 Deo
930 580 1108 628 suarum
1131 584 1287 645 legum
1310 581 1483 628 vindici
1506 581 1688 627 exolvet
1703 595 1879 642 poenas,

115 655 240 703 Nam
263 652 294 698 fi
317 661 510 698 mortem
540 649 614 695 lex
636 646 795 694 divina
816 645 1017 691 minatur
1039 645 1138 692 viro
1160 645 1448 700 muliebrem,
1472 657 1550 692 aut
1572 642 1754 691 mulieri
1774 642 1883 690 viri·-

114 719 206 767 lem
235 716 401 762 vestem
424 711 653 767 induenti,
684 711 812 773 quod
834 708 1108 772 supplicium
1132 709 1232 758 satis
1255 725 1337 771 pro
1369 709 1687 773 magnitudine
1708 707 1885 757 sceleris

113 797 253 848 grave
274 779 339 826 eis
359 772 653 841 irrogabitur,
678 774 759 839 qui
777 774 1039 821 adulatione
1059 775 1327 837 praepostera
1347 786 1490 821 totam
1515 786 1686 820 naturae
1708 772 1821 829 vim,
1842 778 1885 819 δε

112 858 383 910 perpetuam
405 842 499 890 Dei
519 840 890 888 constitutionem
911 850 1118 885 evertant
1142 842 1159 885 ?
1192 837 1332 884 vultis
1353 838 1631 900 intelligere,
1656 836 1795 900 quam
1815 836 1885 883 isti

116 911 403 957 assentatores
434 923 528 954 non
550 921 607 953 ex
628 904 771 952 animi
796 902 1012 950 sententia
1051 903 1297 964 loquantur
1321 906 1338 948 ?
1374 903 1421 948 in
1444 916 1674 949 conventu
1696 900 1886 964 publico

116 975 272 1022 dicere
283 970 579 1025 sententiam,
597 970 691 1032 juri
713 967 914 1015 dicundo
954 968 1151 1030 praeeffe,
1170 968 1294 1030 leges
1324 983 1500 1030 rogare,
1521 980 1599 1012 aut
1623 966 1841 1030 abrogare
1866 970 1884 1013 ?

118 1040 237 1086 Haec
259 1037 435 1101 singula
455 1036 533 1083 etsi
555 1052 637 1098 per
654 1034 696 1080 se
719 1033 873 1096 ampla
894 1031 1012 1088 sunt,
1036 1033 1256 1094 quantula
1278 1043 1429 1078 tamen
1449 1031 1600 1092 portio
1619 1030 1718 1077 sunt
1739 1031 1891 1077 admi-

117 1100 390 1150 nistrationis
405 1100 604 1163 publicae
626 1102 642 1145 ?
675 1114 756 1145 cur
769 1113 880 1160 ergo
898 1113 1058 1143 eorum
1080 1112 1242 1142 uxores
1255 1094 1331 1141 hic
1349 1095 1583 1141 nobiscum
1602 1111 1694 1140 non
1711 1095 1890 1142 consul·

120 1163 254 1214 tant?
285 1165 473 1227 judiciis
495 1163 737 1228 praefident
760 1166 778 1209 ?
811 1163 935 1224 leges
959 1160 1146 1206 suadent
1166 1172 1244 1206 aut
1265 1159 1516 1206 dissuadent
1540 1162 1557 1204 ἒ
1588 1175 1668 1205 cur
1699 1176 1789 1206 non
1806 1160 1893 1206 do-

119 1231 187 1279 mi
208 1231 295 1278 suae
312 1229 396 1293 ipfi
416 1244 513 1276 rem
535 1227 808 1274 familiarem
846 1237 1092 1288 procurant
1115 1226 1132 1269 ?
1168 1229 1208 1271 δι
1231 1239 1391 1270 uxores
1429 1224 1475 1269 in
1499 1223 1637 1268 castra
1658 1223 1848 1271 mittunt
1869 1228 1889 1271 ἒ

124 1295 267 1359 Qod
289 1295 337 1349 fi,
361 1293 529 1358 quibus
573 1309 668 1338 rem
690 1289 963 1338 familiarem
984 1286 1271 1335 committere
1291 1287 1369 1333 vix
1387 1286 1572 1341 audent,
1613 1288 1782 1335 nedum
1804 1288 1893 1336 mi-

123 1360 261 1407 nimae
276 1358 456 1422 negotii
471 1356 649 1420 publici
669 1354 789 1418 parti
809 1370 937 1418 pares
955 1354 1039 1400 effe
1060 1351 1333 1407 existiment,
1363 1369 1436 1398 eas
1475 1351 1632 1397 nostris
1654 1351 1893 1415 imponere

121 1425 286 1472 volunt
304 1422 578 1477 cervicibus,
599 1420 753 1467 videte
773 1418 912 1482 quam
936 1417 1019 1465 fibi
1039 1418 1241 1464 constent
1264 1435 1276 1464 :
1312 1416 1375 1463 fin
1411 1415 1492 1478 ipfi
1512 1415 1790 1463 infirmitatis
1810 1417 1913 1465 suar

126 1488 209 1537 fibi
229 1485 398 1535 consc1i
414 1486 536 1533 idem
557 1485 771 1539 sentiunt,
807 1482 933 1546 quod
972 1484 1242 1544 loquuntur,
1279 1480 1351 1528 sed
1374 1481 1566 1544 pudore,
1588 1481 1734 1544 magis
1752 1480 1896 1544 quam

118 1552 301 1615 judicio
322 1551 613 1605 cohibentur,
639 1551 842 1597 desinant
859 1547 980 1594 male
997 1546 1171 1610 sperare
1204 1548 1261 1593 de
1279 1545 1399 1600 aliis,
1423 1545 1504 1608 qui
1527 1545 1620 1600 sua,
1640 1546 1727 1592 hoc
1744 1547 1804 1593 est
1824 1546 1896 1593 vi·

127 1634 283 1669 rorum
302 1615 453 1663 officia
472 1616 665 1679 implere
688 1619 727 1661 &
749 1614 928 1666 volunt,
954 1618 994 1659 &
1016 1611 1211 1674 possunt.
1284 1610 1363 1656 Sin
1401 1610 1548 1672 (quod
1586 1610 1732 1674 magis
1770 1614 1892 1672 reor)

125 1681 219 1728 hoc
237 1679 542 1728 assentationis
562 1694 730 1742 genere
753 1678 796 1723 se
814 1675 1006 1738 Reginae
1021 1675 1352 1738 gratificatur-os
1364 1685 1542 1738 putent,
1558 1690 1633 1722 eos
1648 1676 1894 1732 admoneo,

122 1749 179 1796 ὃς
200 1746 375 1800 hortor,
399 1757 450 1791 ut
475 1742 631 1789 falsam
650 1742 778 1788 istam
800 1741 856 1787 de
878 1739 1084 1803 principe
1107 1739 1294 1788 summae
1315 1738 1570 1801 prudentiae
1585 1738 1818 1802 deponant
1843 1757 1896 1787 o-

126 1808 365 1873 pinionem
387 1825 398 1854 ε
431 1822 517 1856 nec
534 1824 634 1854 eam
651 1807 764 1853 adeo
782 1820 932 1851 rerum
951 1803 1159 1868 ignaram
1179 1804 1383 1859 credant,
1409 1816 1459 1850 ut
1477 1803 1605 1865 quod
1627 1804 1726 1850 aliis
1745 1804 1898 1852 foemi-

131 1873 205 1920 nis
221 1874 326 1920 effet
347 1872 668 1936 turpiffimum,
684 1870 734 1917 in
755 1885 811 1917 eo
828 1868 916 1915 suae
930 1868 1169 1932 dignitatis
1187 1881 1264 1915 aut
1283 1868 1618 1914 incrementum
1638 1869 1799 1924 ullum,
1820 1881 1900 1918 aut

128 1948 450 1984 ornamentum
487 1936 622 1984 inesse
641 1935 897 1982 arbitretur.
964 1932 1143 1980 Invitus
1164 1932 1213 1979 in
1230 1934 1347 1978 hanc
1369 1931 1622 1979 orationem
1645 1932 1896 1996 ingredior.

197 2003 331 2048 XIV.
373 2009 407 2030 “
440 2002 605 2062 Itaque'
621 2015 725 2046 curn
765 1998 978 2062 princeps
997 1996 1284 2044 illustriffima
1303 1997 1361 2044 de
1383 1995 1586 2044 universo
1604 2013 1746 2061 regno
1762 1998 1827 2045 ita
1848 1999 1909 2048 fit

128 2066 395 2129 promerita,
419 2077 469 2111 ut
487 2064 604 2111 nihil
622 2063 778 2110 audire
794 2061 975 2117 debeat,
994 2062 1121 2124 quod
1141 2062 1346 2108 animum
1370 2061 1484 2123 ejus,
1509 2073 1587 2108 aut
1604 2078 1732 2108 aures
1754 2064 1903 2111 offen·

129 2131 239 2178 dere
259 2131 418 2193 poss'et,
441 2128 670 2183 omittam,
690 2144 795 2191 quae
812 2126 859 2174 in
885 2126 1010 2173 sexus
1034 2127 1360 2173 contumeliam
1400 2126 1458 2172 ab
1495 2125 1720 2189 improbis
1738 2127 1901 2187 jactari

129 2194 286 2249 audi0‚
307 2198 356 2244 δε
378 2194 620 2249 virtutum,
643 2209 747 2256 quae
764 2191 957 2254 Reginae
976 2191 1078 2238 sunt
1097 2191 1294 2255 propriae
1311 2190 1464 2255 potius
1484 2191 1707 2254 usurpabo
1725 2208 1901 2240 memo-

128 2257 262 2306 riam.
330 2259 420 2305 Hae
441 2258 565 2305 enim
579 2274 683 2304 cum
694 2256 904 2319 plurimae
926 2256 1028 2311 sint,
1051 2258 1104 2306 δε
1125 2256 1173 2303 in
1191 2256 1349 2320 primis
1370 2255 1580 2310 illustres,
1600 2255 1727 2301 nulla
1748 2267 1901 2305 tamen

129 2324 351 2385 majorem
388 2322 432 2369 ei
452 2323 576 2385 apud
599 2338 758 2368 omnes
800 2320 1267 2383 commendationem,
1305 2323 1358 2371 ὃς
1393 2319 1577 2367 laudem
1616 2319 1900 2378 conciliavit,

130 2388 273 2451 quam
297 2388 528 2435 modestia.
595 2388 664 2434 Ea
697 2386 821 2432 enim
857 2385 982 2433 istius
1002 2385 1130 2432 sexus
1151 2385 1216 2433 ita
1232 2384 1418 2449 propria
1446 2384 1743 2439 existimatur,
1781 2387 1900 2434 utin

130 2451 311 2516 privata
333 2453 601 2515 plaerunque
620 2450 717 2497 vita
732 2450 823 2497 alia
838 2450 1028 2496 aliarum
1049 2449 1163 2497 vitia
1181 2459 1257 2498 vel
1273 2449 1464 2498 omnino
1481 2449 1660 2504 texerit,
1686 2450 1757 2495 vel
1779 2451 1903 2498 certe

130 2515 396 2564 obscurarit.
464 2518 518 2563 In
539 2515 748 2579 principe
777 2530 889 2561 vero
910 2516 1073 2570 nostra,
1112 2516 1241 2576 cujus
1278 2517 1341 2563 ob
1383 2514 1596 2568 fortunae,
1635 2514 1904 2578 generisque

130 2580 387 2628 elaritatem
423 2581 602 2628 nullum
626 2579 817 2635 dictum,
856 2578 1085 2626 factumve
1107 2579 1157 2626 in
1177 2578 1367 2628 obscuro
1389 2579 1474 2626 effe
1506 2581 1667 2642 potest,
1706 2578 1771 2625 ita
1804 2581 1905 2627 haec

133 2647 371 2708 praelucet,
417 2657 468 2692 ut
489 2645 585 2707 ejus
603 2642 1001 2691 commendatione
1021 2654 1196 2691 caeterae
1212 2644 1401 2693 virtutes
1419 2644 1639 2708 gratiores
1661 2642 1757 2690 fieri
1776 2643 1904 2692 vide-

133 2721 284 2758 antur.
353 2710 475 2757 Cum
493 2726 548 2756 ea
566 2708 708 2774 igitur
729 2708 845 2756 mihi
866 2709 1009 2772 longa
1026 2710 1232 2756 oratione
1249 2727 1341 2757 non
1362 2709 1424 2757 est
1444 2725 1563 2772 opus
1581 2726 1593 2755 ε
1627 2707 1702 2755 sed
1724 2720 1906 2757 tantum

133 2786 189 2821 ut
209 2775 498 2830 admoneam,
520 2780 561 2822 δι
578 2775 748 2829 horter,
774 2784 824 2820 ut
845 2790 982 2835 quam
1006 2773 1143 2821 semel
1171 2775 1230 2820 ad
1251 2775 1408 2829 decus,
1433 2779 1473 2820 &
1496 2772 1690 2837 gloriam
1712 2773 1904 2836 ingressa

132 2839 198 2885 est
215 2839 356 2895 viam,
372 2856 472 2887 eam
487 2840 739 2887 constanter
753 2850 904 2884 teneat
924 2856 935 2884 :
961 2855 1055 2886 neu·
1066 2839 1138 2901 cuj
1146 2839 1332 2901 usquam
1345 2837 1627 2886 assentationi
1643 2838 1709 2883 ita
1725 2837 1766 2883 se
1787 2854 1903 2900 prae-

137 2902 261 2959 beat,
278 2916 328 2950 ut
344 2903 411 2951 sui
427 2903 747 2951 obliviscatur:
772 2901 994 2966 malitque
1011 2918 1204 2958 certum,
1225 2910 1266 2951 &
1285 2902 1441 2951 multis
1456 2900 1779 2965 experimentis
1797 2917 1908 2964 pro-

133 2966 295 3014 batum
311 2967 398 3015 iter
418 2968 475 3015 ad
490 2968 695 3023 laudem,
708 2972 749 3015 δε
770 2966 1165 3016 immortalitatem
1178 2968 1390 3024 insistere,
1410 2966 1551 3031 quam
1566 2982 1648 3029 per
1666 2964 1904 3028 ancipitia,

137 3035 180 3079 δε
201 3031 352 3080 intuta
367 3032 707 3096 progrediendo
743 3033 960 3080 anteanae
992 3032 1099 3080 vitae
1121 3034 1277 3088 decuS,
1299 3036 1353 3083 ὃς
1372 3031 1658 3095 splendorem
1680 3030 1728 3076 in
1749 3029 1908 3077 discri-

137 3110 247 3141 men
269 3095 466 3144 mittere.
533 3096 785 3144 Vobiscum
806 3096 922 3143 mihi
937 3096 1087 3144 omnis
1109 3094 1494 3159 disteptati0‚,qui
1514 3094 1588 3140 vel
1605 3092 1784 3140 invidia
1796 3110 1906 3159 erga

137 3157 369 3213 meliores,
391 3176 506 3221 quos
528 3176 586 3208 ne
606 3160 739 3212 vobis
764 3173 1115 3223 anteponantur,
1139 3161 1310 3207 timetis
1335 3177 1352 3207 τ
1383 3162 1453 3206 vel
1490 3174 1629 3220 prava
1652 3154 1906 3206 ambitione

137 3222 265 3284 apud
287 3222 455 3269 bonam
495 3223 754 3286 principem
793 3224 959 3272 futurae
992 3225 1152 3288 gratiae
1187 3223 1487 3270 fundamenta
1499 3221 1670 3282 jacitis·
1737 3222 1905 3272 Dicam

135 3285 298 3350 igitur,
318 3285 499 3349 Regina
513 3286 764 3343 clarissima,
785 3291 931 3336 fretus
951 3301 1029 3335 tua
1060 3287 1320 3350 prudentia,
1342 3288 1473 3350 quod
1491 3285 1652 3341 sentio,
1672 3288 1723 3338 ὃς
1759 3286 1908 3336 libere

138 3351 308 3397 dicam.
376 3349 453 3408 Isti
475 3365 570 3397 non
590 3361 655 3405 te,
677 3350 755 3397 sed
774 3362 913 3399 tuam
927 3352 1158 3399 fortunam
1181 3353 1477 3414 alloquuntur
1500 3368 1512 3397 ι
1544 3353 1601 3400 8:
1619 3350 1730 3398 dum
1761 3353 1908 3417 Regi-

140 3430 250 3460 nam
271 3413 493 3479 cogitant,
516 3414 708 3461 eandem
729 3415 1177 3478 quoque-foeminam-
1192 3415 1502 3462 effeoblivisci
1522 3414 1751 3463 videntur.
1784 3418 1906 3465 Cum

138 3477 382 3525 foeminam
402 3478 507 3527 dico
528 3482 605 3541 (ne
626 3477 730 3541 quis
752 3477 1079 3526 contumeliose
1115 3479 1168 3525 id.
1185 3480 1363 3526 dictum.
1377 3481 1718 3542 interpretetur)
1755 3479 1907 3529 homi-

24 3551 29 3596 ξ
101 3593 105 3596 Δ
141 3558 252 3591 nem
272 3543 400 3598 dico,
419 3542 497 3591 cui
517 3554 677 3589 natura
697 3543 802 3590 cii-m
823 3543 1025 3607 plurima
1046 3543 1223 3590 dederit
1260 3544 1589 3600 blandimenta,
1609 3545 1908 3610 &indulgen-

146 3604 225 3654 tia».
243 3606 329 3656 suae
351 3623 558 3666 munera,
583 3606 809 3657 nonnulla
842 3607 985 3660 etiam
1003 3607 1245 3659 admiscuit
1267 3612 1339 3673 (ut
1360 3608 1680 3675 pulcherrimis
1702 3626 1904 3674 quoqne,

1868 3682 1915 3724 δεῖ
