2025 3833
162 160 298 227 400
456 134 809 207 RERUM
915 140 1608 210 Sco’rmARuM

159 238 203 287 se
224 240 507 290 vendicando
529 240 575 285 in
597 238 852 284 libertatem
870 238 1048 284 occulte
1068 236 1318 299 differebat.
1363 239 1496 285 Unus
1514 242 1820 301 eproceribus
1841 241 1917 293 10„

158 319 297 352 annes
318 305 519 353 Leviniae
539 305 705 348 Comes
728 313 838 354 erat,
862 301 937 348 cui
954 300 1128 363 aperire
1147 301 1329 348 intimas
1348 302 1646 364 cogitationes
1670 322 1759 353 non
1783 309 1918 356 time·

155 380 228 416 ret
244 383 364 417 :erat
378 369 495 415 enim
511 377 673 428 praeter
690 365 797 412 alias
815 364 1020 420 animi,&
1037 365 1237 427 corporis
1251 365 1438 412 virtutes
1460 382 1536 413 ore
1554 368 1715 429 probo,-
1728 376 1768 417 &
1788 364 1918 420 nam..

155 432 242 479 rali
260 434 451 496 quadam
469 430 681 476 suavitate
704 445 880 476 morum
904 431 962 476 ad
982 426 1190 476 homines
1203 429 1511 477 conciliandos
1525 431 1710 494 egregie
1730 426 1918 496 compo..

157 496 280 544 fitus.
348 495 413 543 Eo
435 494 576 558 igitur
595 493 642 540 in
667 493 986 540 conscientiam
1010 495 1247 555 assumpto,
1271 494 1380 540 dum
1405 494 1461 540 de
1484 508 1705 557 tempore,
1729 497 1848 551 loc'0,
1874 504 1917 545 δέ

152 560 333 617 ¹ratione
376 559 438 606 rei
476 558 764 619 perficiend'ae
791 558 1086 611 consultatur,
1116 556 1373 621 Duglaffius
1414 559 1569 605 multis
1607 553 1919 620 expeditioni-⁵

157 625 241 671 bus
255 624 310 670 ad
331 623 568 669 latrocinia
580 623 846 676 coercenda,
861 622 934 669 sed
953 639 1042 669 non
1059 634 1227 684 magno
1239 621 1428 668 successu
1442 622 1581 677 fadis,
1600 624 1779 670 tandem
1801 625 1920 672 circa

157 688 294 734 finem
323 687 433 733 Iulii
467 689 642 748 Regem
664 685 710 732 in
749 685 1011 732 Teviotiam
1035 688 1199 732 ducere
1232 684 1399 740 statuit,
1418 687 1518 746 ejus
1548 688 1827 750 praei'entiam
1858 691 1917 736 ad

151 764 367 798 terrorem
399 750 697 812 injiciendum
720 750 899 814 aliquid
920 751 1203 812 profuturam
1227 762 1363 797 ratus.
1426 751 1648 814 Jedburgi
1682 765 1911 800 conventu

151 815 310 863 habito
332 814 560 878 principes
590 813 866 862 familiarum
887 830 945 861 ex
968 815 1094 862 omni
1116 814 1235 860 circa
1253 814 1440 877 regione
1461 816 1518 861 ad
1540 816 1581 862 se
1602 827 1785 862 vocatos
1807 820 1909 864 Rex

147 879 281 940 jubet
313 880 401 926 suae
423 896 636 942 querique
657 879 807 942 gentis
830 879 1120 934 facinorosos,
1139 894 1333 941 quorum
1358 879 1543 926 nomina
1564 878 1627 925 eis
1645 880 1806 934 edidit,
1836 898 1920 927 ex-

151 943 310 992 hibere
345 962 356 990 ε
390 944 557 1008 quibus
578 943 786 1008 gnaviter
817 942 1097 1006 parentibus,
1122 941 1256 990 multi
1278 943 1506 989 latronum
1531 945 1665 990 duces
1694 945 1930 1007 supplicio·

153 1009 302 1056 affecti
327 1028 337 1056 :
364 1008 520 1055 multis
545 1008 594 1055 in
615 1008 738 1070 spem
760 1006 866 1054 vitae
896 1007 943 1054 in
966 1007 1128 1054 melius
1159 1008 1388 1053 mutandae
1420 1007 1553 1053 venia
1584 1008 1704 1055 data.
1770 1009 1842 1055 Ibi
1865 1011 1917 1057 in

151 1072 358 1120 laetitiam
382 1070 536 1120 solutis
568 1071 774 1120 omnium
805 1072 985 1128 animis,
1009 1072 1090 1134 qui
1120 1073 1296 1135 Regem
1318 1070 1562 1135 Duglasfiis
1584 1072 1756 1134 eripere
1777 1089 1916 1122 cona·

152 1136 316 1185 bantur
332 1138 396 1184 eis
415 1151 722 1201 opportunum
740 1136 883 1184 visum
897 1137 1029 1190 est,ut
1042 1148 1253 1183 conatum
1273 1136 1539 1197 perficerent
1554 1137 1704 1199 :quod
1724 1137 1915 1199 (1)Val-

152 1215 276 1249 terus
298 1204 476 1256 ScotuS,
500 1202 581 1264 qui
611 1217 702 1248 non
725 1202 863 1264 longe
884 1219 909 1248 a
929 1201 1162 1265 Jedburga
1196 1199 1449 1254 habitabat,
1474 1217 1659 1262 magnas
1682 1200 1728 1247 in
1766 1202 1915 1265 regio-

150 1266 287 1314 nibus
317 1266 588 1329 propinquis
618 1265 848 1312 clientelas
882 1265 1095 1311 habebat.
1162 1264 1249 1311 Rei
1271 1264 1622 1328 gerendae‘ratio
1646 1265 1702 1311 fic
1732 1264 1846 1312 inita
1865 1283 1915 1313 e-

150 1343 236 1385 rat,
261 1343 311 1379 ut
341 1331 556 1377 Valterus
589 1332 766 1392 Regem
789 1331 978 1377 domum
1001 1329 1121 1375 suam
1152 1329 1382 1382 invitaret,
1417 1328 1575 1391 ibique
1597 1345 1686 1376 non
1719 1328 1916 1377 invitum

150 1395 391 1447 detineret,
415 1396 527 1442 dum
549 1395 739 1456 majores
762 1395 819 1441 ad
840 1394 907 1441 rei
929 1395 1094 1440 famam
1118 1394 1264 1454 copiae
1285 1393 1594 1440 convenirent.
1662 1394 1716 1441 Id
1735 1395 1912 1442 confili-

148 1477 229 1508 um
251 1461 340 1508 five
361 1459 478 1506 forte
496 1460 693 1513 fortuna,
733 1460 818 1506 five
839 1458 1051 1514 alicunde
1069 1469 1309 1504 emanante
1330 1456 1506 1504 indicio
1528 1457 1761 1504 discuss'um
1784 1458 1914 1506 vide-

148 1524 301 1578 batur,
330 1525 459 1585 Rege
479 1536 598 1570 retro
620 1524 678 1570 ad
696 1523 977 1570 Mulrofliam
999 1522 1153 1569 ducto.
1219 1523 1395 1568 Verum
1419 1522 1631 1571 Valterus
1651 1521 1771 1569 nihil
1793 1539 1845 1569 ea
1861 1534 1917 1581 re·

148 1588 329 1652 segnior
350 1590 470 1636 refta
483 1588 540 1634 ad
553 1587 814 1650 Regemxire
831 1586 997 1650 pergit.
1043 1585 1163 1633 Cum
1180 1586 1276 1647 jam
1299 1602 1391 1632 non
1413 1586 1550 1648 longe
1573 1586 1751 1641 abesset,
1773 1587 1913 1650 trepi-

143 1653 233 1700 dus
256 1653 313 1700 ad
329 1651 584 1716 Duglasfios
607 1651 799 1698 nuncius
820 1652 1023 1704 affertur,
1047 1650 1288 1697 Valterum
1312 1660 1417 1695 eum
1436 1649 1615 1712 ingenti
1637 1662 1911 1699 armatorum

150 1733 290 1764 manu
308 1716 452 1779 ipsum
467 1720 689 1763 armatum
709 1715 937 1763 advenire.
969 1716 1074 1762 Nec
1095 1714 1288 1760 dubium
1307 1714 1390 1759 effe
1403 1713 1514 1776 quin
1529 1713 1668 1760 homo
1683 1714 1908 1773 faffiosus,=

145 1798 202 1829 ac
214 1797 353 1829 manu
367 1795 605 1844 promptus
618 1779 795 1843 aliquid
807 1779 914 1826 mali
930 1774 1278 1826 machinaretur.
1297 1775 1371 1824 Ibi
1381 1777 1526 1824 statim
1541 1794 1709 1840 magno
1723 1795 1824 1825 cum
1840 1792 1912 1828 tu-

148 1847 299 1894 multu
313 1848 371 1899 ad
388 1862 513 1892 arma
533 1844 814 1892 concursum.
847 1843 1106 1907 Duglassius
1120 1843 1197 1890 etsi
1212 1849 1403 1889 numero
1417 1841 1733 1896 effetinferior,
1759 1857 1910 1892 tamen

147 1927 256 1958 cum
283 1927 310 1957 e
333 1910 419 1957 suis
438 1910 636 1956 dele-&os
658 1908 778 1955 circa
791 1908 840 1955 --se
870 1909 1073 1962 haberet,
1096 1907 1297 1970 reliquos
1321 1922 1505 1954 veroex
1536 1906 1832 1963 Humiorum,
1857 1913 1910 1958 ὃς

148 1976 373 2025 Carorum
404 1973 579 2022 familia
606 1990 709 2019 cum
730 1971 1028 2035 principibus
1057 1971 1143 2018 suis
1180 1972 1250 2032 (2)
1288 1971 1496 2034 Georgio
1519 1967 1716 2028 Humio,
1751 1980 1800 2021 ὅ(
1837 1975 1907 2036 (3)

147 2040 337 2087 Andrea
358 2039 479 2086 Caro
500 2038 621 2085 viros
643 2037 798 2092 fortem,
823 2054 990 2100 pugnae
1017 2035 1245 2082 fortunam
1270 2035 1465 2096 experiri
1488 2033 1653 2081 statuit.
1680 2095 1684 2098 ῃ
1722 2035 1774 2082 In
1813 2037 1910 2099 ipso

146 2101 369 2167 temporis
390 2101 582 2150 articulo
605 2101 788 2164 pene-in
811 2118 938 2147 mora
970 2100 1058 2147 fuit
1080 2099 1312 2162 Georgius
1334 2098 1554 2153 Humius,
1577 2099 1657 2160 qui
1677 2100 1911 2162 Duglaffio

142 2168 353 2229 jubente,
380 2179 429 2214 ut
449 2183 506 2213 ex
540 2181 660 2228 equo
697 2165 1005 2220 descenderet,
1043 2169 1083 2211 δε
1121 2177 1298 2226 partem
1337 2177 1502 2226 pugnae
1531 2165 1788 2225 capesseret,
1813 2165 1854 2212 fe
1877 2167 1909 2213 si

148 2234 252 2280 Rex
265 2232 467 2294 juberet,
489 2230 799 2281 descensurum
821 2228 1067 2293 respondit.
1117 2227 1397 2275 Concursum
1420 2228 1480 2273 est
1501 2228 1679 2288 magnis
1699 2229 1910 2292 utrinque

147 2296 330 2352 animis,
357 2307 406 2343 ut
426 2295 592 2359 quibus
616 2296 715 2342 Rex
735 2294 977 2357 praemium
996 2291 1256 2354 certaminis
1289 2292 1508 2355 spectator
1531 2293 1650 2338 esset.
1719 2294 1910 2341 Ioannes

150 2360 356 2409 Stuartus
379 2377 521 2423 prope
543 2361 719 2422 Regem
741 2359 931 2415 ociosus,
955 2359 1123 2421 pugnae
1143 2353 1312 2405 arbiter
1329 2356 1460 2403 stetit.
1512 2356 1612 2402 Post
1629 2373 1775 2403 acrem
1799 2373 1910 2405 con·

148 2425 324 2474 flietum
347 2426 584 2472 vulnerato
605 2424 795 2471 Valtero
812 2422 911 2485 ejus
933 2421 1119 2470 clientes
1136 2422 1240 2469 loco
1258 2421 1489 2467 cesserunt.
1558 2422 1662 2484 Qo
1681 2421 1831 2467 minus
1853 2435 1914 2468 ex*

146 2507 204 2537 ea
233 2489 424 2537 vifioria
445 2489 587 2536 solida
617 2487 776 2536 laetitia
808 2485 1090 2551 Duglaffiani
1111 2486 1384 2539 fruerentur,
1420 2484 1528 2530 fecit
1558 2501 1678 2531 mors
1712 2486 1910 2532 Andreae

149 2553 279 2609 Cari,
310 2565 495 2616 pro-pter
517 2553 703 2600 virtutes
726 2551 908 2615 utrique
923 2551 1125 2614 partium
1141 2549 1433 2597 vehementer
1454 2545 1705 2596 desiderati.
1771 2550 1841 2596 Ex
1861 2568 1911 2596 e·

144 2618 220 2679 jus
241 2619 365 2665 caede
398 2617 663 2664 diuturnum
686 2617 845 2663 odium
860 2615 985 2663 >inter
1019 2617 1259 2668 Carorum,
1290 2618 1339 2663 δε
1373 2615 1611 2660 Scotorum
1633 2612 1828 2661 familias
1849 2617 1911 2662 est

149 2680 321 2738 ortum,
348 2683 419 2744 (4)
440 2696 524 2729 nec
540 2682 631 2744 fine
652 2679 868 2745 sanguine
889 2681 1163 2730 restinffiim.
1206 2680 1276 2725 Ex
1297 2694 1353 2724 eo
1376 2679 1566 2724 Ioannes
1589 2679 1810 2734 Stuartus,
1830 2681 1912 2742 qui

149 2746 194 2795 se
210 2747 258 2795 in
276 2745 494 2793 conflictu
520 2745 790 2808 ambiguum
807 2746 1010 2808 gesserat,
1034 2741 1277 2805 Duglaffiis
1299 2753 1403 2789 ante
1424 2741 1662 2805 suspedtus,
1689 2741 1783 2803 jam
1801 2760 1911 2790 vero

143 2807 566 2860 manifestushostis
587 2809 769 2856 habitus
791 2825 848 2855 ex
867 2808 970 2856 aula
991 2807 1191 2856 disceffit.
1228 2803 1347 2854 Haee
1367 2807 1490 2870 gesta
1505 2802 1605 2852 sunt
1625 2804 1682 2853 ad
1699 2809 1912 2855 oCtavum

150 2873 364 2928 calendas
388 2873 598 2938 Augusti,
621 2890 742 2921 anno
764 2872 1003 2920 millesimo
1023 2870 1388 2935 quingentesimo
1407 2870 1621 2917 vicesimo
1643 2870 1781 2918 sexto.
1897 2889 1901 2894 ·

216 2940 446 2988 XXVIII.
480 2934 762 3003 D-uglaffiani
784 2936 1032 2984 multorum
1055 2937 1097 2983 se
1116 2934 1340 2983 obnoxios
1362 2931 1550 2982 invidiae
1571 2948 1820 2990 cernentes,
1860 2948 1910 2983 ut

153 3004 400 3053 factionem
423 3003 546 3050 suam
565 3016 686 3050 nova
705 3001 869 3049 virium
891 3000 1134 3048 accessione
1155 2999 1488 3052 confirmarent,
1513 2999 1909 3047 Hamiltoniorum

140 3080 337 3132 gentem
353 3071 403 3115 1&
418 3067 603 3132 opibus,
627 3070 676 3117 St
696 3065 993 3116 multitudine
1014 3063 1258 3128 gentilium
1280 3064 1419 3126 longe
1443 3062 1811 3120 florendffimam,
1835 3064 1910 3111 sed

144 3134 209 3180 -ab
224 3133 329 3181 aula
343 3130 543 3194 jamdiu
563 3129 1055 3193 remotamcompofitis
1068 3143 1133 3193 *ex-
1153 3140 1304 3177 vetere
1325 3128 1435 3175 odio
1451 3125 1661 3181 diffidii's,
1673 3128 1719 3174 in
1734 3141 1910 3191 partem

148 3210 270 3247 curae
290 3196 491 3262 publica:
514 3196 747 3251 asciscunt,
804 3189 883 3243 'Ex
903 3194 1089 3247 adverso
1110 3191 1303 3242 Ioannes
1323 3194 1530 3245 ,Stuartus
1553 3193 1800 3245 multorum
1819 3193 1910 3262 irn-

196 3325 271 3376 (1)
299 3327 386 3365 The
400 3326 496 3366 -laird
515 3322 560 3366 of
570 3320 793 3376 Balcle‘ugh.
1111 3323 1172 3373 (3)
1200 3307 1310 3361 Laird
1340 3322 1386 3367 of
1396 3320 1602 3368 Cesssoord,
1625 3321 1848 3371 predecessor
1867 3329 1908 3366 to

209 3379 273 3431 (2)
293 3380 397 3418 =Lord
413 3381 554 3427 Hume,
579 3378 730 3421 brother
743 3381 815 3418 and
833 3378 1006 3419 tuccess‘or
1055 3376 1280 3425 Roxburgh.
1389 3385 1399 3393 “
1510 3412 1514 3417 ,

155 3439 197 3471 to
225 3433 306 3471 iord
335 3433 546 3476 Alexander
575 3447 586 3470 ε
627 3432 704 3475 this
724 3445 821 3477 7man
840 3431 1006 3480 married
1111 3430 1175 3480 (4)
1193 3431 1264 3468 For
1291 3428 1332 3466 in
1359 3440 1514 3476 revenge
1541 3425 1684 3465 ofcthis
1709 3425 1906 3484 ssaughtef,

146 3485 656 3533 -m———Haliburtom
673 3499 744 3524 one
759 3484 880 3529 ofthe
897 3483 1005 3529 „heirs
1051 3482 1120 3523 [the
1138 3484 1246 3521 Carrs
1269 3481 1353 3520 ssew
1371 3481 1437 3520 the
1458 3479 1553 3521 laird
1575 3479 1620 3520 of
1629 3477 1834 3527 Baldeugh
1861 3488 1906 3516 m

150 3538 357 3588 ‚portioners
374 3537 419 3575 of
431 3537 617 3586 Dirleton‚
647 3538 736 3577 who
760 3538 844 3575 bare
861 3546 901 3578 to
917 3536 1002 3582 him
1050 3535 1273 3587 -Ediuburgh
1294 3547 1410 3588 1552*
1531 3558 1534 3559 ⁷
1593 3558 1596 3560 -
1930 3549 1932 3552 ·

152 3591 366 3633 Alexander
380 3590 461 3635 lord
478 3592 607 3634 Hume
622 3590 688 3633 his.
706 3591 892 3635 successor,

1758 3645 1762 3648 ’
1774 3646 1913 3715 penso
