2106 3864
512 174 846 244 Lmen
941 174 1447 259 QUARTUS.
1780 191 1866 259 79

99 274 331 340 utriusque
354 274 518 340 populi
539 274 714 322 animos
735 272 1052 319 inflammavit.
1099 272 1247 335 Igitur
1267 269 1468 318 exercitu
1491 285 1712 332 quantum
1738 286 1866 335 pote-

97 356 202 391 rant
224 344 380 389 coafito
401 343 494 387 duo
516 340 667 402 Reges
691 336 900 384 bifariam
929 335 1191 383 Brittonum
1221 337 1330 383 fines
1350 334 1548 398 ingrefli,
1571 351 1703 398 agros
1727 337 1864 393 ferro,

98 411 377 469 flammaque
398 407 489 452 late
511 401 794 455 deformatis,
828 417 933 447 cum
953 400 1134 464 ingenti
1156 403 1311 463 praeda
1343 400 1531 446 domum
1561 413 1864 450 revertuntur.

97 473 178 519 Ad
201 489 300 519 eam
319 469 533 529 injuriam
551 466 872 514 vindicandam
885 464 1033 512 Britto
1053 467 1290 512 Scotorum
1311 466 1419 511 fines
1441 464 1676 528 ingressus,
1693 465 1750 510 ad
1764 466 1866 511 Du-

97 553 208 583 num
234 535 371 596 usque
392 549 573 580 amnem
596 529 868 596 penetravit,
890 534 933 576 δε
957 529 1143 575 minore
1164 530 1306 593 longe
1339 529 1506 575 damno
1528 545 1667 592 quam
1700 541 1868 576 terrore

96 602 151 646 ea
174 600 276 645 loca
310 609 597 662 pervagatus,
630 600 678 644 in
700 596 798 656 ripa
821 592 1020 641 fluminis
1045 593 1262 640 consedit.
1331 593 1565 657 Fergufius
1587 592 1712 640 enim
1734 593 1867 640 missis

96 663 145 711 in
167 675 364 718 montes,
388 664 580 726 locaque
601 659 876 716 exercitibus
899 658 1118 705 inaccessa
1137 658 1310 712 liberis,
1336 664 1376 704 δε
1399 656 1690 721 conjugibu3‚
1713 659 1873 708 rebus·

95 745 190 790 que
211 727 328 779 aliis,
354 743 455 788 que
478 726 570 789 agi,
595 740 673 772 aut
695 721 911 786 asportari
933 736 1160 785 poterant,
1185 721 1279 784 ipse
1303 722 1449 769 aditus
1475 739 1632 770 omnes
1657 722 1867 770 observa·-

100 793 180 838 bat
204 792 339 855 usque
363 792 417 837 ad
437 792 666 837 PiCtorum
688 790 954 835 adventum.
992 787 1157 835 Castris
1181 786 1362 832 tandem
1386 803 1492 833 curn
1514 787 1577 834 eis
1595 788 1865 850 conjunctis,

99 856 533 917 communicatoque
568 853 755 900 consilio
788 853 985 899 statuunt
1022 854 1091 914 (1)
1119 850 1291 898 bellum
1323 852 1506 907 ducere,
1531 858 1577 919 ὃς
1601 851 1650 899 in
1680 852 1870 917 regione

97 920 251 967 hostili
269 919 522 967 incursione
544 935 687 980 prope
707 918 829 963 vasta
850 916 1018 964 hostem
1043 917 1279 964 conficere.

91 1010 93 1013 .
164 986 226 1032 V.
264 985 328 1031 At
347 983 508 1031 Coi'lus
529 982 597 1044 (id
617 982 857 1029 Britonum
885 981 1004 1046 Regi
1023 998 1190 1028 nomen
1209 983 1323 1041 erat)
1340 998 1420 1044 per
1442 980 1740 1043 speculatores
1760 999 1869 1030 cau-

98 1049 145 1095 sa
166 1047 464 1096 cunEtationis
483 1046 715 1093 intelletfta
737 1047 942 1110 quinque
966 1046 1112 1092 millia
1133 1046 1372 1092 hominum
1391 1045 1437 1091 in
1460 1047 1562 1091 loca
1584 1047 1793 1101 editiora,
1819 1062 1870 1096 ut

95 1114 166 1160 ibi
200 1113 246 1159 in
266 1111 448 1160 ÷ins1diis
481 1112 634 1165 essent,
677 1110 914 1173 praemittit
941 1129 952 1157 2
985 1109 1087 1172 ipse·
1111 1110 1339 1171 reliquum
1382 1109 1633 1157 exercitum
1667 1114 1788 1158 recta
1819 1113 1869 1160 in

98 1178 271 1225 hostem
294 1177 458 1223 ducere
479 1175 696 1222 decrevit.
750 1175 804 1221 Id
828 1190 1012 1236 quoque
1036 1189 1140 1219 cum
1165 1173 1282 1220 Picti
1303 1173 1540 1226 rescissent,
1581 1175 1698 1222 inito
1720 1176 1869 1224 rursus

98 1258 206 1288 cum
245 1241 390 1288 Scotis
428 1240 633 1293 consilio,
659 1240 1035 1286 antevertendum
1071 1238 1173 1292 rati,
1204 1240 1401 1284 statuunt
1437 1239 1697 1287 Brittonum
1732 1242 1871 1289 castra

98 1307 159 1354 de
181 1308 312 1353 nocie
335 1304 543 1369 aggredi.
613 1304 764 1367 Igitur
785 1303 957 1350 eduffis
979 1303 1123 1365 copiis
1148 1301 1274 1349 Scoti
1296 1319 1321 1347 a
1351 1300 1516 1357 fronte,
1542 1304 1658 1351 Piffl
1691 1322 1717 1352 a
1739 1319 1871 1370 tergo

96 1370 314 1425 invasuri,
334 1371 392 1417 ad
412 1370 584 1416 hostem
607 1382 711 1415 ante
737 1369 888 1415 lucem
911 1367 1198 1430 perveniunt.
1267 1366 1337 1413 Ibi
1362 1368 1588 1415 Brittones
1612 1369 1778 1417 fiducia
1796 1370 1870 1417 in·

99 1447 276 1489 cautos,
297 1440 339 1481 δε
360 1433 442 1496 qui
463 1433 524 1479 ob
545 1434 825 1496 superiorum
849 1432 1027 1479 dierum
1046 1432 1382 1478 cunCtationem
1405 1431 1549 1479 hostes
1572 1432 1734 1481 timere
1756 1435 1870 1482 defi-

103 1512 250 1554 erant,
270 1499 419 1545 adhuc
440 1498 725 1545 semisomnes
748 1499 1040 1544 obtruncant.
1090 1496 1276 1543 Cecidit
1297 1513 1402 1542 cum
1423 1510 1550 1559 parte
1573 1499 1745 1560 majore
1769 1500 1870 1547 suo·

45 1597 48 1602 -
98 1581 201 1611 rum
223 1564 270 1610 in
288 1579 343 1610 eo
365 1564 566 1610 tumultu
590 1564 753 1610 Co'ilus
774 1563 881 1624 ipse,
903 1563 971 1623 (z)
990 1561 1319 1624 regionemque
1341 1561 1387 1608 in
1407 1578 1498 1624 qua
1514 1576 1772 1626 pugnatum
1791 1567 1868 1621 est,

102 1628 160 1675 de
181 1629 259 1674 suo
282 1627 467 1684 nomine
489 1628 714 1674 celebrem
739 1627 862 1673 fecit.
933 1627 965 1670 F
969 1626 1143 1688 ergufio
1162 1626 1331 1671 νὶέὶοῑε
1350 1625 1542 1672 domum
1563 1628 1738 1674 reverso
1761 1631 1869 1676 Sco-

95 1691 136 1740 ti
159 1682 218 1746 ei,
243 1691 514 1754 posterisque
535 1693 631 1753 ejus
649 1708 842 1754 regnum
858 1690 1153 1750 jurejurando
1173 1689 1513 1736 confirmarunt.
1581 1690 1682 1753 Ipse
1703 1693 1873 1741 deinde

101 1757 235 1802 rebus
254 1756 302 1802 in
327 1756 479 1802 Scotia
496 1757 666 1817 pacatis
689 1755 746 1801 ad
767 1754 1133 1816 comprimendas
1153 1752 1420 1800 auctoritate
1453 1753 1529 1813 sua
1549 1755 1791 1804 seditiones
1822 1758 1872 1808 in

104 1820 378 1867 Hiberniam
403 1819 573 1866 transiit
598 1838 608 1866 :
642 1820 865 1881 rebusque
886 1817 952 1865 ibi
980 1818 1240 1880 compofitis
1272 1817 1321 1863 in
1343 1817 1492 1865 reditu
1515 1835 1607 1866 non
1631 1823 1794 1881 procul
1823 1840 1872 1870 e-

104 1886 257 1930 vectus
277 1884 302 1930 ὲ
326 1895 475 1946 portu,
502 1883 574 1929 cui
597 1885 665 1944 (2)
685 1885 840 1945 Rupes
859 1881 1060 1945 Fergufii
1081 1899 1249 1929 nomen
1271 1883 1348 1936 est,
1372 1894 1529 1929 coorta
1549 1897 1735 1946 repente
1756 1900 1872 1934 tem-

101 1949 272 2011 pestate
294 1947 471 1994 interiit
503 1964 623 1993 anno
649 1949 782 2011 regni
814 1947 880 1993 sui
915 1946 1129 1993 vicesimo
1152 1947 1330 2009 quinto.
1399 1946 1665 1995 Adventum
1698 1949 1792 2011 ejus
1823 1951 1873 1999 in

104 2012 296 2059 Albium
319 2011 366 2057 in
388 2027 441 2057 ea
463 2023 669 2073 tempora
692 2011 960 2072 conjiciunt,
985 2010 1153 2072 quibus
1170 2010 1432 2057 Alexander
1454 2012 1653 2059 Macedo
1675 2015 1874 2078 Babylo-

102 2078 210 2125 nem
231 2076 368 2139 caepit
390 2077 704 2124 trecentesimo
728 2077 951 2123 tricesimo
977 2075 1072 2123 fere
1093 2092 1213 2124 anno
1235 2088 1339 2122 ante
1363 2075 1597 2124 Christum
1618 2092 1794 2127 natum.

849 2155 1188 2214 11,REX.'

166 2239 255 2286 VJ..
288 2239 323 2286 F
334 2240 425 2287 ER
440 2240 486 2286 G
499 2240 548 2288 U
563 2241 588 2287 3
603 2243 625 2287 t
638 2241 682 2287 O
704 2240 938 2295 defentio,
956 2241 1048 2288 duo
1068 2239 1169 2296 filii,
1191 2240 1266 2290 sed
1284 2242 1490 2290 nondum
1512 2243 1644 2307 regni
1666 2257 1874 2308 potentes

76 2343 77 2347 ,
101 2304 341 2360 restabant,
375 2306 607 2369 Ferlegus,
645 2309 694 2355 ὃς
727 2305 930 2352 Mainus.
998 2307 1068 2353 Εό
1107 2306 1277 2354 fanum
1311 2308 1389 2362 est,
1424 2320 1474 2353 ut
1511 2309 1776 2370 Phylarchis
1817 2315 1875 2361 ad

105 2370 176 2430 (3.)
203 2369 491 2431 prodendum
521 2374 700 2433 Regem
722 2370 1011 2425 coeuntibus,
1045 2388 1212 2435 magna
1239 2372 1534 2431 contentione
1566 2390 1635 2421 res
1659 2377 1876 2440 transige-

102 2448 244 2486 retur,
273 2433 370 2480 aliis
403 2433 722 2495 jusjurandum
749 2434 1043 2498 jactantibus,
1068 2453 1161 2499 quo
1195 2435 1343 2482 adacti
1373 2449 1501 2483 erant
1526 2454 1720 2502 regnum
1751 2441 1878 2504 stirpi

98 2498 389 2561 Perguiianae
412 2499 453 2544 se
476 2500 813 2546 conservaturos
840 2518 850 2546 :
889 2499 987 2546 aliis
1009 2512 1182 2562 quanta
1199 2500 1343 2556 domi,
1364 2500 1560 2565 forisque
1582 2505 1712 2569 Rege
1734 2522 1877 2568 puero·

101 2560 316 2608 instarent
338 2562 539 2625 pericula
561 2565 1044 2611 commemorantibus·
1087 2566 1302 2612 Tandem
1325 2567 1421 2629 post
1441 2567 1630 2631 longam
1652 2569 1878 2634 discepta-

109 2625 285 2672 tionem
303 2626 418 2673 ratio
435 2627 549 2674 inita
569 2629 647 2683 est,
672 2646 763 2691 qua
796 2646 881 2676 nec
903 2646 1016 2692 puer
1038 2640 1167 2677 aetate
1192 2631 1399 2677 nondum
1420 2648 1563 2694 regno
1592 2646 1769 2681 matura
1789 2635 1877 2682 im-

98 2699 298 2752 peraret,
323 2707 406 2737 nec
423 2691 710 2755 jurijurando
733 2693 853 2740 fraus
877 2695 1003 2744 fieret
1028 2713 1038 2741 z
1071 2707 1120 2741 ut
1135 2694 1353 2741 videlicet
1376 2697 1559 2758 Regum
1581 2696 1739 2745 liberis
1761 2717 1878 2748 non-

105 2754 217 2801 dum
239 2755 405 2815 adultis
437 2757 823 2820 propinquorum,
846 2758 929 2821 qui
963 2758 1164 2806 maxime
1185 2759 1417 2807 videretur
1441 2777 1585 2823 regno
1604 2762 1816 2819 idoneUS‚
1839 2765 1880 2812 is

101 2835 252 2866 rerum
268 2819 450 2866 summce
473 2822 793 2883 praeficeretur.
821 2825 905 2870 'Eo
928 2835 1110 2870 mortuo
1131 2823 1264 2887 regni
1275 2824 1482 2871 successio
1505 2827 1562 2873 ad
1585 2827 1728 2891 Regis
1750 2828 1880 2892 supe·

98 2882 235 2941 'rioris
258 2883 426 2931 liberos
453 2888 726 2948 perveniret.
794 2888 914 2934 Haec
937 2889 1090 2951 postea
1119 2901 1344 2951 perpetuo
1370 2890 1446 2939 lex
1468 2891 1613 2938 valuit
1633 2909 1717 2955 per
1737 2909 1880 2941 annos

99 2946 204 3003 fere
234 2964 249 2997 1
271 2965 295 2994 2
311 2966 334 3012 ς
350 2949 562 3011 o„usque
584 2952 642 2998 ad
660 2952 960 3000 Kennethum
981 2951 1214 3008 Tertium,
1238 2953 1296 3000 de
1318 2971 1412 3017 quo
1433 2954 1512 3001 suo
1532 2956 1638 3003 loco
1656 2957 1880 3005 dicemus.

103 3012 210 3058 Hac
229 3013 333 3074 lege
356 3015 389 3058 F
393 3013 599 3062 eritharis
626 3017 662 3062 F
665 3016 831 3081 ergufii
854 3017 992 3064 frater
1012 3020 1295 3081 regnumvest
1318 3020 1546 3081 adeptus:
1580 3032 1719 3082 atque
1740 3038 1883 3070 annos

102 3075 373 3137 quindecim
397 3094 502 3124 eum
525 3079 749 3128 honorem
772 3081 899 3144 geflit
922 3095 1046 3130 tanta
1070 3082 1285 3144 aequitate
1304 3089 1345 3130 &
1368 3083 1601 3138 modestia,
1627 3097 1677 3130 ut
1700 3090 1739 3132 δε
1763 3086 1884 3134 cives

100 3139 273 3199 justum
304 3141 501 3205 Regem,
526 3146 576 3206 ὃς
595 3144 767 3208 pupilli
788 3144 987 3194 tutorem
1009 3147 1238 3211 optimum
1269 3164 1374 3194 eum
1396 3148 1726 3209 experirentur.
1746 3184 1749 3186 -
1793 3152 1887 3199 His

103 3203 279 3251 artibus
303 3220 421 3251 cum·
440 3222 601 3270 pacem
635 3208 764 3264 foris,
787 3210 916 3258 domi
946 3206 1214 3259 charitatem
1239 3211 1412 3258 civium
1442 3214 1756 3274 comparasset,
1778 3232 1886 3279 pro-

98 3267 385 3331 pinquorum
417 3283 570 3317 tamen
605 3272 908 3335 ambitionem
946 3279 1125 3341 placare
1161 3291 1255 3324 non
1284 3274 1452 3339 potuit.
1521 3278 1738 3341 Ferlegus
1760 3281 1888 3327 enim
1935 3289 1938 3292 ⁴

35 3384 38 3389 Ι
100 3333 326 3396 regnandi
364 3335 618 3399 cupiditate
639 3336 919 3397 jamdudum
957 3341 1286 3396 inflammatus,
1322 3342 1662 3390 communicata
1682 3360 1732 3390 re
1760 3344 1888 3408 prius

98 3480 104 3492 ι
160 3461 220 3511 (1)
251 3464 312 3501 To
331 3465 534 3515 linger-the
548 3482 637 3506 war.
668 3503 671 3507 .
1033 3483 1076 3508 or
1092 3473 1246 3509 Culton.
1464 3497 1471 3500 -

158 3514 218 3564 (2)
233 3517 320 3554 The
333 3527 488 3569 country
501 3521 530 3557 is
546 3523 662 3559 called
672 3523 835 3561 Coilaor
843 3522 958 3573 Kyle‚
1088 3522 1155 3574 (3)
1185 3525 1419 3574 Craigfergus
1432 3541 1474 3565 or
1485 3528 1738 3577 Knocfergus,
1755 3541 1776 3565 a
1790 3536 1892 3566 town

54 3591 57 3594 ·
101 3568 167 3604 the
196 3569 299 3617 place
329 3571 374 3609 of
410 3571 474 3610 the
489 3611 493 3613 ,
515 3573 611 3622 fight
644 3575 872 3616 Coil's-field
918 3592 961 3616 or
1032 3578 1077 3614 of
1095 3579 1220 3616 Ulster
1237 3578 1277 3616 in
1294 3581 1459 3618 ireland-
1768 3589 1771 3592 ’

102 3621 261 3659 Colfield
283 3624 323 3659 in
342 3624 407 3661 the
422 3625 538 3675 parish
553 3628 597 3665 of
604 3629 839 3668 Tarbaulton
856 3646 868 3680 3
888 3631 954 3669 the
1085 3631 1146 3682 (4)
1178 3633 1238 3669 TO
1255 3634 1436 3682 proclaim
1454 3634 1520 3674 the
1540 3649 1625 3676 new
1642 3636 1753 3685 king,
1785 3645 1830 3671 ΟΥ
1848 3638 1890 3669 ω

76 3731 85 3743 ἡ
100 3673 207 3719 place
231 3675 356 3715 where
382 3676 516 3718 Coi'lus
543 3694 618 3720 was
638 3681 780 3731 buried,
801 3685 956 3726 Coilton
1027 3697 1155 3726 crown
1182 3684 1281 3729 him.

1790 3752 1897 3787 Cum
