2043 3864
442 176 768 246 LIBER
877 156 1438 239 SEPTI'MUsss
1630 233 1635 237 ,
1733 171 1849 252 183

90 273 455 342 obequitantem,
475 271 579 321 cum
601 272 832 335 sexaginta
854 271 955 332 plus
978 269 1128 316 minus
1151 268 1381 331 equitibus
1403 266 1630 330 impeturn
1653 267 1850 315 faciunt:

93 335 147 389 ac
170 359 283 405 pene
316 353 558 402 antequam
579 336 771 383 discerni
795 336 952 398 poffet,
980 332 1193 388 amicine,
1218 351 1274 381 an
1306 332 1450 378 hostes
1477 332 1613 377 essent
1637 332 1854 395 (acceptis

93 408 216 453 enim
240 405 390 458 armiS,
407 400 722 464 &insignibus
745 397 935 445 Scoticis
960 398 1095 443 facile
1113 414 1195 460 pro
1219 397 1364 444 Scotis
1379 395 1657 456 fefellerunt)
1676 399 1743 458 (1)
1771 415 1852 444 no·

94 468 154 517 no
173 487 308 533 quam
329 461 516 530 regnare
534 477 736 527 coeperat
756 479 875 510 anno
893 479 997 509 eum
1017 463 1229 524 capiunt,
1290 462 1411 508 Cum
1436 460 1461 507 ὲ
1483 459 1632 506 castris
1655 464 1855 511 tumultu

102 532 410 595 exciti‘paucss
430 546 482 575 ac
518 529 649 592 sparsi
672 528 844 574 frustra*
863 526 1168 588 sequerentur,
1190 526 1416 579 nonnulli,
1437 542 1493 571 ne
1524 526 1700 588 Regem
1723 527 1855 575 vide-

93 612 246 645 rentur
269 593 514 649 deseruiss'e,
539 597 588 640 in
611 593 780 638 hostem
804 592 922 638 ultro
945 590 1222 636 incurrentes
1245 591 1368 652 capti
1391 589 1532 636 fuere.
1556 589 1658 636 Rex
1679 591 1736 637 ad
1755 592 1854 639 An-

92 663 222 723 glum
246 675 340 706 tum
363 660 411 705 in
447 658 603 705 Gallia
635 657 908 703 militantem
938 655 998 700 est
1031 654 1288 715 perductus
1358 653 1500 717 Angli
1522 653 1610 700 hoc
1631 653 1855 718 insperato

92 721 282 771 success'u
305 724 412 771 elati
431 721 705 769 Cumbriam
726 721 971 767 invadunt:
998 719 1088 763 sine
1110 717 1356 764 certamine
1380 719 1420 765 se
1442 717 1664 781 potituros
1683 736 1735 766 ea
1752 721 1855 770 rati.

94 784 183 835 'Sed
204 806 230 835 a
254 792 322 850 (z)
349 786 632 840 Gilehristio,
651 791 689 832 &
714 784 945 832 Rollando
967 782 1110 828 &cotis
1134 782 1326 828 ducibus
1347 784 1412 828 ita
1434 783 1534 829 sunt
1554 785 1717 845 repulsi
1741 786 1858 832 acri-

93 868 177 908 ter,
204 867 251 900 ut
276 851 479 905 induciis
514 851 641 897 fanis
676 848 881 897 contenti
911 847 1097 901 fuerint,
1131 847 1334 908 quandiu
1372 849 1473 893 Rex.
1506 848 1712 909 captivus
1751 852 1856 897 effer

92 916 430 965 Northumbria
450 914 592 978 potiri
614 933 624 961 :
660 914 913 976 Crimbriae‚
939 919 977 959 ἂν
1002 911 1336 958 Ηωιάἰηὶοηίεε
1369 911 1560 958 liberam
1587 914 1731 962 Scotis
1753 915 1855 981 pos-

35 980 40 989 '
93 978 318 1028 seffionem
338 981 610 1042 relinquere-

102 1087 107 1092 .
157 1046 357 1100 XLVII,
389 1047 567 1091 Interea
588 1042 742 1090 David
765 1040 992 1088 Gulielmi
1014 1040 1149 1088 frater
1172 1038 1524 1094 Hundintoniae,
1551 1045 1590 1088 δε
1611 1043 1865 1104 (ἳατίοεὴεᾙ

95 1111 280 1163 Comes,
312 1102 392 1172 qui
425 1121 520 1154 tum
562 1109 683 1170 apud
707 1107 915 1167 Anglum
939 1104 1181 1159 militabat,
1207 1118 1407 1166 accaepto
1431 1121 1688 1154 commeatu
1720 1110 1857 1160 rediit

93 1174 142 1228 in
166 1173 361 1221 Scotiam
383 1191 396 1230 2
428 1189 480 1218 ac
503 1173 635 1218 rebus
655 1187 736 1232 pro
757 1183 959 1230 tempore
977 1169 1165 1231 pacatis,
1186 1168 1358 1229 legatos
1381 1169 1428 1217 in
1448 1170 1664 1232 Angliam
1690 1173 1746 1219 de
1764 1174 1854 1221 fra-

96 1251 163 1286 tre
184 1238 419 1286 liberando
441 1236 688 1284 mittendos
723 1234 898 1279 curavit
923 1252 934 1279 z
968 1233 1050 1296 qui
1073 1245 1170 1278 tum
1194 1231 1351 1277 Falefii
1379 1233 1426 1278 in
1451 1233 1706 1282 Normania
1727 1240 1857 1285 affer-

95 1299 297 1356 inibatur.
364 1304 482 1354 Rex,
507 1300 683 1347 traditis
708 1300 864 1361 Anglo
894 1297 1161 1360 quindecim
1184 1296 1431 1349 obfidibUS‚
1462 1303 1501 1343 δε
1525 1313 1719 1360 quatuor
1741 1302 1855 1350 arci-

100 1368 184 1414 bus
203 1366 442 1432 Rosburgi,
464 1365 658 1418 Bervici,
683 1362 908 1411 Edimbur
944 1362 974 1417 i,
1001 1368 1041 1408 δε
1065 1360 1267 1416 Sterlini,
1292 1361 1348 1406 ad
1369 1362 1594 1408 Calendas
1617 1365 1855 1413 Februari-

96 1430 142 1480 as
163 1431 394 1494 permissus
417 1432 476 1478 est
498 1429 643 1476 redire
667 1429 722 1474 ad
744 1428 859 1474 suos.
910 1380 1027 1489 ngse
1050 1442 1155 1472 cum
1184 1425 1464 1488 proceribus),
1488 1432 1529 1473 δε
1552 1428 1784 1492 Episcopis
1808 1449 1856 1479 e-

95 1509 279 1542 vocatus
313 1496 370 1542 ab
393 1495 549 1558 Anglo
571 1494 828 1541 Eboracum
849 1491 909 1538 ad
937 1496 988 1538 18
1015 1491 1240 1537 Calendas
1265 1490 1551 1552 Septembres
1575 1493 1714 1540 venit.
1781 1495 1857 1545 Ibi

96 1576 201 1607 cum
223 1560 308 1610 suis
330 1559 560 1613 omnibus,
580 1557 660 1621 qui
684 1558 886 1612 aderant,
914 1556 1122 1616 (aderant
1143 1568 1292 1601 autem
1316 1555 1546 1618 principes
1581 1558 1853 1621 nobilitatis)

95 1624 142 1670 in
166 1625 303 1671 verba
320 1623 514 1671 Heni-ici
530 1623 740 1683 jurarunt
760 1641 771 1668 ε
805 1637 857 1667 ac
886 1618 1266 1683 regnumScotiae
1288 1619 1336 1664 in
1358 1620 1511 1673 fidem,
1536 1625 1576 1666 &
1598 1622 1856 1672 clientelam

96 1688 191 1748 ‚ejus
218 1689 454 1735 dederunt.
526 1687 621 1732 Has
645 1688 767 1748 leges
790 1698 1020 1745 utcunque
1042 1682 1176 1730 duras
1197 1683 1321 1730 Scoti
1342 1683 1500 1746 cupidi
1527 1686 1668 1748 Regis
1692 1688 1856 1750 optimi

98 1769 188 1804 non
211 1764 470 1814 renuerunt,
503 1762 553 1796 ut
581 1751 724 1812 Angli
757 1748 990 1811 scriptores
1020 1748 1220 1793 tradunt.
1287 1747 1493 1795 Thomas
1517 1750 1857 1814 Volfingamius

98 1817 296 1878 Anglus,
319 1823 357 1862 δε
378 1816 469 1878 ipse
493 1815 608 1860 hanc
626 1813 909 1860 deditionem
932 1827 1022 1858 non
1045 1808 1257 1867 Eboraci,
1281 1812 1355 1858 sed
1377 1810 1423 1858 in
1447 1830 1567 1875 pago
1599 1814 1857 1866 Constanti-

98 1879 187 1925 enfi
215 1880 377 1926 factam
399 1879 567 1926 scribit.
635 1880 749 1924 Sunt
770 1877 850 1939 qui
880 1876 1058 1923 tradant
1079 1888 1354 1923 conventum
1375 1875 1494 1923 inter
1511 1879 1670 1941 Reges..
1685 1897 1775 1928 non
1799 1884 1857 1931 <ie

98 1944 348 1999 deditione,
374 1945 448 1990 sed
469 1954 590 1989 certa
622 1941 815 2004 pecunia
845 1958 924 2002 per
946 1941 1179 2003 pensiones
1209 1941 1374 1995 danda,
1399 1942 1609 2004 arcesque
1644 1946 1858 2010 tantisper

97 2009 254 2070 Anglo
277 2008 478 2061 traditae,
503 2008 612 2052 dum
635 2024 688 2052 ea
707 2004 1048 2068 persolveretur.
1115 2005 1252 2051 Hanc
1273 2017 1321 2050 ut
1342 2005 1610 2067 opinionem
1633 2009 1854 2059 veriorem

95 2072 344 2118 existimem
367 2072 477 2118 facit
496 2071 644 2116 foedus
667 2087 771 2116 cum
789 2070 1021 2116 Richardo
1039 2067 1234 2116 Henrici
1256 2068 1350 2114 filio
1373 2084 1658 2127 renovatum,
1684 2074 1739 2121 de
1761 2094 1855 2139 quo

97 2136 173 2182 suo
196 2137 297 2182 loco
329 2136 493 2183 dicam.
561 2137 662 2181 Rex
697 2135 893 2180 reversus
917 2146 1064 2181 motus
1086 2133 1135 2179 in
1158 2132 1425 2180 Gallovidia
1458 2133 1502 2181 se
1522 2136 1701 2185 absente
1733 2154 1855 2189 ortos

94 2200 177 2261 per
200 2199 511 2247 Gilchristium
536 2199 656 2246 intra
678 2215 845 2262 paucos
869 2198 1038 2245 menses
1062 2196 1354 2259 compescuit.
1424 2199 1500 2246 Ad
1526 2213 1738 2266 quartum
1764 2206 1858 2252 Ca-

96 2264 254 2322 lendas
271 2263 506 2311 Februarii
527 2279 633 2310 cum
654 2278 904 2310 conventus
923 2262 1177 2309 Nox-amam
1201 2262 1258 2308 ad
1276 2262 1490 2319 Tuedam
1513 2263 1710 2318 indiC‘tus
1731 2269 1853 2325 effet,

96 2330 243 2391 eoque
268 2329 528 2376 Gulielmus
562 2328 764 2382 venisset,
799 2328 978 2390 Anglus
1002 2327 1294 2373 vehementer
1327 2329 1601 2377 contendere
1623 2332 1781 2394 coepit,
1807 2347 1858 2382 ut

64 2393 485 2456 somnestpiscopi
517 2394 754 2439 Scotorum
780 2391 1187 2453 Archiepiscopum
1210 2390 1539 2443 Eborace'nsem
1565 2411 1650 2456 pro
1678 2396 1857 2445 Metro.

95 2456 302 2518 politano
324 2458 632 2522 agnoscerent,
657 2457 845 2503 instante
861 2457 1169 2511 vehementer,
1194 2467 1245 2501 ut
1266 2455 1315 2501 id
1337 2456 1462 2503 fieret
1483 2458 1636 2522 legato
1657 2461 1859 2511 Romani

96 2521 346 2578 Pontificis.
414 2523 512 2568 Post
529 2523 717 2584 longam
736 2519 1109 2583 disceptationem
1131 2519 1387 2580 responsum
1411 2520 1499 2569 fuit
1520 2540 1546 2567 a
1565 2524 1728 2582 Scotis,
1743 2544 1858 2589 pau-

97 2601 172 2630 cos
196 2586 242 2631 in
274 2585 508 2648 praesentia
530 2585 711 2632 suorum
742 2586 901 2638 adeste,
926 2601 1008 2631 nec
1036 2602 1112 2631 eos
1147 2585 1266 2647 poffe
1299 2598 1464 2648 cogere
1486 2587 1706 2645 absentes,
1730 2604 1778 2637 ut
1800 2594 1859 2639 ab

98 2649 139 2694 se
162 2649 341 2696 decreta
357 2649 694 2704 confirmarent.
762 2650 898 2698 Hanc
921 2649 981 2695 ob
1003 2647 1177 2695 causam
1212 2665 1260 2694 re
1288 2648 1336 2695 in
1364 2649 1490 2697 aliud
1515 2661 1695 2717 tempus
1717 2654 1860 2705 dilata

95 2714 237 2775 paulo
254 2715 350 2776 post
372 2714 503 2760 missis
525 2715 722 2762 Romam
754 2714 934 2777 legam,
958 2713 1171 2776 Episcopi
1201 2713 1326 2759 Scoti
1347 2715 1612 2764 Alexandro
1633 2719 1767 2771 tertio
1789 2720 1862 2767 su·-

98 2794 172 2823 am
195 2778 368 2823 causam
387 2780 635 2841 probarunt
656 2797 666 2826 ε
704 2793 755 2825 ac
777 2779 966 2826 domum
985 2777 1158 2827 rediere
1181 2777 1292 2834 laeti,
1315 2780 1444 2842 quod
1465 2780 1562 2842 ejus
1584 2781 1768 2831 decreto
1802 2785 1860 2832 ab

98 2843 358 2903 Anglorum
374 2843 489 2905 jugo
513 2845 650 2890 effent
671 2843 866 2890 liberati.

165 2907 296 2952 XLV
298 2908 371 2959 ΠΙ
380 2941 392 2954 .
418 2908 529 2954 Non
550 2907 615 2955 ita
637 2907 784 2954 multo
803 2909 901 2971 post
924 2906 1213 2955 Gilchristius
1238 2907 1386 2972 (cujus
1407 2909 1523 2973 saepe
1544 2911 1858 2974 meminimus)

100 2986 289 3016 uxorem
306 2971 445 3026 suam,
464 2972 747 3035 eandemque
766 2972 907 3035 Regis
925 2972 1121 3018 sororem
1144 2972 1355 3020 adulterii
1376 2988 1657 3037 compertam
1675 2978 1860 3032 occidit.

47 3062 50 3064 >
88 3033 173 3094 Ei,
198 3050 302 3082 cum
321 3034 369 3082 in
387 3035 461 3094 jus
482 3036 539 3081 ad
561 3036 685 3082 diem
718 3035 892 3083 dictum
923 3052 1016 3083 non
1047 3035 1255 3092 affuisset,
1283 3039 1353 3099 (3)
1378 3054 1513 3102 aqua,
1539 3045 1578 3087 &
1599 3040 1700 3103 igni
1722 3041 1866 3091 inter·-

89 3097 291 3163 dietum.
350 3099 492 3146 AEdes
515 3099 785 3163 dirutae‚r(4)
798 3100 918 3148 bona
939 3099 986 3146 in
1010 3099 1380 3148 fisc'um'redafta.
1435 3103 1611 3150 Eodem
1633 3105 1727 3152 fere
1749 3119 1864 3157 tem-

100 3178 212 3224 pore
234 3160 312 3209 arx
332 3163 608 3226 Edimburgi
639 3164 817 3212 reddita
841 3181 930 3211 una
952 3165 1163 3226 pensione
1186 3165 1330 3212 soluta
1354 3183 1365 3221 ς
1406 3171 1447 3213 δε
1468 3168 1526 3214 ad
1546 3168 1866 3222 stabiliendum

99 3226 271 3274 firmius
294 3227 584 3274 con-cordiam
607 3229 698 3275 lata
717 3228 809 3281 lex,
833 3245 889 3275 ne
910 3229 1024 3274 alter
1044 3228 1226 3276 alterius
1249 3229 1419 3276 hostem
1442 3231 1499 3278 ad
1521 3231 1564 3278 se'
1584 3247 1865 3298 recaeptaret.

89 3290 205 3357 JHac
235 3292 338 3355 lege
366 3291 657 3339 Gilchristius
689 3291 860 3359 Anglia
890 3292 1094 3339 exclusus
1117 3291 1253 3338 rediit
1279 3311 1289 3339 ε
1324 3309 1377 3340 ac
1398 3295 1583 3349 mutatis
1605 3296 1720 3363 saepe
1753 3301 1868 3351 locis

153 3421 214 3470 (1)
248 3434 358 3470 1174.
809 3420 811 3423 ’
1063 3423 1126 3475 (3)
1155 3423 1215 3460 He
1234 3436 1307 3462 was
1330 3432 1396 3474 put
1430 3432 1470 3462 to
1493 3424 1556 3465 the
1576 3427 1669 3467 horn
1697 3442 1733 3467 as
1761 3443 1781 3468 a
1802 3444 1865 3469 ‘re-

155 3473 218 3521 (2)
249 3477 306 3513 Of
320 3475 501 3513 Gilchrist
524 3477 598 3513 earl
625 3475 818 3522 ofrAngus
842 3474 956 3522 much
1012 3476 1084 3514 bel.
1371 3500 1374 3502 -

92 3526 132 3564 *is
146 3528 282 3576 spoken
296 3528 419 3565 before
435 3531 503 3570 an‘d
520 3529 721 3566 hei-easter·
748 3528 844 3565 T'nis
859 3525 956 3566 Rol-
995 3539 1000 3542 “
1064 3529 1128 3578 (4)
1157 3529 1352 3582 His-goods
1372 3524 1573 3576 escheated.

103 3580 190 3618 land
216 3595 287 3618 was
313 3582 457 3623 lordoef
479 3582 544 3620 the
570 3582 658 3619 half
680 3582 725 3620 ef
750 3583 957 3631 Garioway,
1084 3602 1106 3606 ··
1298 3594 1302 3609 ‘-
1325 3606 1331 3612 -
1375 3588 1390 3610 f
1456 3609 1462 3612 -

31 3652 41 3660 --
82 3633 231 3693 4whom
249 3635 304 3673 see
322 3635 391 3673 lib.
414 3635 448 3672 3.
472 3649 549 3685 cap.
572 3647 609 3682 7..
