2106 3838
194 146 315 211 132
494 131 850 196 RERUM
941 127 1630 200 Scor-reanum

256 229 384 280 LXI.
417 231 703 280 Exercitibus
721 231 772 276 ed
782 228 890 275 uelis
906 227 983 274 ubi
1003 229 1202 292 primum
1220 230 1350 278 alteri
1366 231 1517 280 alteris
1535 233 1615 280 visi
1634 232 1732 280 sunt
1748 251 1839 283 non
1862 252 1940 282 ex-

191 297 375 359 pectato
395 296 562 343 ducum
593 293 787 359 imperio
803 308 897 355 qua
921 291 1086 355 cuique
1105 296 1366 356 proximum
1390 295 1477 345 fuit
1497 296 1543 343 in
1566 296 1734 345 hostem
1756 315 1944 361 procur

193 359 309 408 sum.
333 360 435 409 Nec
453 359 600 406 minus
621 357 830 404 atrociter
846 370 1119 421 pugnatum,
1135 374 1274 420 quam
1290 359 1457 431 cupide
1470 358 1755 408 commiss‘utn
1773 363 1836 410 est
1851 377 1953 411 cer·

195 421 366 472 tamen.
433 425 645 470 Tandem
675 420 733 466 ad
764 421 921 466 Scotos
941 420 1179 469 inclinavit
1204 421 1409 475 vie‘toria.
1474 423 1629 478 Pictis,
1659 423 1706 471 in
1730 439 1826 488 quo
1844 425 1953 488 plu-

167 539 171 546 „
196 485 365 535 rituum
399 487 625 534 habebant
659 483 854 538 fiduciae,
877 484 924 531 id
948 484 1091 547 ipsum
1116 484 1204 534 fuit
1224 484 1383 534 exitio.
1450 487 1674 536 Cohortes
1695 488 1817 538 enirn
1849 490 1950 537 An·

195 552 381 622 glorum
416 566 517 596 curn
553 549 680 596 nullo
717 548 897 604 ordine,
924 548 995 595 sed
1022 549 1259 596 temerario
1288 549 1463 613 impetu
1486 567 1582 598 rem
1604 554 1703 616 geri
1725 552 1952 607 viderent,

196 616 325 663 velut
347 615 610 677 spectatores
644 611 781 659 alieni
803 612 994 673 periculi
1023 615 1072 660 in
1104 613 1367 676 proximum
1401 614 1627 663 tumulum
1652 611 1692 664 se
1725 615 1952 665 subduxe-

198 693 320 726 runt.
388 678 615 724 Pictorum
651 675 850 723 maxima
876 678 1023 731 caedes
1061 677 1168 733 fuit,
1194 678 1339 725 Scotis
1374 695 1464 725 non
1499 676 1641 725 solum
1671 677 1953 741 superiorum

194 755 455 805 temporum
477 741 588 787 odio
607 741 972 804 indulgentibus,
1003 740 1078 789 sed
1099 741 1291 789 recentis
1329 742 1608 789 crudelitatis
1639 742 1845 791 adversus
1870 745 1956 791 Al-

195 806 377 869 pinum,
400 810 440 852 &
466 817 651 852 caeteros
672 805 877 867 captivos
904 805 1127 853 memoria
1161 806 1468 853 inflammatis.
1537 807 1747 854 Maxime
1779 806 1955 856 animos

195 869 404 916 accendit
424 885 514 916 vox
536 871 661 916 velut
683 870 836 915 tessera
867 868 986 916 inter
1008 871 1166 916 Scotos
1197 869 1477 924 circumlata,
1503 884 1553 918 ut
1574 887 1796 919 memores
1817 871 1957 920 effent

194 933 376 996 Alpini.
445 934 514 981 Ex
541 947 597 981 eo
619 947 703 981 nec
725 931 865 986 aetati,
891 948 975 980 nec
1005 932 1262 980 conditioni
1292 933 1468 996 parsum
1491 936 1566 981 est.
1636 936 1814 1002 Anglos
1844 935 1952 982 abe·

195 1011 328 1045 untes
350 998 489 1046 colles
511 1010 662 1045 texere
686 1016 698 1044 ε
736 1003 775 1045 δι
798 1013 824 1044 a
843 996 1155 1061 persequendo
1178 999 1335 1045 Scotos
1356 997 1566 1061 pertinax
1587 997 1653 1046 ira
1680 999 1728 1044 in
1750 999 1953 1047 <vindicta

192 1064 446 1111 exercenda
466 1060 669 1111 retinuit.
1813 1115 1815 1119 ¹

260 1129 410 1174 Lxu.
448 1128 552 1175 Hae
579 1121 769 1174 victoria
793 1127 1023 1174 Pictorum
1058 1126 1192 1175 rebus
1220 1127 1513 1174 vehementer
1534 1125 1725 1181 afflictis,
1749 1141 1801 1174 ac
1835 1143 1956 1190 pene

195 1192 444 1254 deploratis
463 1208 551 1254 pax
575 1205 623 1238 ut
643 1192 787 1238 coiret
805 1191 862 1237 ab
880 1190 944 1237 eis
968 1204 1209 1245 tentatum,
1232 1191 1306 1239 sed
1326 1191 1498 1247 frustra,
1515 1192 1660 1239 Scotis
1679 1192 1825 1239 nullas
1846 1207 1959 1239 con·

195 1255 391 1303 ditiones
411 1256 700 1304 audientibus
719 1255 797 1301 nifi
818 1272 1008 1318 regnum
1032 1256 1231 1303 daretur.
1297 1256 1514 1303 Proximo
1537 1272 1657 1302 anno
1671 1255 1765 1317 jam
1789 1254 1957 1303 deditis

194 1320 429 1375 omnibuS,
461 1319 542 1382 qui
577 1320 693 1367 ultra
726 1320 940 1367 Portham
975 1320 1031 1366 ad
1062 1319 1386 1382 septentriones
1415 1334 1628 1383 vergunt,
1652 1335 1703 1366 ac
1738 1318 1956 1384 praefidiis

196 1383 437 1446 impolitis,
460 1385 570 1432 dnm
609 1383 880 1430 Kennethus
913 1385 961 1430 in
992 1382 1221 1430 citeriores
1253 1383 1398 1436 ducit,
1422 1396 1624 1447 accaepto
1648 1385 1815 1432 nuncio
1843 1382 1957 1431 caesa

193 1449 280 1495 ess‘e
301 1448 512 1510 quaedam
535 1449 592 1495 ab
618 1465 675 1495 eo
697 1448 852 1494 relic’ta
874 1448 1095 1511 praefidia.
1131 1448 1316 1494 κάιιᾶο
1339 1447 1544 1494 adversus
1566 1447 1756 1495 rebelles
1778 1446 1953 1496 exerci-

195 1524 246 1559 tu
271 1511 445 1577 nemini
465 1513 723 1559 mortalium
747 1510 907 1558 Pietici
928 1512 1107 1574 generis
1128 1512 1350 1575 pepercit.
1404 1511 1577 1557 Omnia
1594 1511 1732 1568 ferro,
1749 1514 1798 1561 &
1821 1512 1954 1558 flam-

195 1592 273 1622 ma
294 1577 474 1623 vastata.
541 1577 803 1623 Drulkenus
826 1593 879 1622 ea
900 1576 1168 1621 crudelitate
1191 1575 1329 1622 Piftis
1353 1593 1469 1639 pene
1490 1577 1684 1622 efferatis
1710 1580 1836 1637 (cum
1864 1592 1957 1623 non

194 1640 254 1686 de
275 1655 435 1702 regno,
461 1640 533 1686 sed
557 1640 613 1686 de
632 1641 729 1686 vita
750 1639 841 1692 sua,
867 1645 905 1686 ἃ
929 1639 1108 1686 suorum
1131 1639 1210 1684 fibi
1235 1640 1560 1686 decertandum
1581 1642 1802 1699 cerneret)
1830 1639 1960 1703 quic-

192 1703 308 1765 quid
330 1703 553 1766 supererat
571 1703 737 1750 virium
764 1719 903 1750 unum
922 1703 969 1749 in
992 1702 1144 1748 locum
1167 1702 1293 1766 cogit
1314 1723 1325 1750 ;
1364 1719 1416 1750 ac
1438 1703 1653 1751 Fortham
1676 1703 1960 1769 transgteffus

194 1768 253 1814 nd
274 1770 466 1816 Sconam
487 1767 712 1831 oppidum
735 1767 781 1813 in
801 1767 900 1829 ripa
919 1766 1011 1813 ‘rai
1035 1767 1177 1813 amnis
1198 1770 1357 1814 Scotos
1378 1767 1629 1832 opperitur.
1708 1767 1782 1814 Ibi
1802 1767 1962 1832 pacifi-

193 1831 317 1878 catio
341 1831 498 1879 frustra
517 1833 683 1880 iterum
703 1843 874 1879 tentata
889 1832 967 1885 est,
992 1830 1128 1877 Pictis
1150 1846 1262 1894 agro
1284 1845 1404 1879 trans
1428 1832 1642 1880 Fortham
1672 1831 1959 1886 cedentibus,

194 1896 344 1942 Scotis
366 1896 497 1951 nihil,
523 1896 603 1943 nisi
627 1895 783 1943 omnia
806 1895 1193 1956 permitterentur,
1217 1894 1523 1944 audientibus.
1585 1897 1814 1951 Praelium,
1840 1909 1889 1944 ut
1910 1896 1960 1943 in

192 1973 399 2008 extrema
431 1961 701 2015 necestitate,
740 1960 829 2007 fuit
849 1971 997 2006 atrox.
1063 1960 1275 2007 Tandem
1302 1959 1440 2008 fracia
1462 1961 1688 2008 Pistorum
1713 1958 1963 2023 pertinacia

193 2023 483 2089 fugientibus
497 2027 546 2072 T
549 2042 627 2072 aus
651 2025 813 2072 fluvius
831 2023 921 2070 fuit
940 2022 1095 2070 exitio.
1154 2022 1225 2069 lbi
1249 2024 1526 2078 Drusstenus,
1543 2038 1646 2073 cum
1666 2024 1848 2071 tranfire
1866 2039 1960 2071 non

192 2089 354 2152 poss‘et,
374 2103 478 2136 cum
499 2088 628 2138 omni
646 2088 740 2136 fere
762 2087 1003 2134 nobilitate
1024 2085 1159 2134 caesus
1181 2088 1257 2134 est.
1290 2088 1392 2134 Nec
1415 2087 1633 2135 diffimilis
1653 2086 1741 2135 fuit
1760 2088 1957 2136 aliorum

191 2152 380 2200 fortuna
411 2171 423 2199 τ
454 2152 536 2226 qui
554 2168 658 2200 curn
678 2165 846 2200 temere
864 2152 1043 2198 diversis
1064 2152 1411 2214 congregassent
1434 2152 1474 2202 se
1496 2152 1609 2199 loeis
1631 2151 1788 2216 fugam
1810 2151 1960 2215 impe·

190 2216 349 2264 diente
366 2217 556 2265 flumine
571 2233 729 2264 omnes
747 2216 804 2263 ad
828 2232 968 2263 unum
989 2216 1180 2278 periere.
1233 2215 1359 2264 Hine
1381 2215 1548 2264 facturn
1572 2216 1656 2263 effe
1672 2215 1882 2271 arbitror,
1909 2221 1962 2264 ut

191 2281 330 2328 nostri
353 2296 445 2328 uno
467 2281 541 2328 die
555 2281 713 2345 septies
730 2296 834 2327 cum
852 2278 986 2327 Pictis
1004 2292 1262 2343 pugnatum
1284 2278 1411 2327 suiss'e
1432 2280 1715 2328 tradiderint.
1741 2280 1846 2345 Hac
1865 2280 1960 2328 cla·

192 2345 251 2392 de
270 2345 386 2392 vires
410 2344 638 2392 Pifitorum
658 2345 839 2409 penitus
858 2343 1008 2391 fractae
1044 2343 1143 2391 sunt
1176 2362 1187 2392 :
1221 2349 1260 2391 &
1288 2344 1557 2394 Kennethus
1588 2361 1646 2392 ne
1678 2344 1721 2392 se
1753 2359 1964 2407 reparare

190 2408 360 2456 iterum
375 2410 565 2471 possent,
580 2409 871 2463 Lothianatn,
887 2408 1203 2470 proximasque
1220 2407 1430 2472 regiones
1447 2407 1651 2456 similiter
1667 2424 1718 2455 ac
1741 2406 1957 2456 transfor·

193 2473 380 2520 thanarn
404 2473 559 2520 vastat.
603 2472 813 2520 Praefidia
834 2484 959 2519 metu
977 2472 1019 2519 se
1035 2472 1328 2520 dediderunt.
1367 2473 1461 2536 Qi
1484 2473 1608 2521 cladi
1624 2471 1962 2536 superfuerunt,

191 2536 330 2600 pauci
348 2537 399 2584 in
419 2537 640 2604 Angliam
657 2536 865 2586 omnium
885 2552 1038 2586 rerum
1059 2535 1221 2602 inopes
1244 2535 1478 2601 fugerunt.

1642 3115 1963 3166 RERUM

2080 244 2106 354 ἐ
