2106 3864
493 174 824 269 Lmen
917 173 1425 259 QUARTUS.
1748 195 1840 264 77

246 533 702 607 RERUM
802 532 1681 605 scoT1cA·RUM
1797 523 1836 528 ⁶

143 705 242 797 H
386 701 433 793 1
575 698 638 788 s
734 646 875 789 'T
1019 695 1112 788 o
1256 699 1348 792 R
1487 701 1849 849 IA„

251 875 470 949 Aoehoe
525 871 904 926 GEOR010
963 871 1466 927 BucHANANo
1520 875 1684 933 &mm

528 998 835 1044 LIBER
891 998 1408 1061 QUARTUS.

81 1121 121 1169 I.
289 1120 338 1168 U
355 1121 412 1167 M
428 1116 589 1164 nostrae
611 1114 763 1180 gentis
781 1115 1015 1162 historiam
1032 1115 1226 1163 scribere
1248 1118 1621 1181 aggrederemur,
1641 1124 1737 1185 quo
1759 1125 1865 1172 reli-

136 1136 170 1268 <
266 1129 273 1273 ξ
308 1201 398 1248 qua
421 1181 568 1246 magis
591 1193 748 1244 aperta
768 1180 1031 1244 legentibus
1054 1180 1209 1235 essent,
1229 1197 1377 1243 pauca
1392 1182 1538 1231 visum
1561 1187 1625 1233 est
1644 1188 1775 1250 supra
1793 1207 1865 1237 re-

322 1262 499 1313 petere:
516 1246 592 1294 sed
614 1263 668 1294 ea
682 1245 963 1310 potiflimum
983 1261 1088 1308 quae
1108 1262 1134 1292 a
1151 1244 1410 1294 fabularum
1428 1249 1630 1297 vanitate
1644 1252 1860 1309 abessent,

85 1322 127 1363 &
160 1332 185 1361 a
208 1314 394 1363 vetustis
423 1318 575 1360 rerum
607 1311 901 1374 scriptoribus
932 1326 1024 1358 non
1056 1308 1352 1358 dissentirent.
1420 1313 1629 1362 Primum
1657 1317 1868 1365 omnium

85 1381 289 1427 constans
310 1379 433 1426 fama
453 1379 531 1432 est,
561 1393 700 1440 quam
731 1376 931 1441 plurima
952 1375 1091 1424 etiam
1116 1374 1290 1423 indicia
1319 1378 1608 1436 confirmant,
1635 1381 1869 1445 Hispano-

85 1443 556 1493 rummultitudinem
579 1442 668 1489 five
691 1457 717 1487 a
737 1441 1075 1506 potentioribus
1107 1439 1247 1488 domo
1270 1441 1462 1504 pulsam,
1490 1445 1579 1492 five
1601 1445 1866 1495 abundante

85 1510 241 1557 ibbole
260 1510 382 1557 ultro
398 1507 670 1573 profectam,
690 1506 740 1555 in
758 1506 1039 1555 Hiberniam
1057 1505 1336 1553 transmififfe
1359 1525 1370 1554 z
1392 1508 1578 1572 ejusque
1594 1509 1752 1557 insulae
1771 1513 1872 1560 loca

86 1574 301 1637 proxima
331 1573 534 1627 tenuisse.
605 1572 792 1620 Deinde
825 1590 932 1620 cum
956 1577 997 1619 &
1021 1570 1136 1619 ae'ris
1159 1571 1413 1627 salubritas,
1440 1578 1480 1621 δε
1506 1574 1669 1637 pabuli
1691 1576 1871 1624 foecun-

89 1638 206 1686 ditas
227 1638 460 1694 invitaret,
487 1637 712 1701 paulatim
735 1638 994 1700 complures
1017 1640 1066 1686 &
1091 1641 1280 1699 propter
1300 1635 1542 1685 seditiones
1561 1639 1708 1695 domi,
1730 1646 1771 1687 δε
1793 1658 1872 1689 ex·
1908 1657 1910 1659 “

89 1716 292 1750 terorum
314 1703 504 1765 injurias
526 1702 714 1764 (quibus
737 1701 962 1765 Hispania
983 1700 1158 1762 semper
1180 1699 1272 1747 fuit
1293 1700 1514 1763 obnoxia)
1531 1703 1771 1765 quietioris
1796 1707 1867 1753 vi·-

91 1780 151 1814 tae
174 1767 352 1831 spes,‡&
379 1766 608 1830 cupiditas
632 1767 795 1814 eodem
826 1765 965 1814 traxit
990 1784 1001 1812 :
1031 1766 1186 1826 eoque
1215 1763 1415 1820 facilius,
1437 1769 1565 1830 quod
1600 1768 1654 1814 ad
1679 1767 1873 1818 insulam

86 1832 184 1892 jam
207 1849 234 1878 a
253 1831 548 1895 popularium
585 1830 767 1877 suorum
804 1828 1103 1878 multitudine
1142 1842 1412 1892 occupatam
1437 1844 1658 1895 tanquam
1680 1834 1738 1880 ad
1761 1836 1873 1882 alte-

92 1914 190 1944 ram
208 1897 402 1959 patriam
421 1897 462 1942 se
481 1895 706 1957 proficisci
723 1895 807 1942 fibi
823 1894 1159 1959 persuaderent.
1228 1895 1375 1957 Stirps
1395 1908 1546 1942 autem
1564 1896 1647 1943 illa
1664 1909 1789 1946 tanta
1807 1901 1875 1948 so-

93 1961 201 2017 bole
224 1961 271 2008 in
295 1960 412 2008 terra
432 1958 673 2006 hominum
698 1959 1032 2007 foecundiffima
1059 1958 1281 2013 refloruit,
1320 1973 1370 2006 ut
1392 1960 1490 2020 jam
1516 1977 1610 2008 non
1633 1963 1874 2012 Hiberniae

93 2020 259 2073 finibus
277 2026 483 2073 contenti
502 2024 552 2070 in
570 2023 803 2088 proximas
825 2026 965 2073 etiam
986 2023 1150 2071 insulas
1174 2023 1373 2072 minores
1391 2025 1658 2089 frequenter
1674 2029 1872 2094 emigra..

93 2104 211 2139 rent.
291 2130 293 2132 .

159 2158 222 2203 II.
256 2156 436 2203 [nterea
452 2153 614 2201 ’δεθεὶς
638 2154 709 2217 (id
730 2153 854 2202 enim
885 2154 1104 2202 univeriae
1126 2152 1255 2218 genti
1282 2170 1452 2202 nomen
1474 2157 1590 2216 erat)
1619 2174 1702 2220 per
1725 2159 1876 2206 AEbu-

95 2223 174 2270 das
196 2221 360 2268 insulas
384 2221 493 2267 fines
515 2220 896 2283 propagantibus,
919 2219 995 2267 sed
1017 2220 1108 2266 fine
1128 2236 1254 2283 rege,
1275 2236 1327 2266 ac
1349 2233 1471 2267 certo
1489 2220 1687 2283 imperio
1709 2226 1779 2284 (1)
1796 2242 1878 2287 per

95 2285 392 2351 cognationes
412 2283 624 2337 tributim
643 2284 814 2347 sparfi8‚
841 2285 1022 2347 appulit
1042 2285 1102 2331 ad
1121 2284 1361 2332 Hiberniae
1379 2286 1488 2332 litus
1512 2286 1652 2332 claffis
1678 2288 1876 2336 Germa-

61 2402 63 2404 ,
95 2352 215 2407 nica,
239 2351 312 2397 vel
339 2354 410 2412 (ut
430 2349 585 2399 scrib-it
599 2351 746 2410 Beda)
770 2350 1001 2413 Scythica,
1019 2350 1074 2396 eo
1103 2349 1269 2410 rejecta
1293 2350 1652 2412 tempestatibus,
1684 2354 1755 2413 (ut
1777 2371 1874 2400 cre-

96 2417 240 2464 dibile
262 2415 343 2475 est)
368 2415 498 2478 quod
515 2429 601 2460 nec
622 2415 812 2470 liberOS,
838 2432 923 2462 nec
946 2432 1107 2462 uxores
1125 2414 1276 2461 secum
1295 2415 1570 2462 extulissent.
1641 2416 1710 2462 Hi
1727 2419 1876 2465 omni-

99 2499 178 2528 um
200 2496 350 2530 rerum
372 2478 525 2543 egeni,
551 2482 656 2527 cum
681 2479 705 2526 ὲ
728 2479 985 2544 longinqua
1006 2479 1300 2543 navigatione
1323 2479 1436 2527 nihil
1462 2479 1545 2534 eis,
1569 2493 1736 2543 praeter
1753 2500 1879 2530 arma

64 2560 80 2571 ‘
97 2546 351 2609 superesset,
372 2543 400 2590 a
422 2543 658 2608 Scotisque
677 2543 813 2591 miffis
831 2544 993 2609 legatis
1016 2544 1139 2592 sedes
1159 2556 1368 2607 peterent
1388 2563 1400 2592 ε
1425 2544 1683 2606 responsum
1709 2547 1815 2603 fuit,
1833 2549 1875 2595 se

97 2611 304 2675 exiguaS,
330 2615 370 2655 δε
404 2608 693 2656 infoecundas
724 2608 888 2656 insulas
923 2609 984 2656 ob
1011 2610 1114 2672 agri
1147 2610 1388 2672 penuriam
1421 2625 1645 2672 occupare
1675 2615 1873 2669 coaetos,

99 2693 211 2738 quas
227 2685 291 2722 'ne
314 2673 542 2722 universas
562 2674 751 2736 quidem
786 2675 816 2720 fi
841 2675 906 2720 eis
927 2675 1090 2721 cedere
1113 2676 1289 2737 postent
1313 2675 1570 2722 suffeuuras
1594 2686 1730 2722 tantae
1758 2679 1875 2725 mul-

98 2739 306 2789 titudini,
374 2738 649 2785 Communis
673 2740 786 2786 vero
806 2738 933 2786 sortis
957 2739 1180 2793 misertOS,
1205 2739 1471 2786 hominibus
1493 2739 1667 2786 saevitia
1682 2740 1875 2789 fortunat

102 2804 296 2859 afflictis,
330 2820 414 2850 nec
444 2819 629 2866 genere,
669 2807 741 2865 (ut
772 2803 797 2850 ὲ
828 2803 1048 2857 sermone,
1079 2809 1119 2851 δε
1147 2803 1364 2851 institutis
1395 2804 1664 2867 apparebat)
1697 2806 1874 2862 alienis,

101 2870 367 2923 confilium,
382 2871 434 2918 ὃς
457 2867 516 2914 ad
542 2867 835 2915 efficiendum
856 2881 1027 2931 quanta
1058 2869 1233 2932 pofl'ent
1253 2868 1425 2916 auxilia
1444 2870 1645 2916 daturos,
1716 2872 1877 2918 Confi-

100 2935 218 2981 lium
253 2946 407 2980 autem
427 2938 540 2986 erat,
579 2944 630 2979 ut
650 2933 964 2996 propinquam
982 2933 1174 2980 insulam
1201 2936 1271 2994 (2)
1298 2933 1491 2980 Albium
1527 2939 1568 2979 ὅτ
1591 2935 1810 2996 amplam,
1837 2944 1878 2983 85

102 2998 386 3053 foecundam,
410 3001 460 3047 ὃς
483 2995 639 3042 multis
662 2997 709 3044 in
743 2997 856 3045 locis
879 2998 1030 3045 adhuc
1058 2998 1298 3052 incultam,
1325 3001 1373 3046 &c
1397 3009 1584 3060 propter
1603 2998 1877 3057 incolarum,

101 3063 244 3110 sicubi
267 3063 422 3116 essent,
451 3060 656 3124 ingenia,
683 3062 767 3124 qui
788 3063 944 3109 multis
967 3076 1067 3110 tum
1092 3063 1278 3125 regibus
1305 3062 1426 3108 inter
1454 3061 1495 3108 se
1517 3061 1717 3108 inimicis
1747 3081 1878 3126 pare-

103 3127 233 3182 bant,
256 3127 485 3174 infirmam
508 3139 733 3187 peterent.
799 3129 855 3176 In
876 3127 967 3174 illis
990 3127 1226 3174 discordiis
1247 3126 1462 3174 civilibus
1481 3125 1614 3171 facile
1636 3126 1734 3174 fore
1755 3128 1880 3178 infir-

105 3194 276 3242 miores
299 3190 500 3238 fovendo
521 3188 758 3251 regionem
782 3191 1098 3254 ampliflimam
1119 3206 1360 3255 occupare.
1429 3192 1519 3236 Sua
1539 3190 1598 3236 ad
1629 3189 1680 3238 id
1710 3195 1881 3242 auxilia

104 3275 196 3305 non
220 3256 448 3305 defutura.
518 3255 640 3300 Cum
660 3256 951 3302 AEbudarum
973 3257 1198 3319 angustia,
1219 3262 1261 3302 δε
1283 3271 1369 3309 res,
1391 3266 1441 3301 ut
1462 3266 1562 3301 tum
1579 3269 1727 3313 erant,
1749 3271 1880 3307 tenu-

101 3339 152 3383 es
178 3323 382 3372 facerent
414 3320 576 3373 fidem,
611 3318 838 3367 Germani
875 3321 979 3383 (qui
1008 3321 1159 3383 postea
1179 3319 1297 3367 Pieli
1318 3337 1344 3366 a
1364 3317 1604 3379 Romanis,
1650 3325 1692 3367 δε
1715 3324 1878 3372 vicinis

159 3453 224 3503 (1)
251 3452 374 3490 These
417 3451 462 3488 of
491 3463 562 3487 one
595 3450 690 3487 clan'
711 3463 754 3488 or
782 3450 969 3496 kindred,
1086 3451 1149 3501 (2)
1180 3449 1344 3488 Albium*
1368 3463 1442 3488 was
1467 3450 1532 3488 the
1562 3464 1738 3490 common
1770 3468 1879 3492 namt-

105 3506 283 3553 dwelling
301 3505 485 3553 together,
505 3505 576 3541 and
594 3503 757 3552 keeping
779 3517 798 3540 a
817 3504 960 3541 certain
1029 3503 1073 3540 of
1087 3504 1152 3540 the
1171 3513 1326 3553 coustry
1341 3504 1385 3542 of
1397 3506 1572 3542 Scotland
1592 3508 1663 3543 and
1682 3507 1850 3556 England
1869 3524 1877 3544 :

105 3559 203 3595 form
224 3559 268 3596 of
279 3572 299 3596 a
319 3556 656 3599 common-wealth
676 3570 812 3605 among
830 3556 957 3595 themv
1029 3558 1087 3593 for
1099 3557 1293 3594 Britannia
1310 3571 1383 3600 was
1397 3571 1416 3594 a
1429 3570 1606 3596 common
1625 3572 1736 3598 name
1751 3560 1791 3599 to¹
1803 3563 1879 3600 Ire*-

106 3611 230 3650 sehrffl,
366 3619 376 3623 ⁴
430 3624 439 3629 -
957 3652 962 3653 ⁷
1030 3611 1116 3646 land
1134 3613 1204 3648 and
1223 3609 1288 3649 the
1307 3611 1393 3649 west
1409 3614 1477 3651 and
1501 3612 1616 3662 north*
1631 3612 1724 3652 isse&

1773 3735 1885 3782 gen-
