2006 3858
520 66 932 136 APUD
1045 58 1604 129 sacros,
1877 83 1958 148 17

186 171 550 225 commendataes
584 169 676 215 vita
697 168 926 228 expressae,
971 164 1187 226 sanguine
1210 162 1501 223 confignatae.
1569 161 1738 222 Neque
1760 163 1874 210 alius
1905 165 1956 212 in

189 251 285 284 tota
309 239 409 301 lege
428 236 655 283 Iocus'aut
678 231 962 294 diligentius,
988 228 1369 278 coinmendatiu3‚
1411 237 1489 271 aut
1520 226 1792 286 explicatius
1814 231 1954 275 tradi-

187 314 276 355 tus,
318 319 456 364 quarn
497 301 532 346 is
573 298 653 359 qui
675 298 734 343 est
769 298 825 342 de
865 294 1015 340 officio
1057 291 1402 354 Episcoporurn.
1476 288 1572 334 Illis
1597 301 1748 335 autem
1774 292 1951 353 legibus

187 383 291 413 cum
318 366 433 412 nulli
476 364 527 410 fit
550 363 613 407 fos
637 362 884 422 quicquam
908 358 1121 417 adjicere,
1162 357 1398 417 abrogare,
1431 352 1668 415 derogare,
1694 353 1951 409 immutare,

187 448 276 477 una
301 431 487 475 restabat
508 423 840 487 interpretatio.
909 423 1019 468 Earn
1055 422 1289 466 Romanus
1313 417 1561 479 Episcopus
1583 434 1686 464 cum
1720 419 1801 463 fibi
1831 435 1952 465 arro--

185 496 343 557 gaffet,
369 510 459 538 non
485 490 623 536 modo
646 489 840 548 reliquas
864 485 1077 547 oppreflit
1102 484 1338 536 Ecclefias,
1371 482 1442 527 sed
1470 481 1756 543 tyrannidem
1781 482 1954 530 saevissi-

186 575 306 604 mam
334 556 540 603 omnium
564 571 666 615 qu5e
691 568 890 613 unquam
916 550 1116 603 fuerunt,
1143 547 1222 594 sibi
1240 545 1492 593 vindicavit
1527 566 1541 601 3
1575 560 1657 592 nec
1689 546 1953 595 hominibus

186 622 459 676 tantum,sed
479 619 669 680 Angelis
693 615 830 661 etiam
855 614 1078 675 imperare
1102 610 1488 664 ausus,Christum
1509 611 1644 672 plane
1667 610 1720 666 inv
1736 612 1953 660 ordinem

183 687 364 740 redeoit
406 703 417 731 ε
472 683 552 729 nisi
576 684 620 729 id
647 697 735 728 non
760 680 820 725 est
857 680 902 726 in
939 677 1146 723 ordinem
1171 675 1394 737 redigere,
1435 687 1483 720 ut
1505 676 1631 736 quod
1655 687 1704 721 tu
1725 674 1857 732 velis,
1903 677 1952 725 in

181 746 319 802 coeicssg
345 751 389 795 in
417 749 567 802 terris,
594 746 716 807 apud
739 743 908 790 inferos
933 742 983 787 {it
1006 756 1153 787 ratum
1182 757 1193 786 :
1227 739 1353 802 quod
1377 739 1579 785 Christus
1598 739 1735 801 justit,
1774 741 1840 787 ita
1869 741 1954 789 de.

182 831 309 862 muni
339 815 387 860 sit
408 828 573 871 ratum,
600 812 628 856 si
656 826 700 855 tu
723 807 850 853 velis.
920 806 1045 852 Nam
1070 806 1098 851 si
1122 802 1168 850 in
1193 820 1286 849 rem
1312 815 1435 849 tuam
1460 819 1621 865 parum
1648 803 1853 851 videatur
1875 807 1952 854 lex

183 878 351 928 facere,
374 879 436 924 ita:
456 874 797 936 interpretando
821 869 987 931 poteris
1011 869 1265 921 deflefitere,
1293 879 1339 913 ut
1359 883 1449 914 non
1474 868 1613 913 modo
1632 885 1711 929 per
1734 881 1863 916 tuum
1882 887 1950 927 os,

183 942 257 989 sed
283 959 337 987 ex
360 941 499 988 animi
527 941 589 987 tui
617 937 834 986 sententia
856 935 986 996 loqui
1008 946 1200 996 cogatur
1223 930 1442 978 Christus.
1493 931 1673 978 Christo
1695 931 1850 995 itaque
1873 951 1955 996 per

181 1023 230 1054 os
262 1005 488 1053 l‘ontificis
512 1004 710 1052 Romani
753 1003 986 1062 loquente,
1022 995 1289 1058 chilperico
1315 997 1386 1057 (1)
1413 995 1620 1057 pipinus,
1664 998 1830 1058 Joanni
1855 1000 1955 1046 Na-

181 1089 313 1118 varro
335 1070 651 1118 Ferdinandus
674 1065 952 1127 Arragonius
977 1065 1035 1109 est
1058 1062 1349 1112 substitutus:
1391 1059 1510 1106 filius
1535 1059 1580 1106 in
1612 1077 1804 1122 patrem,
1829 1063 1953 1111 cives

178 1135 230 1182 :in
257 1138 430 1198 Regem
456 1151 579 1181 arma
601 1132 745 1194 impia
767 1128 1062 1190 sumpserunt.
1100 1126 1302 1172 Christus
1323 1140 1501 1170 veneno
1523 1120 1744 1179 imbutus,
1785 1127 1953 1176 deinde

181 1200 278 1262 :ipse
303 1201 525 1246 veneficus
550 1198 645 1244 fieri
667 1198 847 1242 coaetus
870 1195 946 1248 est,
993 1204 1040 1239 ut
1071 1205 1247 1236 veneno
1269 1189 1451 1234 tolleret
1474 1189 1729 1235 Henricurn
1757 1191 1956 1239 Lucem-

180 1264 416 1325 burgiam.
467 1266 539 1312 M.
562 1264 677 1309 Haec
700 1276 788 1322 ego
812 1275 902 1304 non
935 1272 1054 1303 nunc
1079 1254 1277 1317 primum
1303 1253 1440 1298 audio
1466 1272 1477 1299 :
1512 1253 1585 1299 sed
1608 1255 1664 1300 de
1689 1254 1766 1300 ista
1795 1257 1952 1321 legum

181 1324 560 1387 interpretatione
587 1325 784 1386 apertius
807 1322 963 1368 audire
986 1336 1115 1366 aveo.
1462 1322 1475 1331 ’·
1697 1368 1711 1371 J

246 1395 290 1440 X
307 1395 427 1438 <XL
460 1398 510 1439 Β.
537 1390 697 1441 Unum
723 1388 806 1433 tibi
832 1400 1085 1447 proponam
1107 1382 1396 1444 exemplum,
1427 1380 1452 1427 ὲ
1476 1397 1568 1443 quo
1594 1393 1739 1428 totum
1764 1383 1853 1429 hoc
1871 1402 1953 1448 ge.

182 1475 268 1504 nus
291 1473 412 1517 quan
424 1469 519 1502 tum
544 1455 692 1499 valeat
714 1453 848 1498 facile
870 1449 1118 1511 intelligas
1189 1447 1285 1492 Lex
1308 1447 1383 1500 est,
1429 1448 1601 1508 Oportet
1626 1447 1866 1509 Epg'scopum
1884 1453 1953 1513 ff

180 1527 300 1568 unius
334 1526 475 1567 uxoris
492 1524 639 1566 viram
665 1536 679 1564 :
711 1533 801 1578 qua
823 1518 925 1577 lege
947 1513 1060 1576 quid
1083 1511 1301 1573 apertius,
1327 1511 1440 1572 quid
1463 1511 1732 1572 explicatius
1757 1512 1849 1558 dici
1868 1531 1954 1576 po.

180 1588 260 1634 test
285 1589 302 1632 ?
343 1587 481 1632 Unam
503 1602 666 1633 ,uxorem
709 1583 788 1627 ille
827 1581 965 1626 Unam
990 1575 1209 1638 Eccley‘icxm
1230 1575 1569 1637 interpretatur.
1639 1577 1776 1638 Qasr
1800 1594 1854 1623 ea
1877 1580 1955 1627 lex

181 1667 274 1697 non
298 1649 483 1696 libidini
529 1648 601 1693 sed
636 1645 835 1692 avaritiae
861 1643 1184 1704 Episcoporum
1210 1639 1512 1701 reprimendae
1536 1640 1586 1687 fit
1609 1643 1766 1702 posit&
1834 1643 1953 1691 Haee

188 1728 339 1760 antem
360 1712 608 1775 explicatio
634 1712 709 1756 etfi
735 1709 850 1756 nihil
876 1709 929 1754 ad
954 1723 1046 1753 rem
1071 1705 1196 1758 facit,
1215 1717 1364 1749 tamen
1380 1703 1645 1750 sententiam
1672 1705 1772 1751 sane
1790 1706 1952 1753 honest

181 1791 274 1825 tam
303 1783 349 1827 &
376 1778 497 1839 piam
523 1777 743 1829 continet,
770 1773 849 1819 nifi
873 1788 970 1818 eain
995 1770 1140 1817 rursus
1180 1768 1415 1815 idern‘alia
1451 1767 1822 1831 interpretatione
1846 1771 1952 1820 viti.

179 1844 301 1889 asset.
372 1841 500 1903 Quid
523 1857 633 1903 ergo
657 1840 733 1886 hic
755 1837 969 1884 Pontifex
991 1832 1348 1881 comminiscitur
1388 1835 1405 1878 ?
1451 1833 1629 1888 Variat,
1653 1833 1822 1896 inquit,
1848 1853 1952 1898 per.

181 1907 317 1961 sonis,
343 1907 499 1959 causis,
523 1905 655 1958 locis,
682 1902 981 1964 temporibus,
1052 1899 1255 1961 Qidam
1280 1913 1332 1942 ea
1367 1896 1607 1945 nobilitate
1632 1899 1746 1953 sunt,
1791 1912 1838 1946 ut
1873 1917 1955 1949 eo.

180 1988 282 2018 rum
307 1971 417 2018 fastu
441 1970 591 2017 nullus
615 1968 915 2015 Ecclefiarum
933 1981 1147 2011 numerus
1169 1962 1298 2024 possit
1321 1960 1533 2007 sufficere.
1603 1964 1826 2024 Qaedam
1850 1982 1952 2012 rur-

180 2035 250 2083 sus
274 2039 387 2082 adeo
412 2034 700 2097 pauperculae
743 2032 843 2078 sunt
881 2030 1109 2082 Ecclefiae,
1156 2040 1205 2072 ut
1245 2043 1300 2072 ne
1344 2027 1572 2072 monacho
1594 2028 1780 2089 quidem
1805 2046 1953 2091 nuper

175 2100 412 2155 mendico,
430 2115 552 2146 nunc
576 2097 775 2151 mitram,
801 2096 1010 2158 suppetat
1029 2092 1137 2139 'inde
1159 2091 1324 2145 vietus,
1351 2091 1378 2136 fi
1406 2106 1571 2137 nomen
1595 2092 1808 2154 Episcopi
1833 2095 1952 2142 tueri

176 2166 305 2212 velit.
378 2167 568 2211 inventa
585 2163 644 2208 est
669 2161 783 2207 ratio
806 2177 862 2206 ex
884 2160 965 2205 illa
986 2157 1154 2204 callida
1170 2155 1283 2216 juri-s
1319 2155 1711 2217 interpretatione,
1744 2172 1794 2205 ut
1818 2159 1950 2206 unius

175 2230 389 2278 Ecclefiae
413 2227 625 2291 Episcopi
652 2226 879 2277 dicantur,
906 2224 1003 2270 aliae
1027 2222 1090 2268 eis
1115 2221 1689 2281 commendentur-,omnes
1711 2223 1952 2284 expolien-

176 2307 266 2343 tur.
338 2293 449 2340 Dies
475 2309 546 2343 me
569 2291 765 2344 deficiet,
792 2290 820 2334 si
845 2288 1024 2334 fraudes
1040 2285 1257 2347 colligere
1279 2285 1437 2338 velim,
1459 2300 1562 2345 quae
1585 2285 1951 2336 adversusunam

175 2360 326 2421 legem
353 2357 562 2420 quotidie
596 2353 916 2418 excogitantur
960 2352 976 2398 :²
1004 2351 1075 2397 sed
1102 2351 1206 2395 haec
1249 2350 1326 2395 etsi
1355 2349 1548 2410 indigna
1591 2350 1675 2397 fint
1702 2357 1741 2397 δι
1765 2353 1951 2400 nomine

174 2422 423 2470 Pontificio
447 2427 485 2467 δι
509 2419 696 2466 homine
717 2416 993 2470 Christiano,
1020 2415 1220 2477 tyrannis
1241 2428 1399 2460 eorum
1421 2414 1488 2459 ibi
1510 2430 1603 2460 non
1625 2415 1838 2463 constitit.
1884 2419 1951 2464 Ea

175 2489 237 2535 est
261 2486 385 2534 enim
412 2485 617 2532 omnium
644 2499 798 2530 rerum
821 2493 998 2536 natura,
1042 2491 1090 2526 ut
1117 2477 1194 2525 ubi
1217 2478 1353 2524 semel
1393 2478 1441 2524 in
1487 2494 1687 2541 praeceps
1709 2479 1775 2526 ire
1797 2497 1951 2545 coepc-

177 2552 286 2604 rint,
324 2551 544 2614 nusquam
564 2560 667 2594 ante
690 2546 943 2600 confistant,
988 2559 1126 2607 quam
1150 2543 1207 2589 ad
1229 2543 1467 2588 interitum
1490 2542 1717 2590 labantur.
1785 2545 1870 2592 Vis
1894 2547 1951 2594 ii-

176 2615 302 2665 lustri
333 2614 546 2675 exemplo
585 2611 670 2659 tibi
695 2612 784 2658 hoc
807 2610 1156 2657 commonstrem
1195 2611 1211 2653 ?
1245 2605 1559 2653 Meministine
1584 2608 1852 2671 cujusquam
1877 2614 1954 2660 in.

163 2695 246 2729 .ter
268 2683 572 2737 Imperatores
597 2675 796 2722 Romani
820 2672 1069 2736 sanguinis,
1110 2671 1192 2734 qui
1235 2671 1375 2718 fuerit
1409 2684 1487 2717 aut
1521 2673 1749 2719 crudelior
1771 2688 1849 2722 aut
1870 2695 1952 2724 ne.

177 2747 314 2809 quior
335 2760 473 2807 quam
498 2743 556 2788 C.
582 2738 814 2803 Caligula.
886 2739 956 2791 M.
979 2738 1170 2790 Nullus,
1215 2737 1341 2798 quod
1373 2735 1528 2790 sciam,
1555 2736 1656 2784 fuit.
1726 2739 1783 2785 B.
1811 2742 1952 2804 Qod

164 2824 325 2858 >autem
359 2807 674 2870 nequissimum
697 2805 793 2866 ejus
816 2804 1077 2850 facinorum
1094 2814 1228 2864 ,putas
1255 2805 1272 2847 ?
1306 2802 1417 2848 Non
1442 2801 1522 2846 illa
1543 2800 1665 2856 dico,
1704 2816 1808 2864 quae
1829 2806 1950 2855 Pon-

174 2875 318 2923 tifices
342 2874 386 2919 in
411 2872 582 2918 casibus
607 2868 836 2919 reservatis
861 2878 1118 2923 numerant,
1166 2865 1321 2912 sed'in
1367 2865 1546 2927 reliqua
1579 2866 1675 2926 ejus
1701 2867 1810 2916 vita.
1879 2873 1951 2921 M,

173 2940 287 2988 Non
311 2936 544 2984 succurrit.
613 2937 669 2981 B.
705 2933 854 2996 Qale
882 2932 969 2980 tibi
1011 2932 1126 2978 illud
1161 2931 1359 2985 videtur,
1405 2930 1531 2993 quod
1552 2923 1723 2992 equuiri
1745 2935 1952 2983 'nomine

160 3005 422 3052 :Incitatum
447 3001 503 3046 ad
526 3015 703 3045 coenam
737 2997 950 3045 invitavit
987 2999 1004 3043 ?
1039 2995 1166 3057 quod
1199 2994 1423 3042 hordeum
1467 3010 1656 3041 aureum
1697 2999 1950 3057 apposuit?

165 3068 300 3142 guod
325 3064 573 3113 Consulem
598 3063 851 3126 designavit
875 3065 892 3109 ?
924 3062 995 3110 Μ.
1022 3060 1229 3113 Omnino
1251 3059 1464 3122 nequiter
1485 3059 1672 3106 fastum.
1742 3063 1799 3109 B.
1823 3065 1953 3127 Qid

168 3132 307 3186 allud,
333 3130 460 3193 quod
481 3129 681 3177 eundem
697 3126 779 3175 fibi
801 3127 1028 3190 collegam
1052 3125 1100 3171 in
1123 3123 1376 3172 sacerdotio
1403 3123 1591 3171 adscivit
1614 3127 1632 3169 ἒ
1667 3125 1738 3171 Μ.
1764 3128 1953 3178 Sex-ione

180 3195 281 3243 haec
306 3211 453 3241 narras
479 3196 497 3240 ?
539 3196 541 3198 ’
866 3235 869 3239 ,

170 3292 171 3295 =
243 3259 451 3307 XXXII.
485 3260 543 3305 B.
573 3256 700 3305 Serio
720 3255 864 3306 certe.
935 3255 1105 3319 Neque
1128 3254 1244 3302 adeo
1276 3253 1417 3302 miror
1440 3251 1527 3301 tibi
1549 3253 1649 3300 haec
1673 3254 1817 3303 videri
1841 3273 1953 3307 con-

172 3324 294 3371 fieta.
365 3323 454 3369 Sed
479 3323 624 3370 noster
657 3322 737 3369 ille
759 3320 937 3384 Jupiter
960 3322 1195 3367 Romanus
1227 3320 1328 3366 haec
1357 3331 1405 3367 ut
1426 3331 1532 3366 vera
1554 3319 1739 3382 posteris
1762 3322 1954 3371 videan-

171 3397 249 3437 tur
270 3386 466 3451 per-fecit
508 3406 520 3435 :
554 3386 725 3450 Juliam
747 3385 854 3433 dico
886 3385 1103 3433 Tertium
1137 3383 1424 3442 Pontificem,
1464 3383 1546 3447 qui
1592 3383 1707 3432 mihi
1743 3387 1951 3436 videatur

230 3518 295 3571 (1)
314 3518 403 3567 Leg.
422 3516 650 3558 ehilderico.
680 3517 750 3556 See
767 3515 833 3556 the
852 3523 940 3556 note
953 3527 1111 3565 onxcap.
1145 3526 1207 3564 72.
1266 3506 1271 3510 ⁴

1854 3584 1951 3617 Cef-
