2078 3771
159 90 235 156 18
414 88 595 155 DE
713 85 1090 194 7111111
1206 82 1704 151 REGNJ

146 200 372 235 certarnen
396 188 451 234 cie
468 184 722 249 principatu
746 184 960 246 nequitiae
984 200 1087 230 cum
1106 183 1293 231 homine
1313 183 1596 273 nequiflimo.
1623 183 1679 231 C.
1697 187 1918 252 Caligula

146 252 230 298 fibi
253 253 497 299 instituisse.
565 252 632 296 M.
659 247 821 309 Qid
809 263 846 294 1s
871 248 979 294 fecit
1001 249 1095 309 ejus
1119 247 1296 319 generis
1324 251 1341 294 ἓ
1408 256 1439 292 1?
1445 247 1640 294 ,8110130
1661 253 1746 295 suae
1768 254 1920 301 00110..

145 316 249 361 dem
275 317 506 362 hominem
528 328 667 374 prope
692 313 956 374 nequiorem
983 313 1118 359 bestia
1137 310 1400 374 nequissima
1421 312 1665 374 collegam
1677 313 1791 360 fibi
1780 330 1824 359 10
1851 317 1917 363 sa..

145 381 354 426 cerdotio
375 376 618 439 cooptavit
696 382 761 424 Λ.
802 377 907 422 Alia
949 377 1132 437 legendi
1176 377 1353 422 sortasse
1375 376 1504 422 causa
1528 375 1630 421 fuit.
1704 383 1756 425 B.
1795 379 1922 426 Nar...

145 456 302 490 rantur
323 451 359 489 δι
384 443 517 487 aliae:
553 440 625 485 sed
649 455 736 502 ego
769 438 904 503 selegi
929 441 1290 487 honestiflimam.
1345 439 1495 501 Igitur
1517 454 1618 484 eurr.-
1651 452 1798 487 tantus
1823 460 1917 491 non

147 510 286 552 modo
309 505 538 552 sacerdotii
564 507 871 564 contem'ptu5‚
895 505 967 550 sed
987 505 1125 550 etiam
1149 502 1442 549 humanitatis
1465 502 1641 549 oblivio
1667 520 1721 549 ex
1745 504 1822 551 ista
1849 507 1920 553 le·

144 588 224 633 ges
248 568 576 632 interpretandi
603 550 791 613 licentia
814 569 864 614 sit
891 583 1011 623 nata,
1052 569 1156 614 vide
1180 584 1236 614 ne
1260 567 1386 613 istam
1411 567 1670 628 potestatem
1697 570 1914 631 exiguam

143 648 290 694 putes.
374 645 389 672 Ἰῑ
415 668 425 678 .
478 635 540 678 At
581 648 621 676 111
628 631 692 677 ihi
717 643 890 678 veteres
932 650 1022 679 non
1047 632 1261 677 videntur
1291 643 1381 676 tam
1408 647 1624 693 magnum
1651 633 1914 682 existimasse

142 698 231 743 hoc
253 695 576 757 interpretandi
603 695 771 751 minus,
811 714 946 758 quam
974 709 1019 742 tu
1043 696 1088 742 id
1112 696 1260 742 videri
1289 694 1373 740 vis.
1444 694 1582 754 Quod
1607 697 1676 741 vel
1702 697 1789 743 hoc
1823 715 1915 745 uno

142 775 411 824 argumento
435 759 634 819 intelligi
658 761 815 822 potest,
860 761 984 832 quod
1035 763 1335 823 Imperatores
1374 759 1572 805 Romani
1591 759 1918 819 jurisconsultis
1947 801 1965 808 ι.

141 826 188 871 1(1
215 825 513 887 permiserint.
581 826 698 886 Qae
723 841 812 870 una
833 825 947 870 tatio
988 838 1029 871 t
1040 838 1129 871 tam
1158 825 1281 870 istam
1306 822 1536 868 verbosam
1562 833 1689 869 tuam
1714 826 1810 887 disp
1818 839 1864 872 ut
1868 843 1915 872 a-

145 890 313 936 tionem
339 889 517 935 evertit.
571 890 740 950 Neque
762 888 964 935 solumid
988 889 1113 951 quod
1138 889 1195 935 de
1215 886 1531 949 magnitudine
1548 886 1675 933 istius
1689 844 1916 949 potepstatis

142 953 290 1000 dixisti
315 953 498 1008 refellit,
540 952 612 1000 sed
633 953 750 999 illud
773 969 958 1015 quoque
979 954 1105 1016 quod
1128 966 1177 999 tu
1201 952 1400 999 maxime
1420 950 1536 997 vitas
1560 951 1794 1013 perspicue
1835 955 1917 1002 de-

143 1019 300 1064 clarat.
326 1035 464 1080 quarn
488 1017 588 1064 aliis
612 1018 874 1079 potestatem
897 1017 992 1063 de
975 1034 1077 1077 Jure
1101 1014 1404 1079 respondendi
1426 1015 1668 1084 dederunt,
1684 1034 1783 1063 eam
1809 1018 1914 1080 ipsis

141 1099 232 1128 non
259 1083 367 1128 fuiss'
362 1099 384 1127 e
407 1095 638 1144 negatam,
680 1083 709 1128 si
731 1081 782 1128 id
805 1098 970 1128 munus
992 1099 1201 1128 exercere
1223 1079 1506 1134 voluisseut,
1515 1091 1592 1126 aut
1614 1096 1695 1141 per
1717 1098 1919 1145 occupa

139 1147 285 1193 tiones
310 1146 568 1208 potuissent.

205 1212 432 1258 XXXIII.
457 1213 500 1257 B
523 1210 663 1279 Qod
693 1211 750 1257 ad
774 1212 1074 1273 Imperatores
1094 1214 1328 1258 Romanos
1353 1196 1531 1265 attinet,
1547 1231 1660 1276 quos
1687 1210 1815 1256 nullo
1836 1226 1918 1257 nea

141 1290 232 1336 que
269 1275 448 1335 judicio
464 1292 612 1337 neque
633 1276 841 1322 utilitatis
863 1276 1060 1337 publicae
1081 1277 1282 1338 respeftu
1303 1277 1474 1324 milites
1491 1279 1569 1324 sibi
1585 1275 1914 1340 pxaeficiebant‚

141 1339 192 1386 hi
215 1340 294 1386 sub
317 1340 436 1386 hanc
459 1341 660 1402 Regum,
685 1357 822 1402 quam
846 1340 1178 1402 descripsimus,
1202 1341 1449 1388 formulam
1491 1359 1580 1388 non
1606 1341 1832 1389 veniunt:
1868 1355 1919 1387 ut

142 1404 224 1465 qui
257 1421 283 1449 3
307 1421 473 1467 genere
493 1403 733 1450 hominum
757 1403 1066 1459 scelestissimo,
1097 1409 1144 1452 ὅτ
1179 1405 1272 1451 fere
1295 1405 1609 1452 scelestissimus
1634 1403 1893 1468 quisque,e
1901 1433 1917 1445 .

140 1468 419 1530 figebantur,
448 1480 526 1514 aut
548 1468 628 1530 ipsi
654 1486 735 1531 per
756 1468 850 1514 vim
891 1468 937 1513 in
962 1485 1065 1514 eum
1092 1469 1242 1515 locum
1268 1468 1597 1531 irrumpebant
1669 1467 1809 1532 Quod
1835 1484 1915 1514 au-

141 1544 233 1578 tem
253 1533 341 1592 jur}
332 1531 580 1578 isconsultis
602 1535 864 1593 potestatem
889 1532 1189 1593 resnondendi
1204 1534 1380 1594 dejure
1395 1535 1622 1607 dederint,
1648 1552 1736 1580 non
1761 1549 1916 1593 repre-

141 1596 311 1643 hend0.
382 1597 472 1642 Etsi
497 1613 565 1641 en:
573 1612 620 1641 m
641 1614 691 1642 ea
715 1613 914 1643 maxima
936 1597 1012 1651 est,
1040 1610 1088 1642 ut
1110 1609 1213 1642 ante
1236 1598 1349 1651 dixi,
1393 1599 1533 1644 tutius
1557 1600 1610 1644 iis
1643 1611 1793 1644 tamen
1818 1612 1920 1642 cre-

140 1659 281 1715 ditur,
311 1660 477 1722 quibus
503 1661 752 1722 tyrannidis
775 1662 1121 1707 instrumentum
1146 1662 1230 1707 esse
1253 1677 1343 1708 non
1369 1663 1525 1723 potest.
1597 1662 1782 1709 Deinde
1812 1663 1917 1724 plu-

140 1725 270 1772 ribus
293 1725 578 1778 credebatur,
601 1741 714 1785 quos
739 1739 896 1772 mutua
919 1726 1170 1771 reverentia
1194 1727 1458 1773 continebat
1481 1744 1526 1772 10
1548 1744 1571 1771 (
1579 1728 1663 1773 ffici
1671 1744 1735 1773 o:
1773 1740 1819 1772 ut
1844 1727 1918 1773 sia

136 1793 265 1836 seeto
287 1787 595 1841 declinassent,
637 1789 819 1836 alterius
864 1789 1070 1852 responso
1094 1789 1425 1838 refellerentur,
1494 1791 1586 1849 Qui
1633 1780 1662 1837 si
1707 1790 1842 1839 etiam
1867 1787 1917 1837 111

141 1853 349 1900 fraudem
373 1852 704 1907 consensissent,
733 1853 1145 1917 supereratjudicis
1171 1854 1411 1908 auxilium,
1438 1856 1510 1901 cui
1536 1872 1625 1902 non
1652 1871 1745 1902 erza
1765 1869 1918 1901 necet-

141 1917 185 1963 se
204 1934 287 1980 pro
322 1918 423 1977 lege
446 1917 610 1963 habere
638 1934 713 1979 qui
706 1919 863 1981 cquid
888 1917 1142 1990 responsum
1167 1919 1519 1978 ajureconsulto
1540 1920 1602 1966 fu}
1609 1923 1685 1966 s‘et
1770 1921 1920 1981 Supe-

142 1995 262 2029 rerat
287 1986 334 2030 8.
358 1983 631 2042 Imperator,
664 1999 745 2044 qui
787 1983 942 2046 legum
975 1982 1247 2029 violatarum
1282 2000 1438 2046 poenes
1479 1998 1727 2045 expetere
1719 1997 1916 2033 poterat.

141 2047 240 2093 Tot
262 2046 465 2092 vinculis
483 2062 585 2092 cum
614 2061 871 2094 tenerentur
894 2047 1078 2101 astriffl,
1109 2064 1385 2120 poenamque
1408 2051 1662 2111 graviorem
1680 2048 1914 2103 timerent,

139 2127 279 2182 quam
304 2113 596 2174 expeflarent
617 2111 785 2157 fraudis
807 2110 1066 2173 praemium,
1087 2110 1243 2166 vides,
1254 2111 1537 2171 opinor-,non
1559 2113 1673 2158 adeo
1695 2129 1914 2175 magnum

139 2174 198 2220 ab
219 2173 299 2221 isto
323 2191 487 2238 genere
512 2175 755 2221 hominum
779 2175 1034 2221 timendum
1057 2175 1183 2221 fuiffe
1205 2175 1477 2237 periculum,
1543 2178 1613 2223 M.
1636 2177 1773 2223 Estne
1798 2195 1915 2239 prae·

145 2251 265 2285 terea
287 2241 410 2303 quod
434 2241 490 2286 de
513 2239 637 2302 Rege
652 2240 777 2286 dicas
805 2244 820 2286 ?
847 2242 904 2287 B.
930 2239 1151 2292 Ρ1110110,
1176 2240 1205 2285 si
1230 2239 1314 2286 tibi
1335 2241 1534 2295 videtur,
1549 2257 1703 2303 paucis
1723 2242 1916 2305 colliga-

139 2319 239 2349 mus
254 2321 357 2367 quae
377 2304 497 2351 diua
519 2304 651 2350 sunt:
685 2303 750 2350 ita
771 2303 948 2351 facilius
973 2303 1125 2367 siquid
1151 2304 1496 2366 praetermissum
1515 2306 1567 2350 sit
1583 2305 1914 2363 intelligemus.

139 2370 209 2415 Μ.
236 2371 304 2415 lta
324 2369 481 2416 censeo
501 2368 777 2414 faciendum.
804 2370 872 2415 M.
896 2369 970 2415 De
992 2368 1170 2431 origine
1197 2372 1239 2416 ὅ(
1264 2368 1394 2415 causa
1413 2369 1712 2416 creandorum
1732 2371 1916 2444 Regum

139 2439 175 2477 δι
204 2433 358 2496 legum
382 2432 482 2479 satis
495 2449 737 2479 convenire
752 2433 1053 2480 videbamur:
1080 2434 1137 2478 de
1157 2443 1312 2479 autore
1336 2432 1467 2496 legis,
1489 2449 1578 2479 non
1594 2433 1722 2481 item.
1741 2436 1827 2482 Sed
1845 2434 1916 2481 vi-

137 2495 206 2542 sus
228 2514 274 2543 es
301 2497 412 2543 mihi
436 2498 621 2543 tandem
641 2498 720 2543 etsi
742 2497 1011 2552 subinvitus,
1029 2510 1180 2545 131000
1197 2497 1240 2542 vi
1263 2497 1357 2559 ipsa
1374 2497 1576 2544 veritatis
1600 2501 1782 2545 0036100
1803 2514 1917 2545 con-

141 2559 327 2608 sensisse.
380 2564 450 2609 M.
476 2563 615 2608 Certe
640 2577 730 2608 000
756 2562 895 2608 10οό0
922 2562 1185 2624 potestatem
1209 2562 1364 2625 legum
1382 2561 1709 2637 jubendarum,
1733 2562 1808 2609 sed
1828 2562 1917 2609 eti-

137 2640 210 2670 am
234 2641 308 2671 eas
325 2625 676 2698 interpretandi,
702 2631 743 2671 &
767 2625 954 2688 quidem
975 2641 1049 2672 me
1068 2639 1261 2688 patrono
1281 2625 1455 2673 strenue
1476 2621 1770 2683 reclamante,
1822 2627 1919 2674 Re-

136 2688 186 2752 gi
205 2689 434 2737 abstulisti.
506 2689 644 2753 Qa
631 2707 681 2735 111
702 2706 750 2736 10
775 2706 935 2737 vereor
959 2706 1014 2736 ne
1039 2691 1066 2736 si
1087 2707 1156 2737 res
1174 2690 1326 2753 palam
1352 2682 1446 2746 fiat,
1469 2690 1716 2752 aliquando
1740 2706 1915 2755 praeva-

134 2753 368 2800 ricationis
393 2770 652 2817 coarguar:
686 2754 801 2800 adeo
824 2753 959 2801 facile
986 2754 1173 2809 bonam,
1213 2767 1263 2800 ut
1287 2755 1380 2800 ab
1368 2754 1502 2800 mitio
1523 2753 1782 2812 videbatur,
1807 2770 1918 2801 cau-

137 2817 226 2864 sam
254 2818 367 2865 mihi
389 2821 447 2865 de
482 2818 691 2865 manibus
726 2817 988 2882 extorqueri
1027 2818 1123 2865 sum
1147 2819 1308 2882 passus·
1379 2821 1435 2865 B
1465 2819 1606 2866 Bono
1637 2818 1791 2865 animo
1824 2835 1913 2866 es:

138 2898 244 2928 11310
264 2883 291 2929 si
318 2883 421 2945 quis
442 2883 490 2930 in
515 2883 599 2929 hac
623 2882 751 2928 causa
773 2895 816 2929 te
838 2881 1230 2945 praevaricationis
1252 2882 1499 2938 insimulet,
1521 2899 1609 2946 ego
1633 2882 1719 2929 tibi
1741 2881 1916 2946 gratui-

140 2957 235 2992 tum
259 2947 562 3006 patrocinium
587 2944 827 3009 polliceor.
893 2949 963 2994 M.
993 2947 1113 2993 Istud
1139 2947 1315 2994 fortasse
1342 2947 1470 2994 brevi
1476 2947 1796 3009 experiemur.

200 3011 428 3058 XXXIV
462 3014 519 3059 B.
546 3011 699 3057 Multa
721 3011 859 3058 etiam
884 3011 1177 3074 negotiorum
1200 3027 1369 3075 genera
1391 3011 1521 3058 nobis
1545 3011 1635 3057 visa
1657 3011 1773 3065 sunt,
1808 3026 1914 3074 quae

136 3073 273 3121 nullis
294 3075 475 3139 legibus
496 3074 827 3138 comprehendi
848 3077 1046 3139 possint:
1090 3091 1288 3150 quorum
1313 3087 1487 3148 partem
1511 3076 1568 3121 ad
1586 3075 1765 3138 judices
1788 3075 1922 3121 ordi-

133 3137 302 3193 narios,
322 3152 496 3202 partem
517 3141 575 3187 ad
598 3139 834 3187 confilium
874 3139 1003 3203 Rege
1020 3145 1111 3186 non
1139 3139 1287 3187 invito
1308 3139 1564 3202 rejecimus.
1631 3141 1701 3186 M.
1723 3141 1912 3186 FaCtum

135 3199 321 3262 quidem
344 3203 552 3250 memini.
621 3204 770 3267 Atqui
795 3205 857 3251 id
862 3220 969 3251 cum
996 3203 1212 3258 faciebas,
1260 3203 1396 3251 scisne
1432 3204 1544 3264 quid
1571 3203 1722 3249 mihi
1710 3220 1755 3249 10
1780 3218 1912 3250 10011-

135 3277 228 3309 tem
251 3267 461 3314 veniebat
483 3271 503 3314 -?
537 3271 595 3315 B.
621 3268 717 3333 Qi
751 3269 945 3331 possum,
990 3268 1039 3315 ni
1063 3280 1112 3314 tu
1134 3267 1303 3314 dixeris
1349 3270 1368 3315 ?
1418 3257 1499 3314 Μ
1525 3266 1771 3314 Videbaris
1794 3265 1931 3321 mihi.

135 3327 287 3400 Reges
305 3332 651 3392 quodammodo
675 3333 841 3380 similes
863 3333 1080 3406 effingere
1099 3331 1257 3396 sigillis
1281 3331 1493 3394 lapideis,
1517 3348 1621 3394 quae
1639 3329 1912 3394 plerumque

131 3390 183 3438 in
206 3393 414 3454 capitulis
436 3396 785 3444 columnarum
774 3409 839 3443 ita
858 3396 943 3444 niti
965 3397 1195 3451 videntur,
1232 3412 1284 3443 ac
1309 3397 1339 3443 fi
1364 3408 1509 3442 totam
1530 3398 1793 3443 stiuc‘turam
1819 3393 1908 3440 sus-

136 3453 344 3503 tineant.
379 3473 484 3505 cum
507 3471 658 3506 tamen
681 3477 739 3507 re
751 3477 856 3508 vera
878 3460 1025 3508 nihilo
1047 3462 1150 3525 plus
1169 3460 1318 3522 oneris
1346 3460 1493 3507 ferant
1514 3476 1651 3533 quarn
1683 3457 1834 3527 quivis
1858 3472 1906 3501 3-

134 3519 223 3567 lius
237 3518 385 3584 lapis·
442 3526 501 3573 B.
539 3524 686 3587 Qid,
711 3525 831 3574 bone
851 3526 1036 3590 Regum
1062 3537 1253 3590 patrone
1279 3527 1298 3578 ἒ
1355 3524 1559 3588 quereris
1585 3540 1656 3572 me
1677 3535 1876 3589 parum·
1856 3533 1908 3579 ⁰.-

200 3607 206 3618 ·
1783 3580 1906 3630 neris
