2055 3828
237 160 404 235 206*
538 160 894 228 Rnssum
983 147 1674 214 Scor-teanum

237 257 452 329 Anglicae
475 257 670 307 nationis
693 262 835 306 erant,
848 248 906 296 eit
923 245 1136 294 omnibus
1161 245 1364 297 urbibus,
1381 245 1427 292 δε
1444 242 1622 290 arcibus
1639 240 1845 307 exigunt.
1879 239 1990 288 Sco·-

236 343 310 379 tos
332 325 543 391 Anglicae
565 317 772 368 factionis
795 326 1067 376 quacunque
1085 310 1132 356 vi
1152 311 1347 374 possunt,
1366 306 1587 371 affligunt.
1654 305 1749 355 Hic
1765 306 1897 353 status
1919 320 1989 352 re·
2054 296 2055 303 ¹

234 409 337 446 rum
375 406 480 437 cum
514 378 923 455 prope-‘biennium
956 375 1148 421 durasset
1171 374 1409 421 Eduardus
1431 369 1680 419 Radulfum
1715 369 1991 416 Confi-aium

231 475 340 511 cum
360 451 535 515 magnis
557 462 701 510 copus
723 444 777 490 ad
800 441 1037 506 praedones
1063 439 1147 500 (ita
1167 437 1291 485 enim
1311 452 1388 483 eos
1407 434 1619 492 vocabat)
1644 433 1915 486 domandos,
1950 436 1993 479 &

236 519 451 584 reliquias
474 511 586 560 belli
614 506 918 557 conficiendas
941 502 1076 551 misit.
1143 502 1212 550 Hi
1246 499 1426 547 nemine
1457 498 1598 545 obvio
1627 496 1718 544 late
1742 495 1915 559 praedas
1946 509 1997 541 a·

235 598 393 654 gentes
427 579 484 625 ad
506 574 743 624 Rossinum
767 571 903 636 usque
930 569 1076 632 (locus
1098 566 1137 612 is
1161 564 1398 613 Lothianae
1420 563 1480 608 est
1495 562 1700 625 quinque
1722 559 1816 606 fere
1849 557 2001 607 millia

234 650 439 716 paffuum
457 643 514 689 ab
529 638 817 700 Edimburgo
837 632 1023 690 distans)
1040 629 1276 684 trifariam,
1293 640 1344 675 ut
1364 626 1495 674 latius
1513 625 1855 688 popularentur,
1875 621 1999 670 divi-

235 716 269 763 (ι
291 711 429 758 castra
448 704 709 770 posuerunt.
776 701 969 748 Ioannes
991 694 1236 742 Cuminius
1259 692 1472 752 adjunsso
1495 689 1574 736 fibi
1599 689 1671 749 (1)
1696 689 1868 735 Ioanne
1889 688 1999 733 Fra-

235 776 349 826 serio
369 769 568 821 'suediae
585 765 725 830 longe
745 762 1049 830 potentissimo
1069 758 1272 806 colleffls
1294 756 1350 804 ad
1372 757 1475 802 0610
1494 752 1641 800 millia
1668 751 1907 798 hominum
1938 749 2000 797 ad

234 842 408 890 hostem
430 832 577 888 ducit,
597 842 648 878 ut
668 830 742 877 vel
771 828 829 875 ab
850 825 990 874 effusa
1011 822 1307 886 populatione
1329 819 1613 870 cohiberent,
1647 815 1721 862 vel
1754 815 1784 861 fi
1819 830 1911 877 qua
1931 812 1999 860 rei

233 907 352 954 bene
373 898 586 966 gerendae
606 894 779 943 occasio
795 892 838 938 se
854 888 1084 938 obtuliss'et
1104 886 1297 933 fortunae
1317 901 1408 932 non
1426 882 1636 930 deessent.
1686 880 1879 925 Occasio
1901 892 2000 924 ma-

229 971 306 1034 jor
325 981 464 1033 quam
486 960 747 1026 sperabatur
767 957 827 1004 est
848 955 1019 1003 oblata.
1084 951 1212 999 Nam
1233 965 1340 996 cum
1361 946 1506 1009 Angli
1527 944 1642 992 nihil
1664 943 1831 996 minus,
1851 940 1993 1004 quam

235 1033 371 1085 hostis
404 1027 538 1077 toties
559 1024 687 1079 vieti,
721 1032 789 1068 tot
811 1018 941 1067 malis
962 1015 1093 1064 frafili
1114 1014 1360 1061 adventum
1381 1011 1688 1073 expeftarent,
1717 1023 1769 1054 ac
1789 996 1998 1059 solutius,

233 1097 375 1165 quam
396 1094 445 1142 in
463 1089 635 1138 hostico
655 1084 970 1136 conveniebat,
994 1081 1037 1128 se
1072 1089 1296 1143 gererent,
1316 1075 1466 1141 prima
1485 1087 1642 1120 eorum
1669 1072 1808 1117 castra
1847 1069 1999 1116 subito

233 1164 435 1213 adventu
458 1158 697 1204 Scotorum
721 1151 822 1198 sunt
843 1145 1048 1211 oppressa
1069 1160 1237 1208 magna
1252 1141 1376 1188 caede
1399 1139 1516 1185 {aaa
1541 1156 1551 1183 :
1577 1133 1658 1199 qui
1680 1133 1929 1187 evaserunt,
1949 1131 1999 1179 in

233 1225 448 1293 proxima
467 1222 606 1268 castra
626 1216 874 1264 tumultum
897 1211 1139 1276 pertulere.
1207 1206 1280 1254 Ibi
1303 1206 1360 1253 ad
1392 1218 1516 1251 arma
1532 1198 1713 1270 trepide
1733 1199 1998 1250 clamatum,

238 1299 281 1341 ει
303 1306 386 1355 pro
408 1287 450 1335 se
471 1283 663 1348 quisque
684 1280 800 1327 alius
822 1277 962 1324 alium
998 1271 1170 1321 hortari
1207 1272 1264 1318 ad
1294 1285 1430 1332 opem
1469 1265 1554 1313 suis
1591 1263 1842 1311 serendam.
1913 1260 2002 1307 Sed

236 1373 343 1406 cum
362 1353 506 1401 serum
526 1345 748 1394 auxilium
761 1343 845 1390 ess‘e
859 1341 1096 1392 sensissent,
1116 1337 1174 1383 ad
1192 1335 1440 1382 vindictam
1463 1331 1505 1378 se
1526 1338 1807 1392 comparant.
1834 1325 2000 1379 Atrox,

240 1434 293 1470 ut
313 1420 431 1467 inter
453 1415 624 1462 feroces
641 1407 848 1462 victoria,
885 1410 925 1452 &
952 1401 1206 1466 cupiditate
1245 1398 1431 1446 ultionis
1452 1393 1654 1442 incensos
1675 1391 1725 1439 fit
1745 1388 2001 1444 cordliclus,

237 1485 424 1534 tandem
447 1480 569 1531 fusis,
594 1472 848 1538 fugatisque
872 1468 1037 1533 Anglis
1058 1463 1251 1512 vic'toria
1262 1462 1468 1526 quidem,
1493 1474 1576 1506 nec
1593 1456 1831 1503 incruenta
1848 1466 2001 1501 tamen

237 1548 359 1598 cessit
380 1543 543 1593 Scotis.
613 1541 789 1586 Interea
815 1535 949 1582 tertia
972 1531 1108 1586 acies,
1132 1545 1235 1592 quae
1252 1527 1437 1590 longius
1460 1521 1731 1574 tetenderat,
1753 1516 2000 1565 adveniens

238 1608 595 1676 trepidationem
618 1601 764 1649 Scotis
782 1598 957 1659 injecit.
1007 1594 1234 1665 Plaerique
1256 1590 1378 1638 enim
1400 1584 1642 1640 vulnerati,
1667 1598 1719 1630 ac
1738 1580 1879 1641 major
1900 1596 2004 1642 pars

240 1674 440 1741 duplicis
467 1683 635 1743 pugnae
672 1663 904 1713 laboribus
927 1657 1108 1722 fatigati
1136 1655 1353 1703 videbant
1373 1652 1420 1698 in
1442 1648 1689 1697 certamine
1711 1644 2006 1691 ‘manifestum

236 1739 518 1820 periculum,
553 1749 601 1780 m
625 1732 735 1795 fuga
760 1738 932 1775 certum
960 1722 1153 1772 exitium
1175 1718 1258 1766 fibi
1278 1716 1535 1765 imminere.
1602 1709 1818 1757 Tandem
1835 1709 2007 1754 ducum

235 1807 355 1873 jussu
378 1801 498 1850 caefis
518 1795 730 1862 captivis,
745 1808 801 1840 ne
819 1790 1031 1839 omnibus
1049 1786 1096 1833 in
1117 1784 1288 1832 hostem
1306 1778 1493 1828 intentis
1514 1776 1541 1823 a
1561 1788 1690 1839 tergo
1703 1772 1823 1819 insur
1856 1783 2003 1826 erent,

244 1869 472 1928 ministros
504 1863 603 1911 suos
626 1859 844 1907 caesorum
877 1853 1029 1918 spoliis
1052 1860 1244 1902 armant,
1282 1851 1323 1894 Sc
1353 1841 1537 1906 majoris
1569 1836 1789 1886 exercitus
1810 1788 2009 1900 {eciem

241 1934 444 1984 hostibus
468 1926 688 1994 praebent.
755 1920 919 1969 Praelio
940 1917 1058 1965 inito
1079 1912 1241 1961 acriter
1264 1909 1477 1972 utrinque
1499 1916 1710 1952 certatur.
1778 1900 1898 1947 Cum
1922 1898 2008 1945 ali-

240 1996 448 2066 quandiu
470 2007 634 2055 anceps
658 2001 814 2052 pugna
833 1983 997 2036 fuisset,
1017 1978 1142 2027 Scoti
1163 1971 1557 2024 adhortationibus
1578 1968 1766 2018 ducum,
1790 1961 2006 2027 duplicis·

240 2080 334 2131 que
354 2058 558 2110 vietoriae
584 2050 806 2102 memoria
838 2058 1063 2099 revocata,
1094 2041 1268 2089 viribus
1301 2033 1541 2097 resumptis
1562 2044 1689 2078 tanto
1726 2030 1901 2090 impetu
1928 2025 2008 2073 in-

241 2138 435 2179 currunt
455 2123 501 2171 in
524 2120 713 2171 hostem,
738 2126 788 2162 ut
809 2111 951 2176 Angli
975 2107 1165 2157 turbatis
1186 2102 1426 2152 ordinibus
1447 2113 1574 2160 terga
1592 2104 1835 2141 verterent.
1880 2092 2005 2153 Pug-

242 2207 402 2244 natum
420 2189 481 2236 est
501 2186 558 2233 ad
577 2182 813 2232 Rossinum
834 2176 958 2224 sexto
976 2170 1203 2222 Calendas
1222 2166 1432 2221 Martias,
1456 2157 1686 2210 millesimi
1708 2153 2007 2207 trecentesimi

241 2254 427 2308 secundi
450 2249 574 2300 anni.

310 2320 465 2370 XXV.
501 2315 618 2363 Haec
650 2307 843 2357 victoria
873 2305 1018 2353 tribus
1054 2297 1329 2349 exercitibus
1351 2292 1513 2341 eodem
1543 2288 1619 2336 die
1653 2286 1712 2334 ab
1751 2301 1841 2333 uno
1877 2282 2008 2330 viftis

243 2398 419 2453 quanto
440 2379 529 2429 suit
546 2374 726 2429 clarior,
763 2385 889 2420 tanto
911 2368 1057 2417 aerius
1078 2362 1317 2413 Eduardus
1338 2359 1394 2406 ad
1416 2352 1721 2420 ignominiam
1743 2348 2007 2400 delendam,

248 2459 290 2500 &
326 2450 461 2498 finem
493 2442 677 2491 tandem
710 2434 959 2501 aliquando
980 2432 1197 2480 diuturno
1221 2425 1342 2473 bello
1363 2417 1694 2484 imponendum
1718 2413 1921 2460 animum
1938 2411 2012 2458 in·

245 2514 412 2566 tendit.
478 2507 625 2581 Igitur
646 2502 913 2554 exercitum,
953 2508 1176 2562 quantum
1213 2503 1447 2552 nunquam
1487 2494 1621 2530 antea
1649 2475 1910 2530 conscribit,
1954 2486 2009 2521 ac

245 2592 382 2631 terra,
403 2587 608 2636 marique
630 2566 826 2616 Scotiam
847 2563 937 2610 late*
957 2559 1091 2608 armis
1113 2567 1382 2621 pervagatus
1416 2548 1494 2602 est,
1534 2545 1591 2592 ad
1619 2556 1847 2591 extremos
1869 2538 2009 2601 usque

247 2642 410 2694 Roffiae
431 2639 559 2690 fines,
582 2632 766 2681 nemine
784 2640 957 2675 armato
973 2625 1016 2672 se
1037 2622 1173 2670 tantis
1188 2617 1331 2682 copiis
1352 2614 1550 2677 objicere
1572 2607 1693 2656 auso.
1736 2605 1870 2653 Solus
1891 2603 2008 2650 Val-

249 2711 316 2758 las
333 2721 438 2755 cum
456 2700 543 2750 suis
561 2713 681 2745 nunc
704 2695 735 2742 Ξι·
753 2694 903 2740 fronte
935 2704 1056 2737 nunc
1079 2685 1105 2732 ἐι
1125 2699 1274 2746 tergo,
1312 2693 1388 2727 aut
1410 2674 1626 2724 lateribus
1647 2668 1922 2718 incurrendo
1944 2679 2012 2714 εει--Α

247 2788 374 2822 mere
390 2782 484 2834 prae
521 2764 668 2817 reffos,
682 2771 759 2807 aut
777 2769 1041 2806 moratores,
1065 2762 1144 2797 aut
1164 2750 1195 2794 fi
1212 2745 1295 2809 qui
1315 2739 1566 2806 cupiditate
1587 2737 1754 2800 praedae
1775 2731 1957 2794 longius
1978 2728 2022 2784 a„

249 2836 340 2886 suis
362 2783 671 2882 discedebant,
693 2820 950 2883 excipiebat
976 2835 986 2863 :
1027 2828 1178 2876 neque
1199 2820 1463 2874 quenquam
1484 2803 1667 2865 longius
1697 2798 1724 2844 a
1742 2795 1879 2861 signis
1901 2810 2027 2857 pro-t

248 2899 383 2968 gredi
399 2893 585 2944 fluebat.
625 2889 767 2937 Hunc
785 2883 965 2946 Anglus
984 2876 1162 2941 magnis
1180 2866 1591 2950 pollicitationibus
1609 2863 1766 2911 frustra
1786 2861 1844 2908 ad
1866 2858 1907 2905 se
1929 2857 2036 2918 saa-7„

247 2983 312 3032 pe
328 2962 562 3012 traducere
578 2955 639 3002 est
661 2960 866 2999 conatus.
933 2945 1023 2992 Sed
1045 2958 1134 2988 una
1153 2955 1250 3001 ejus
1275 2936 1334 2982 ad
1365 2947 1524 2980 omnes
1545 2940 1641 2977 erat
1662 2924 1828 2979 oratio,
1862 2922 1905 2969 se
1937 2920 2037 2982 vi·‚¹

250 3047 364 3083 tam,
403 3037 541 3088 quarn
566 3015 723 3085 patriae
747 3010 960 3064 debebat,
996 3008 1042 3054 ei
1060 3002 1284 3052 devovisse
1305 3019 1317 3046 :
1359 2997 1436 3045 cui
1473 2994 1503 3042 si
1526 2993 1663 3040 aliam
1696 3004 1831 3053 opem
1854 2987 2039 3046 afferret

253 3111 345 3144 non
370 3089 526 3155 posset,
568 3082 656 3147 piis
693 3094 803 3142 erga
838 3088 938 3122 eam
961 3069 1197 3118 conatibus
1219 3062 1572 3113 immoriturum.
1652 3053 1895 3102 Restabant
1927 3046 2038 3096 ali-.'

253 3170 370 3221 quot
388 3168 511 3201 arces
534 3144 700 3211 Anglis
721 3140 925 3189 nondum
947 3135 1131 3184 deditae.
1154 3130 1384 3179 Urcharta
1401 3125 1449 3172 in
1470 3118 1681 3170 Moravia
1695 3118 1742 3164 vi
1763 3128 1894 3178 capta
1911 3115 2037 3166 om-,V

254 3221 390 3268 nibus
422 3215 503 3280 qui
533 3213 712 3260 inerant
749 3207 807 3253 ad
828 3217 969 3251 unum
989 3196 1200 3246 extinctis
1234 3213 1244 3240 ε
1296 3202 1472 3239 caeterae
1508 3196 1631 3233 metu
1655 3182 1697 3230 se
1718 3180 2039 3248 dediderunt0j'-

188 3327 191 3330 ,
257 3280 347 3332 His
369 3281 502 3329 rebus
524 3275 656 3342 gestis
675 3270 855 3335 Anglus
878 3282 982 3314 cum
1004 3260 1219 3312 Eduardo
1238 3256 1350 3311 filio,
1369 3267 1507 3317 quem
1529 3247 1686 3297 Perthi
1706 3246 1949 3307 reliquerat
1970 3240 2040 3297 [οξ

255 3343 493 3406 conjunxit
519 3360 530 3387 z
563 3356 616 3387 ac
633 3336 880 3386 sterlinum
897 3330 1042 3379 tribus
1064 3323 1289 3373 mensibus
1311 3316 1529 3366 obiess‘um
1550 3309 1821 3361 dedentibus
1840 3305 1929 3353 sese
1947 3304 2012 3351 ob
2035 3319 2039 3323 ’

258 3409 465 3474 omnium
487 3420 636 3452 rerum
658 3396 895 3465 penuriam
913 3388 1216 3459 praesidiariis,
1250 3399 1304 3432 ac
1325 3394 1503 3431 tantum
1519 3377 1678 3430 vitam,
1699 3379 1738 3422 &
1756 3371 2038 3451 libertateq-⁸

310 3537 351 3587 (r
362 3538 379 3588 )
392 3535 502 3572 Some
514 3532 584 3570 call
596 3530 680 3569 him
691 3530 770 3568 lord
778 3528 910 3566 fram
920 3522 1108 3562 ofTwed-
1159 3519 1268 3558 estate
1286 3513 1351 3552 feu
1365 3511 1410 3561 by
1422 3506 1616 3557 marriages
1632 3512 1672 3541 to
1684 3501 1750 3540 the
1765 3499 1839 3538 earl
1852 3496 2018 3537 ofMaoe·

260 3595 340 3631 dale
360 3607 372 3641 5
401 3589 450 3626 he
468 3599 541 3624 was
560 3586 636 3622 lord
659 3583 702 3620 of
725 3575 992 3619 Keith-fraser
1009 3589 1020 3614 ι
1040 3574 1109 3613 =his
1162 3571 1253 3616 thal,
1275 3567 1371 3607 lords
1390 3563 1521 3603 Yester
1538 3561 1608 3598 and
1625 3555 1810 3603 fleming.
1974 3547 1984 3574 ἶ
2003 3545 2016 3554 ”

1859 3616 2026 3690 paaissp
