2037 3837
431 102 837 174 APUD
933 103 1495 172 scoTos
1780 127 1858 188 33

107 207 190 254 tim
214 206 244 253 fi
267 222 350 268 pro
375 206 505 252 malis
527 203 817 266 Principibus
839 204 898 249 est
920 220 971 250 or
976 203 1167 277 andum,
1188 203 1296 250 hinc
1325 202 1542 265 colligere
1579 201 1795 248 debemus
1819 223 1869 249 e-

108 286 238 319 erum
261 270 371 317 vitia
394 287 482 316 non
506 271 588 316 elle
613 267 843 328 punienda
886 287 901 324 ;
933 285 1022 315 non
1050 269 1192 332 magis
1215 281 1335 314 certe
1373 284 1511 331 quam
1536 267 1727 311 latronn
1722 285 1761 311 n
1788 284 1870 328 pro

107 337 276 398 quibus
299 335 436 381 etiarn
459 350 585 380 orare
603 332 854 391 jubemur:
889 349 971 378 nec
997 334 1023 378 si
1057 333 1180 378 bono
1211 332 1412 392 Principi
1440 332 1686 388 parendum
1711 333 1786 383 est,
1833 349 1870 374 1-

110 401 198 447 deo
223 400 342 446 malo
365 416 454 444 non
479 398 563 444 erit
596 397 899 443 relistendum.
969 397 1110 460 Qod
1134 397 1162 443 si
1195 396 1333 443 etiam
1355 396 1528 442 causam
1553 411 1656 456 quze
1681 395 1870 439 Paulum

109 465 166 510 ad
188 464 219 509 h
235 480 285 510 ec
307 463 539 509 scribenda
556 459 792 521 impulerit
813 459 1037 533 respicias,
1084 461 1190 507 vide
1229 478 1284 506 ne
1308 461 1597 506 vehementer
1630 457 1708 504 hic
1747 459 1872 503 locus

107 541 266 574 contra
288 541 330 573 te
353 525 505 572 faciat.
573 514 758 586 Scripsit
777 525 897 570 enirn
922 526 1021 570 haec
1045 537 1092 572 ut
1116 526 1404 588 quorundam.
1425 525 1723 570 temeritatem
1747 523 1874 567 casti·

107 604 255 654 garet,
295 591 378 652 qui
401 588 663 653 negabant
651 589 842 649 imperia
865 590 1091 652 magistra
1098 606 1202 636 uum
1228 589 1491 635 Christianis
1514 590 1598 634 esse
1622 587 1874 634 necessaria.

109 656 233 702 Nam
257 671 359 700 cum
389 632 575 709 potestas
601 653 940 715 magistratuum
956 656 1039 700 adv
1045 655 1160 700 ersus
1180 655 1320 700 malos
1338 655 1389 700 sit
1410 667 1686 725 conparata,
1707 663 1754 696 ut
1775 666 1876 696 om-

109 736 187 766 nes
212 719 459 780 aequojure
474 719 754 770 νινετετηῂιι
781 723 818 762 &
841 720 1104 780 exemplum
1133 718 1316 779 justitiae
1339 718 1503 764 divine
1530 717 1620 763 int:
1628 734 1644 761 r
1668 714 1876 762 homines

106 796 376 855 remaneret,
406 784 581 828 nullum
604 781 700 840 ejus
726 781 849 827 usum
872 781 955 828 esse
989 782 1245 828 contendet)
1251 795 1342 834 int
1389 782 1503 828 inter
1528 782 1734 828 homines
1759 781 1873 825 adeo

107 863 136 892 a
161 848 376 893 vitiorum
402 845 616 909 contagio
640 844 828 898 alienos,
868 859 918 892 ut
959 847 1041 908 ipsi
1065 846 1146 892 fibi
1171 848 1242 892 lex
1280 847 1435 895 essent
1502 846 1647 893 Non
1637 847 1776 909 igitur
1798 844 1874 888 h'rc

110 907 276 957 Paulus
300 911 388 958 de
376 911 432 957 iis
456 913 536 974 qui
580 909 808 972 magistra-t
814 927 887 956 um
927 922 1093 973 geiunt
1135 911 1245 973 agit,
1289 910 1362 957 sed
1402 912 1458 956 de
1482 911 1574 972 ipso
1600 911 1874 973 magistratu,

108 974 198 1021 hoc
221 976 297 1030 est,
321 976 378 1022 de
400 974 633 1022 funffione
659 979 697 1019 ἅτ
719 975 869 1020 officio
891 991 1050 1022 eornm
1081 976 1161 1036 qui
1185 975 1283 1033 alii5
1308 991 1411 1037 prae
1406 975 1531 1020 sunt:
1574 992 1656 1022 nec
1679 976 1736 1020 de
1765 988 1872 1024 uno,

111 1052 190 1086 aut
211 1041 352 1087 altero
373 1058 538 1103 genere
564 1038 861 1112 magistratus,
902 1039 975 1085 sed
998 1041 1053 1085 de
1091 1038 1218 1084 omni
1241 1040 1384 1102 legiti.
1377 1040 1432 1084 ni
1478 1040 1757 1102 magistratus
1783 1036 1876 1081 for-

110 1121 221 1151 ma:
257 1121 339 1151 nec
377 1106 420 1151 ei
441 1104 677 1151 contentio
716 1105 776 1149 est
818 1119 921 1149 cnm
946 1103 1009 1150 eis
1033 1103 1111 1166 qui
1137 1105 1277 1150 malos
1302 1105 1581 1166 magist·⁴atus
1604 1101 1878 1151 coercendos

109 1181 290 1231 putant,
315 1168 388 1217 sed
410 1186 516 1216 cum
545 1167 808 1215 horninibus
830 1185 965 1214 omne
992 1168 1271 1231 magistratus
1309 1169 1552 1229 imperium
1585 1165 1878 1214 detreffiianti-

112 1234 228 1280 bus:
272 1234 353 1297 qui
390 1235 648 1280 libertatem
673 1232 761 1279 Ch
761 1233 970 1278 istianam
996 1233 1217 1278 abfui-‘de
1207 1246 1619 1294 lnterpretante8‚a
1596 1234 1877 1278 affirmabant

113 1296 357 1360 indignum
380 1300 463 1345 effe
484 1313 532 1344 ut
554 1298 636 1360 qui
654 1315 679 1343 a
702 1297 791 1343 Dei
816 1289 898 1343 Fil‘
887 1314 931 1343 10
954 1299 1090 1342 essent
1127 1297 1419 1359 enancipati‚
1459 1313 1484 1342 a
1509 1297 1596 1342 Dei
1618 1296 1785 1343 Sjiritu
1810 1310 1881 1338 re·

111 1379 344 1424 gerentur,
381 1363 461 1408 sub
488 1363 621 1408 ullius
660 1361 858 1408 hominis
883 1378 957 1423 po
947 1362 1100 1407 testate
1132 1362 1282 1406 effent.
1351 1362 1523 1407 Eorum
1547 1376 1668 1407 error
1672 1377 1741 1406 em
1766 1354 1881 1406 Pau-

112 1428 184 1471 lus
207 1439 253 1472 ut
281 1427 521 1480 refelleret,
546 1425 738 1472 ostendit
762 1425 1067 1486 magistratum
1093 1441 1187 1471 rem
1210 1426 1294 1470 effe
1317 1442 1409 1471 non
1433 1426 1570 1470 modo
1596 1427 1776 1477 bonam,
1806 1426 1845 1471 s.
1853 1422 1882 1467 d

106 1491 247 1536 etiam
273 1491 458 1545 sacram,
481 1507 644 1563 nempe
667 1485 759 1535 Dei
776 1490 1149 1536 ordinationem.
1186 1495 1225 1536 δε
1244 1486 1301 1535 ad
1322 1490 1370 1536 id
1390 1490 1641 1536 institutum
1665 1502 1711 1535 ut
1729 1490 1879 1537 homi⁴

113 1571 222 1601 num
247 1562 391 1602 coetus
416 1560 465 1605 &
486 1554 690 1601 civitates
715 1554 779 1600 ita
800 1567 906 1599 cont
911 1555 1155 1606 merentur,
1179 1566 1228 1600 ut
1253 1560 1292 1601 δε
1316 1553 1406 1601 Dei
1430 1554 1681 1600 beneficia
1671 1572 1716 1599 in
1737 1554 1776 1601 se
1799 1573 1882 1606 arr-

113 1618 364 1675 noscerent,
383 1627 430 1669 <Sc
450 1618 528 1665 alii
550 1620 608 1664 ab
626 1618 754 1664 aliis
742 1619 953 1681 injuriam
970 1618 1256 1665 abstinerent.
1326 1619 1422 1681 Qi
1454 1618 1503 1664 in
1526 1620 1698 1665 honore
1722 1622 1884 1666 consti-

96 1683 202 1729 ‘tuti
226 1686 379 1740 essent,
404 1682 532 1730 Deus
553 1685 708 1745 legum
734 1683 910 1730 suarum
927 1683 1047 1744 juffit
1069 1684 1152 1730 effe
1174 1683 1394 1729 custodes.

181 1744 355 1795 LXIV.
381 1749 521 1810 Qod
546 1749 610 1794 fi·
599 1764 723 1811 reges
750 1752 820 1808 (ut
842 1747 961 1806 sunt)
988 1749 1127 1794 bonas
1147 1748 1234 1794 effe
1257 1746 1494 1802 fateamur,
1520 1751 1557 1793 &
1582 1747 1784 1796 custodes
1808 1769 1886 1797 ea

99 1829 216 1858 ⁴rum
235 1813 409 1861 honore
423 1813 606 1875 dignos,
654 1819 694 1858 &
717 1813 950 1859 custodum
976 1829 1140 1859 munus
1179 1829 1273 1859 iem
1298 1814 1464 1858 bonam
1505 1816 1545 1857 δε
1571 1813 1727 1868 utilem
1753 1815 1886 1862 fateri

116 1883 353 1941 cogemur.
400 1880 460 1924 At
484 1877 697 1924 terribilis
720 1877 779 1923 est
803 1877 1119 1940 magistratus:
1151 1877 1316 1948 quibus
1339 1877 1520 1923 tandem
1547 1880 1564 1922 ?
1601 1876 1801 1933 bonisne,
1828 1898 1885 1927 an

117 1942 249 1988 r'nalis
274 1946 290 1989 ἓ
325 1943 461 1990 Bonis
487 1943 642 1988 terrori
667 1958 756 1988 non
779 1942 856 1995 est,
884 1957 930 1987 ut
952 1942 1032 2004 qui
1055 1941 1144 1988 ab
1134 1942 1300 2002 1njur1a
1321 1956 1397 1986 eos
1419 1953 1630 1988 tueatur:
1665 1943 1727 1988 fin
1755 1946 1884 1991 malis

116 2003 178 2052 est
201 2007 376 2062 terrori,
402 2006 517 2054 nihil
536 2008 593 2053 ad
617 2021 660 2053 te
682 2005 762 2068 qui
786 2002 957 2068 Spiritu
980 2004 1073 2054 Dei
1095 2006 1280 2068 regeris.
1349 2003 1443 2077 Qi
1447 2006 1476 2052 d
1499 2022 1609 2068 ergo
1631 2006 1742 2053 mihi
1765 2026 1881 2070 opus

120 2079 171 2117 ut
189 2073 466 2135 magistratui
484 2068 575 2118 iim
602 2069 877 2130 subjectus,
865 2071 1062 2133 inqeies,
1108 2072 1136 2116 si
1178 2069 1372 2116 Domini
1404 2070 1497 2116 sum
1520 2070 1708 2117 libertus
1729 2077 1747 2118 ?
1779 2076 1882 2119 Irno

119 2148 168 2180 ut
197 2149 240 2182 te
260 2113 456 2183 Domini
476 2133 689 2182 libertum
713 2135 893 2197 probes,
918 2153 1023 2198 pare
1046 2135 1141 2195 ejus
1162 2135 1388 2198 legibus:
1424 2134 1615 2198 Spiritus
1638 2136 1759 2182 enin
1783 2138 1886 2184 Do-

118 2199 234 2246 r'nini
256 2219 281 2247 a
310 2208 404 2264 quo
423 2213 466 2248 te
486 2200 600 2263 regi
601 2200 762 2261 jacias,
784 2200 909 2246 idem
935 2206 973 2247 Sc
1013 2202 1167 2262 legum
1201 2201 1261 2246 est
1298 2200 1430 2254 lator,
1478 2205 1516 2245 δε
1543 2199 1885 2262 magistratuum

117 2264 350 2334 probator,
378 2271 425 2315 &
447 2265 640 2328 parendi
659 2265 988 2327 magistratibus
1013 2266 1183 2311 auctor.
1251 2263 1400 2335 Igitur
1421 2263 1504 2312 δε
1492 2281 1538 2309 ιη
1562 2264 1645 2310 hac
1669 2280 1794 2326 parte
1814 2270 1884 2313 fa-

119 2321 207 2374 cile
230 2331 349 2376 inter
373 2347 452 2375 nos
471 2329 730 2383 conveniat,
756 2327 1051 2391 magistratu
1039 2345 1087 2374 m
1110 2327 1295 2390 optimis
1326 2328 1462 2374 etiam
1486 2328 1548 2374 ci
1547 2327 1743 2375 itatibu
1769 2347 1885 2393 opus

114 2394 221 2447 effe,
246 2411 444 2455 eumque
466 2394 592 2457 omni
616 2393 798 2438 honoris
823 2410 987 2456 genere
1011 2392 1389 2455 prosequendum.
1440 2394 1578 2455 Ouod
1603 2395 1628 2438 fi
1651 2394 1752 2455 quis
1774 2410 1885 2441 con-

116 2469 187 2503 tra
210 2457 384 2513 sentiat,
410 2475 513 2504 eum
522 2452 757 2510 insanum,
798 2457 1112 2510 intestabilem,
1137 2468 1273 2519 atque
1295 2455 1422 2508 omni
1444 2457 1665 2519 supplicio
1689 2459 1884 2523 dignum

117 2521 456 2569 existimamus:
487 2534 712 2584 repugnat
732 2521 854 2568 enim
879 2534 1032 2584 aperte
1050 2521 1142 2568 Dei
1168 2521 1392 2567 voluntati
1414 2538 1494 2584 per
1528 2522 1778 2584 Scripturas
1804 2541 1862 2570 no
1878 2553 1890 2563 ·

123 2585 167 2632 bi
173 2603 190 2632 s
214 2588 435 2634 revelatae.
507 2587 645 2648 Qod
668 2600 818 2632 autem
839 2587 895 2633 ad
916 2586 1198 2649 Caligulam,
1244 2587 1497 2641 Neronem,
1542 2587 1885 2661 Domitianum,

119 2653 169 2698 ὃς
192 2652 389 2726 reliquo}
426 2651 521 2712 ejus
556 2651 734 2715 generis
758 2645 1000 2713 Tyrannos
1026 2650 1225 2705 attinet3
1258 2665 1338 2696 cur
1359 2651 1551 2697 violati
1534 2652 1650 2712 Juris
1673 2652 1819 2699 divini
1845 2661 1884 2699 ἃς

121 2714 311 2762 humani
334 2722 483 2779 poenae
505 2724 595 2762 n'on
619 2716 815 2762 debeant
831 2714 954 2779 exigi
980 2719 996 2761 ?
1030 2714 1146 2762 nihil
1169 2715 1242 2761 hic
1264 2716 1386 2776 apud
1409 2716 1598 2761 Paulum
1622 2716 1777 2771 habes,
1804 2718 1886 2780 qui

121 2778 179 2825 de
200 2779 295 2842 ipsa
333 2781 672 2844 magistratuum
717 2780 948 2840 potestate,
994 2796 1085 2826 non
1123 2779 1180 2826 d'e
1204 2781 1333 2826 malis
1357 2781 1474 2826 male
1496 2781 1760 2860 potestatem
1784 2798 1887 2829 eam

121 2845 385 2904 gerentibus
408 2845 600 2891 disserat.
667 2844 772 2891 Nec
794 2846 825 2891 si
855 2847 911 2892 ad
935 2843 1064 2891 Pauli
1096 2844 1301 2907 regulam
1326 2844 1372 2890 id
1396 2861 1538 2907 genus
1562 2843 1608 2890 T
1612 2861 1887 2906 yrannorum

121 2908 371 2962 examines,
405 2911 595 2956 omnino
604 2908 898 2968 magistratus
919 2923 1066 2957 erunt.
1136 2910 1275 2972 Qod
1298 2909 1329 2955 fi
1351 2910 1453 2971 quis
1476 2910 1723 2956 contendat
1744 2911 1887 2957 malos

121 2971 260 3018 etiam
279 2972 512 3035 Principes
535 2974 619 3020 effe
639 2990 665 3019 a
686 2972 791 3021 Deo
810 2974 1060 3027 ordinatos,
1086 2971 1192 3019 vide
1216 2990 1271 3019 ne
1292 2973 1490 3035 captiosa
1512 2974 1566 3020 fit
1586 2974 1685 3020 haec
1721 2974 1886 3024 oratio.

105 3035 252 3082 *Deus
273 3037 392 3084 enim
416 3043 466 3084 ut
488 3039 608 3084 malo
616 3039 744 3084 nodo
767 3039 938 3085 malum
959 3037 1105 3100 (quod
1123 3037 1271 3097 aiunt)
1290 3054 1487 3084 cuneum
1505 3034 1757 3093 adhiberet,
1792 3056 1889 3086 ma-

120 3101 218 3147 lum
242 3100 475 3148 hominem
500 3099 629 3149 malis
651 3102 919 3165 puniend1s
907 3117 1088 3150 1nter1m
1118 3102 1335 3162 praeficit:
1368 3101 1442 3149 sed
1462 3102 1676 3149 humana-2
1700 3103 1887 3151 malitiae

121 3161 277 3211 Deum
298 3167 525 3214 auftorem
549 3166 650 3219 effe,
675 3177 811 3214 nemo
833 3168 961 3214 sanus
983 3165 1171 3213 audebit
1193 3166 1452 3214 affirmare:
1489 3167 1885 3230 quemadmodum.

124 3226 553 3278 animadvertendi
540 3248 586 3277 ιη
612 3232 753 3278 malos
791 3234 986 3280 eundem
1009 3232 1095 3277 effe
1114 3232 1339 3278 auctorem
1364 3239 1500 3279 nemo
1518 3235 1714 3296 ignorat.
1782 3233 1889 3280 Ma-

120 3290 330 3367 g'istratuJ
348 3303 538 3358 'quoque
555 3295 705 3343 bonus
727 3295 822 3344 fere
840 3298 1011 3344 malum
1042 3295 1278 3342 hominem
1317 3294 1465 3360 eligit,
1492 3297 1574 3358 qui
1612 3295 1665 3342 fit
1685 3298 1890 3346 carnifex

119 3357 173 3404 'in
195 3359 339 3420 poenis
364 3363 604 3407 noxiorum
626 3360 900 3426 repetendis.
967 3362 1107 3408 Hunc
1129 3360 1317 3422 quidem
1338 3361 1594 3408 carnificem
1615 3360 1696 3407 etfi
1718 3361 1886 3426 magis·

122 3431 265 3468 tratus
287 3423 344 3470 ad
365 3420 416 3470 id
436 3441 600 3471 munus
624 3421 817 3479 affumit,
842 3442 932 3472 non
955 3424 1161 3490 protinus
1196 3425 1238 3471 ei
1255 3424 1504 3487 impunitas
1521 3426 1730 3472 omnium
1752 3426 1889 3474 scele-

118 3492 226 3531 ‘rum
249 3479 499 3537 tribuitur·
485 3508 501 3547 3
542 3505 625 3538 nec
667 3489 940 3555 superiorem
974 3491 1058 3539 effe
1094 3489 1209 3547 vult,
1252 3505 1394 3553 quarn
1425 3502 1472 3540 ut
1494 3490 1708 3555 legibus
1691 3503 1891 3538 interro·

111 3549 222 3619 gari
238 3550 348 3615 posti
356 3565 388 3601 t
1738 3616 1889 3667 LXV·
