2043 3864
495 123 821 192 LrssER
911 123 1418 193 OCTAvusj
1708 147 1842 212 205

80 227 200 279 'eutis
230 224 472 275 occiditur.
542 216 826 273 Vallascum
849 220 877 268 ἒι
896 222 1051 272 fronte
1071 226 1234 274 acriter
1253 232 1551 290 premeretur,
1588 228 1629 273 8c
1652 225 1845 277 Bruffius

83 292 325 340 circumito
346 291 463 338 colle
486 288 513 335 a
534 300 664 351 tergo
684 286 964 342 immineret,
988 289 1225 338 ordinibus
1246 290 1398 354 quoad
1415 288 1464 336 in
1485 287 1567 336 tali
1587 306 1738 339 rerum
1761 296 1843 342 sta-

81 368 133 407 tu
155 370 332 420 poterat
350 371 440 402 non
460 351 753 415 perturbatis,
776 353 899 398 retro
922 364 1041 400 trans
1063 355 1334 402 Carrontem
1357 370 1537 402 amnem
1559 354 1690 419 abiit.

153 422 332 469 XXIII.
365 417 438 464 Ibi
459 415 640 476 objeao
664 416 855 463 flumine
873 431 978 463 cum
998 423 1036 464 &
1050 418 1091 465 se
1114 431 1329 473 tueretur,
1344 423 1392 469 δε
1411 419 1625 481 sparsose
1646 420 1757 486 fuga
1778 439 1849 468 re-

87 486 325 548 colligeret
342 479 510 528 Bruffio
529 481 816 543 colloquium
838 481 1015 545 petenti
1034 499 1127 530 non
1147 483 1323 530 abnuit.
1370 484 1490 531 Cum
1515 483 1598 531 soli
1615 484 1708 532 fine
1728 486 1850 533 arbi-

84 551 185 604 tris,
206 564 298 611 qua
314 545 484 591 flumen
504 546 760 607 angustiore
778 547 909 592 alveo
926 547 1126 608 praealtis
1143 547 1254 610 ripis
1268 549 1448 612 cogitur
1461 566 1517 596 ex
1534 549 1718 610 adverso
1739 566 1852 599 con-

79 613 400 665 stitiffent5-tum
416 608 609 656 Brussius
632 610 757 672 prior
774 609 932 657 mirari
952 609 994 657 se
1020 610 1100 665 ait,
1123 613 1238 674 quid
1252 614 1401 660 Vallae
1423 614 1470 662 in
1489 625 1690 661 mentem
1711 632 1850 670 vene-

77 678 156 731 rit,
179 689 228 723 ut
245 674 512 738 plaebeculae
532 673 709 722 incerto
732 675 886 722 favore
905 675 1080 722 ablatus
1102 689 1261 723 contra
1281 678 1458 741 Regem
1479 679 1575 740 ejus
1599 679 1743 727 aetatis
1764 687 1852 744 po-

78 739 391 794 tentissimum,
412 738 622 785 maximis
645 739 783 786 etiam
802 740 1043 788 Scotorum
1066 740 1247 788 auxiliis
1268 741 1512 790 subnixum
1529 744 1615 791 sese
1633 743 1852 808 periculis

78 804 244 852 affidue
267 802 485 864 objiciat:
519 803 660 864 idque
683 804 814 851 nullo
835 804 972 852 tantis
993 804 1228 853 laboribus
1250 823 1400 869 operae
1422 809 1578 871 precio
1600 811 1848 872 propofitofl

79 860 249 932 Neque
266 868 387 915 enim
413 868 444 913 fi
466 869 733 916 Eduardum
755 868 928 924 vincat,
970 870 1129 918 Scotos
1153 883 1354 933 unquam
1384 873 1427 920 ei
1448 890 1640 936 regnum
1666 875 1852 936 permis-

81 935 203 981 suros
229 951 240 979 z
277 949 426 995 neque
456 933 488 979 fi
503 931 598 996 ipse
621 933 844 990 vincatur,
870 935 1019 981 ullum
1041 935 1259 999 supereffe
1278 936 1568 1001 perfugium,
1591 938 1673 985 nisi
1693 939 1743 986 in
1765 939 1856 986 mi-

78 996 324 1045 sericordia
343 996 538 1044 inimici.
608 998 699 1045 Cui
722 1000 880 1047 Vallas
907 1017 918 1045 :
951 1001 1054 1063 Ego
1087 1017 1342 1062 nunquam,
1375 1002 1547 1064 inquit,
1571 1002 1703 1050 istum
1725 1004 1857 1050 labo-

78 1064 141 1111 ris
163 1062 255 1109 mei
276 1062 412 1109 finem
435 1061 552 1109 mihi
573 1063 806 1127 proposui,
828 1076 876 1110 ut
896 1079 1092 1127 regnum
1111 1065 1227 1111 mihi
1249 1082 1473 1127 pararem,
1491 1067 1617 1129 quod
1641 1084 1729 1115 nec
1752 1084 1855 1116 mea

84 1126 267 1175 fortuna
286 1126 426 1190 capit,
454 1142 540 1180 nec
558 1127 734 1175 animus
756 1128 886 1191 cupit
910 1147 922 1175 :
954 1128 1031 1174 sed
1048 1144 1153 1175 cum
1174 1129 1295 1176 cives
1319 1146 1444 1177 meos
1465 1132 1624 1186 vestra,
1663 1132 1720 1179 ad
1739 1149 1856 1196 quos

81 1208 278 1255 regnum
293 1192 395 1253 jure
411 1191 596 1254 speetu,
615 1190 803 1256 ignavia
813 1192 1066 1239 re&oribus
1083 1193 1318 1241 destitutos
1335 1195 1543 1243 viderem
1561 1194 1678 1242 hosti
1693 1196 1860 1244 imma·

84 1256 260 1303 niffimo
281 1272 373 1303 non
401 1255 450 1302 in
472 1255 752 1312 servitutem,
789 1257 865 1303 sed
887 1257 1116 1304 lanienam
1138 1257 1359 1320 objeEtos,
1393 1275 1555 1306 eorum
1584 1258 1731 1307 vicem
1761 1261 1858 1309 sum

84 1320 334 1376 miseratus,
359 1323 407 1370 ὃς
428 1320 603 1369 causam
641 1320 668 1367 a
689 1321 821 1369 vobis
844 1322 1068 1369 desertam
1090 1322 1275 1386 suscaepi
1314 1342 1325 1370 ;
1362 1340 1558 1386 quorum
1577 1323 1857 1381 libertatem,

84 1383 306 1440 fortunas,
332 1390 372 1432 δε
391 1384 756 1441 incolumitatem
786 1403 880 1434 non
902 1386 1028 1450 prius
1051 1387 1267 1443 deseram,
1292 1387 1433 1452 quam
1455 1388 1552 1436 vita
1572 1405 1646 1436 me
1669 1389 1858 1438 deserat.

84 1450 202 1504 Vos,
245 1448 412 1512 quibus
450 1451 601 1513 potior
623 1452 684 1498 est
705 1451 851 1515 turpis
874 1468 981 1499 cum
1002 1452 1239 1500 securitate
1260 1453 1465 1510 servitus,
1499 1453 1641 1516 quam
1674 1453 1862 1504 honesta

81 1528 187 1560 cum
209 1514 411 1576 periculo
432 1515 636 1571 libertaS,
650 1515 796 1572 istam,
817 1533 958 1579 quam
972 1517 1130 1581 magni
1144 1518 1389 1574 aestimatis,
1408 1517 1640 1566 fortunam
1655 1521 1861 1583 amplec-

82 1577 264 1625 tamini.
284 1619 287 1623 <
329 1579 432 1642 Ego
454 1579 503 1625 in
524 1580 672 1642 patria
691 1580 807 1644 saepe
828 1581 1012 1628 defensa
1031 1583 1166 1638 liber,
1191 1588 1231 1629 &
1253 1582 1400 1630 libens
1424 1583 1594 1630 moriar
1625 1601 1636 1630 ε
1678 1600 1764 1631 nec
1783 1601 1863 1632 me

83 1643 211 1704 prius
237 1643 535 1705 ejus-caritas,
560 1660 698 1706 quam
722 1647 818 1691 vita
838 1646 1084 1708 relinquet.
1149 1648 1221 1692 Ita
1239 1646 1388 1694 soluto
1409 1648 1644 1711 colloquio
1667 1660 1861 1712 uterque

83 1706 144 1752 ad
160 1706 260 1753 suos
281 1707 433 1753 rediit.
501 1708 609 1754 Hoc
629 1709 840 1771 praejium
859 1710 1025 1757 incidit
1040 1709 1090 1757 in
1110 1710 1404 1764 undecimum
1425 1712 1652 1760 Calendas
1676 1713 1861 1777 Augus-

83 1768 124 1815 ti
145 1769 192 1816 in
213 1786 307 1832 quo
329 1770 595 1818 ceciderunt
616 1788 640 1819 e
664 1771 813 1820 Scotis
835 1774 967 1836 supra
983 1775 1144 1822 decem
1166 1774 1316 1822 millia
1340 1795 1351 1823 ε
1384 1776 1433 1823 in
1455 1775 1525 1822 his
1549 1777 1575 1823 ὲ
1592 1779 1861 1841 proceribus

85 1833 312 1881 clarissimi
333 1836 526 1882 Ioannes
550 1837 776 1892 Stuartus,
802 1840 1067 1885 Macduffus
1089 1839 1203 1886 Fifae
1226 1841 1414 1895 Comes,
1440 1844 1487 1890 &
1511 1857 1568 1887 ex
1590 1841 1689 1888 acie
1706 1843 1860 1890 Vallae

83 1898 280 1944 Ioannes
300 1899 500 1945 Gramus
521 1901 769 1948 secundum
791 1902 938 1966 ipsum
961 1904 1147 1949 Vallam
1167 1905 1409 1951 Scotorum
1439 1904 1580 1967 longe
1599 1905 1862 1955 tortiffimus

66 1959 286 2009 habitus.
354 1964 424 2008 Ex
446 1964 613 2026 Anglis
635 1966 794 2012 Frerus
818 1966 1060 2030 Briangius
1081 1967 1130 2014 in
1152 1984 1199 2014 re
1222 1968 1411 2015 militari
1432 1970 1555 2032 apud
1578 1969 1679 2016 suos
1700 1972 1862 2035 magni

85 2026 303 2073 nominis.
343 2027 443 2073 Post
462 2028 697 2076 infelicem
717 2047 923 2094 pugnam
942 2032 1101 2078 Vallas
1120 2048 1227 2079 cum
1249 2034 1469 2080 Perthum
1491 2034 1694 2090 venisset,
1718 2036 1860 2084 dimi-

85 2088 142 2135 fit
161 2090 412 2137 exercitum
436 2108 447 2137 t
484 2104 623 2155 atque
641 2094 847 2150 invidiae,
867 2094 942 2142 cui
960 2095 1002 2142 se
1018 2097 1242 2159 imparem
1261 2098 1497 2154 sentiebat,
1523 2099 1674 2147 ceffit:
1708 2117 1862 2164 neque

83 2154 181 2216 post
201 2170 307 2201 eum
329 2155 452 2202 diem
477 2159 549 2218 (1)
574 2174 658 2220 pro
676 2158 872 2222 imperio
893 2161 1143 2224 quicquam
1161 2162 1305 2226 geffit.
1372 2164 1553 2227 Anglos
1576 2177 1730 2212 tamen
1751 2181 1859 2214 cum

84 2216 336 2266 amicorum
356 2221 544 2269 cohorte
564 2238 668 2285 quae
691 2224 903 2272 abdicato
925 2226 1210 2289 magistratus
1232 2228 1420 2276 nomine
1441 2229 1617 2293 semper
1637 2229 1682 2276 ei
1702 2231 1858 2277 adhae,

86 2280 154 2336 fit,
179 2283 359 2347 quoties
378 2284 444 2331 rei
467 2286 582 2334 bene
603 2289 817 2351 gerendae
839 2289 881 2336 se
902 2292 1123 2338 offerebat
1145 2293 1318 2340 occasio
1340 2293 1515 2355 semper
1546 2293 1732 2341 infestus
1752 2311 1860 2358 pre-

84 2347 253 2396 mebat.
320 2349 561 2397 Eduardus
584 2355 688 2415 post.
714 2370 877 2417 agrum
911 2366 1032 2401 trans
1071 2356 1290 2404 Fortham
1313 2358 1528 2405 Perthum
1567 2358 1704 2421 usque
1730 2359 1861 2407 omni

85 2410 214 2469 clade
235 2412 348 2460 belli
371 2415 587 2461 vastatum
611 2418 817 2480 recaeptis
841 2419 892 2465 in
917 2420 1071 2476 fidem,
1103 2420 1184 2485 qui
1211 2435 1338 2469 metu
1359 2421 1592 2487 praesentis
1613 2423 1733 2471 nihil
1756 2440 1859 2472 mo-

85 2490 190 2521 vere
211 2478 458 2533 audebant,
480 2481 731 2528 exercitum
755 2483 954 2530 reduxit.

150 2541 329 2589 XXIV.
362 2543 399 2588 E
423 2544 587 2600 Scotis,
625 2546 706 2609 qui
726 2548 885 2608 patriae
913 2547 1117 2597 libertati
1138 2550 1393 2608 studebant,
1420 2552 1517 2616 post
1538 2551 1676 2600 hostis
1697 2552 1857 2602 disces-

85 2601 181 2650 sum
203 2606 393 2667 paulum
415 2608 605 2655 recreati
628 2612 697 2670 (z)
723 2614 943 2659 loannem
963 2615 1232 2662 Cominium
1250 2617 1480 2675 juniorem
1498 2617 1675 2670 faciunt
1695 2619 1857 2666 Prore-

0 2673 12 2747 ’ὀ
58 2690 61 2692 ·
80 2684 208 2732 gem.
276 2671 320 2715 Is
342 2672 400 2718 de
418 2673 602 2720 concilii
623 2674 845 2723 sententia
861 2678 920 2725 ad
937 2679 1205 2742 Philippum
1226 2682 1460 2729 Valefium
1482 2682 1742 2730 Galliarum
1761 2685 1860 2735 Re-'

80 2748 187 2796 gem
217 2733 392 2796 legatos
426 2737 562 2791 misit,
601 2739 809 2801 quicum
837 2758 892 2788 eo
915 2758 1120 2806 agerent,
1166 2757 1216 2792 ut
1257 2763 1338 2807 per
1371 2747 1585 2801 sororem,
1617 2756 1723 2811 quae
1753 2760 1853 2796 tum

81 2797 298 2844 Eduardo
319 2811 414 2845 erat
436 2801 648 2864 desponsa
666 2803 820 2852 saltem
842 2807 1050 2854 inducias
1064 2809 1324 2865 obtineant.
1390 2813 1499 2874 Ejus
1522 2828 1662 2874 opera
1680 2813 1730 2859 in
1752 2812 1853 2875 sep-

32 2866 38 2873 ’
83 2871 175 2925 tem
199 2862 368 2908 menses
390 2863 644 2927 impetratae
668 2887 679 2915 :
714 2885 797 2917 nec
821 2883 974 2919 tamen
997 2873 1117 2920 bona
1139 2875 1227 2921 fide
1250 2876 1447 2923 servatae.
1512 2869 1641 2923 'Nam
1674 2877 1852 2939 legatos

90 2925 147 2972 ad
170 2926 457 2975 Bonifacium
479 2933 689 2979 oetavum
719 2934 866 2982 missos
889 2937 1035 3001 Angli
1054 2938 1357 2995 retinuerunt,
1389 2951 1526 3004 atque
1547 2939 1597 2988 in
1625 2956 1851 2988 carcerem

84 2990 391 3060 conjecerunt.
460 2994 585 3041 Scoti
601 2996 789 3054 interea,
813 3001 895 3063 qui
917 3018 1001 3047 nec
1024 3003 1312 3064 tyrannidem
1335 3005 1591 3068 Anglorum
1616 3005 1747 3061 ferre,
1768 3019 1853 3052 nec

87 3068 332 3103 immanem
348 3057 550 3105 Eduardi
569 3061 774 3109 animum
793 3063 1023 3127 suppliciis
1041 3067 1260 3122 exatiare,
1285 3083 1370 3114 nec
1386 3085 1544 3130 pacem
1566 3085 1743 3132 aequam
1762 3070 1852 3116 im-

0 3132 10 3161 :
121 3130 262 3167 etrare
300 3134 527 3182 poterant,
567 3123 797 3175 obstinatis
836 3130 1000 3176 animis
1034 3132 1091 3178 ad
1135 3132 1345 3178 ultimam
1374 3133 1716 3189 dimicationem
1739 3134 1867 3183 citra.

102 3198 210 3244 pem
230 3186 374 3231 veniae
397 3185 438 3233 se
460 3202 742 3249 comparant.
809 3191 1013 3241 Primum
1046 3212 1207 3242 omnes
1245 3196 1449 3244 Eduardi
1485 3198 1741 3260 praefestos,
1767 3201 1864 3265 qui2

138 3323 200 3373 (1)
229 3327 284 3362 As
303 3325 448 3361 warden
467 3325 512 3361 of
529 3325 717 3376 Scotland‚
736 3333 806 3369 and
824 3337 935 3379 gene·
990 3342 1248 3383 countryman,
1267 3334 1432 3374 without
1457 3337 1615 3386 publick
1641 3341 1849 3394 authority.

0 3349 6 3394 ἶ
83 3376 138 3416 tal
155 3379 199 3415 of
210 3378 272 3416 the
292 3389 396 3426 army
421 3378 580 3427 fighting
599 3380 657 3417 for
672 3381 732 3421 his
749 3386 934 3434 country's
987 3388 1088 3424 Vide
1105 3401 1183 3436 cap.
1202 3389 1262 3425 18.

86 3426 259 3476 libertie3‚
281 3429 407 3467 which
425 3431 532 3469 office
543 3434 712 3473 Wallace
728 3437 801 3475 had
821 3438 932 3477 borne
1040 3442 1105 3491 (2)
1135 3443 1245 3478 Some
1266 3441 1409 3480 writers
1434 3444 1506 3481 call
1534 3443 1617 3485 him
1641 3448 1746 3500 John
1763 3419 1850 3488 Eu-

8 3535 11 3539 .
85 3479 220 3530 before,
241 3486 307 3522 but
332 3495 417 3520 now
434 3484 481 3521 he
509 3485 658 3524 became
685 3503 723 3528 as
747 3505 766 3530 a
793 3491 933 3540 private
987 3494 1089 3532 mine
1107 3496 1239 3532 master
1256 3496 1526 3547 osBadenoch.

0 3543 9 3556 2

87 3543 189 3582 nun,
205 3541 275 3576 and
293 3535 395 3574 what
423 3537 472 3575 he
490 3538 552 3577 did
581 3553 652 3578 was
681 3558 716 3582 as
745 3560 764 3582 a
793 3545 931 3596 private

1681 3662 1753 3710 An
1759 3662 1869 3728 gli-3.
