2055 3828
176 174 310 237 240
510 153 1646 231 RssRuMScoa-rcranum

175 268 249 300 am
272 254 510 303 intrarunt.
578 255 787 300 Alterum
810 250 1005 299 ducebat
1027 251 1327 306 Monfortius‚
1347 253 1535 302 alterum
1551 257 1802 308 Richardus
1824 261 1943 312 Ta!-

171 317 328 366 botus.
394 319 513 366 Cum
535 314 790 363 Monfortio
812 317 1066 387 congr-effus
1103 316 1174 378 (1)
1199 316 1469 366 Laurentius
1498 319 1748 371 Prestonius
1768 327 1940 374 exerci-

174 392 273 445 tum
295 383 411 431 duce
433 381 543 428 caeso
565 378 763 441 graviter
784 378 987 430 concidit
1010 398 1020 427 z
1062 379 1156 444 ipse
1177 381 1314 444 paulo
1335 383 1433 444 post
1467 381 1493 429 ὲ
1514 384 1701 433 vulnere
1716 386 1899 438 'decessit
1922 410 1937 440 z

172 445 312 494 amisii
335 446 463 493 ducis
484 445 595 489 iram
620 441 747 489 miles
769 442 1020 490 inhumana
1038 443 1321 508 captivorum
1344 446 1468 493 caede
1502 446 1693 496 satiavit.
1759 450 1939 501 Talbo-

172 520 246 557 tus
271 527 295 556 a
316 510 384 569 (2)
411 505 652 553 Gulielmo
687 507 843 554 Ketho
871 508 1024 555 deleto
1046 508 1249 555 exercitu
1270 520 1429 576 captus
1449 527 1460 556 τ
1484 510 1785 561 nihilominus
1807 517 1944 565 dura-

171 572 242 621 vit
259 573 431 618 obfidio
457 570 699 618 Dumbari.
768 571 892 618 Mari
915 571 972 618 ab
994 573 1160 636 Anglis
1197 572 1440 620 intercluso
1474 589 1810 626 commeatuum
1836 597 1942 654 poe-

171 637 302 684 nuria
323 651 436 695 pene
454 634 642 680 obseffos
664 634 825 681 afflixit
849 654 858 682 :
897 651 948 682 ac
971 637 1129 698 procul
1152 634 1295 683 dubio
1313 636 1468 685 dedita
1503 637 1651 688 suiss‘et
1671 658 1768 698 arx,
1802 660 1849 690 m
1872 646 1940 695 A·

167 700 385 748 lexander
406 698 654 745 Ramisaeus
676 699 839 746 audaci
861 697 1066 763 incoepto
1087 700 1134 748 in
1164 712 1369 763 tempore
1390 701 1671 753 subvenisset.
1738 707 1781 753 ls
1805 712 1938 757 noste

171 766 242 824 (3)
265 763 529 824 intempesta
552 765 623 824 (4)
649 763 706 809 ad
729 779 876 810 arcem
899 763 1118 826 deceptis,
1142 764 1223 827 qui
1244 764 1290 812 in
1310 765 1379 830 (ς)
1402 766 1662 816 triremibus
1684 768 1940 820 Genuenli-

168 844 245 873 um
267 825 543 874 maritimum
560 827 674 872 latus
692 820 1004 882 observabant,
1020 844 1180 875 navem
1196 829 1328 890 (6)ad
1342 845 1490 877 arcem
1505 832 1754 894 applicuit:
1774 839 1813 880 &
1828 851 1941 898 qua-

165 890 380 953 draginta
400 889 582 937 selefios
605 890 742 944 viros,
765 890 1131 954 commeatusque
1154 908 1366 955 magnam
1388 894 1483 941 vim
1503 895 1724 958 exposuit.
1793 897 1940 948 Dein.

167 956 225 1001 de
245 954 438 1016 praesidii
464 967 588 1017 parte
613 954 669 1000 ad
693 954 789 1002 suos
814 954 1026 1015 adjuncta
1047 955 1222 1002 filentio
1246 957 1390 1003 noftis
1411 973 1516 1006 cum
1537 956 1716 1024 ingenti
1741 965 1944 1012 tumultu

165 1020 216 1064 in
238 1018 403 1080 vigi'es
428 1019 684 1081 Anglorum
724 1016 854 1064 irruit
877 1037 886 1064 ;
933 1035 984 1066 ae
1013 1036 1180 1082 magna
1207 1020 1332 1066 caede
1350 1020 1589 1069 hominum
1620 1024 1735 1072 nibil
1769 1026 1938 1082 minus,

164 1080 305 1144 quam
325 1081 610 1146 eruptionem
636 1081 661 1127 ὲ
684 1099 825 1145 prope
849 1082 976 1129 vistis
997 1083 1255 1147 timentium
1276 1083 1408 1139 fafta,
1428 1085 1637 1148 proxima
1651 1089 1781 1137 noste
1810 1092 1942 1153 aeque

163 1148 373 1193 occultus
396 1159 533 1209 atque
554 1159 736 1193 venerat
759 1145 960 1193 discessit.
1040 1149 1178 1195 Sexto
1196 1147 1381 1195 demum
1406 1150 1552 1198 mense
1572 1151 1750 1225 Anglos
1773 1153 1939 1218 fatiga-

167 1223 254 1266 tos,
298 1227 348 1257 ac
372 1210 529 1258 ftustra
563 1210 719 1257 omnia
738 1224 948 1273 expertos
981 1224 1222 1258 revocante
1260 1212 1313 1258 ad
1352 1212 1523 1261 bellum
1548 1215 1783 1263 Gallicum
1810 1218 1940 1285 Rege

166 1274 597 1321 Dumbari‘obfidio
623 1274 764 1321 soluta
782 1276 857 1321 est.
908 1276 1112 1322 Andreas
1136 1275 1373 1323 Moravius
1396 1277 1539 1348 patria
1568 1294 1710 1343 prope
1733 1284 1935 1346 peregri-

165 1355 227 1385 no
249 1338 395 1385 milite
416 1339 607 1385 liberata
629 1339 827 1400 primum
855 1339 1118 1394 Sterlinum,
1142 1339 1308 1387 deinde
1330 1341 1664 1406 Edtmburgum
1696 1360 1944 1408 oppugna-

150 1412 213 1449 ‘rc
232 1405 290 1450 est
305 1403 547 1466 aggressus,
564 1402 636 1452 sed
658 1401 869 1465 utrinque
889 1420 933 1450 re
955 1403 1123 1451 infecia
1143 1403 1332 1451 disceflit
1351 1423 1362 1451 z
1396 1418 1554 1467 pacata
1572 1421 1722 1455 tamen
1747 1409 1935 1458 Lothia-

163 1482 241 1521 na,
263 1472 308 1518 ὅ(
333 1467 379 1513 in
404 1467 539 1513 fidem
565 1467 704 1528 Regis
728 1480 922 1529 recepta.
980 1468 1159 1514 Interea
1179 1468 1332 1514 animo
1356 1471 1544 1531 paulum
1564 1468 1591 1516 a
1609 1471 1841 1521 laboribus
1864 1492 1935 1523 re-

163 1531 334 1583 laxato,
357 1531 469 1577 dum
492 1530 567 1576 sua
588 1529 922 1577 transmontana
943 1532 1113 1594 praedia
1134 1531 1352 1578 intervifit
1373 1533 1534 1582 morbo
1554 1534 1680 1597 gravi
1706 1552 1939 1599 correptus

164 1594 342 1640 deceffit
367 1613 378 1640 :
413 1608 548 1656 atquc
571 1595 626 1639 ad
651 1593 989 1640 Rosmarchiam
1011 1594 1216 1656 sepultus
1237 1594 1458 1642 summum
1478 1598 1601 1660 apud
1614 1614 1773 1647 omnes
1794 1600 1938 1649 bonos

163 1657 433 1705 desiderium
456 1657 519 1703 sui
543 1656 742 1718 reliquit.
810 1658 986 1704 Tantas
1008 1659 1130 1705 enim
1152 1676 1219 1705 res
1244 1657 1430 1706 biennio
1452 1676 1502 1706 ac
1526 1660 1737 1718 semestri,
1770 1664 1938 1726 quibus

162 1721 209 1768 in
235 1721 490 1785 magistratu
512 1721 614 1776 fuit,
638 1721 780 1784 geffit,
804 1733 851 1768 ut
872 1720 1118 1770 suffessurae
1136 1721 1376 1784 cujussibet
1398 1724 1555 1788 magni
1577 1724 1706 1772 ducis
1729 1728 1850 1775 aetati
1868 1729 1939 1776 vi-

162 1787 394 1834 derentur.

228 1851 405 1898 XXVI.
473 1849 571 1895 Post
591 1865 695 1896 eum
720 1850 924 1897 Stuartus
946 1849 1113 1897 Prorex
1136 1849 1239 1905 suit,
1264 1850 1403 1914 usque
1424 1852 1481 1900 ad
1501 1852 1693 1902 Davidis
1728 1853 1753 1901 ὲ
1779 1856 1936 1906 Gallia

163 1915 381 1962 reditum.
425 1913 699 1961 Adolescens
723 1914 871 1960 adhuc
897 1914 1051 1961 multis
1073 1915 1243 1978 praeliis
1261 1915 1436 1962 levibus
1456 1932 1513 1964 eo
1535 1934 1655 1965 anno
1675 1918 1771 1980 ejus
1789 1920 1940 1981 auspi-

158 1978 245 2026 ciis
264 1995 345 2042 per
367 1977 658 2026 Gulielmum
693 1978 977 2041 Duglassium
1001 1978 1134 2042 gestis
1161 1978 1301 2026 victor
1324 1980 1473 2035 evasit,
1504 1997 1589 2028 nec
1609 1982 1698 2029 fine
1733 1985 1938 2034 maximo
2023 1989 2037 2000 ”

161 2042 389 2106 Duglaffii
410 2040 685 2095 discrimine,
710 2046 755 2090 δι
781 2041 950 2088 crebris
972 2042 1252 2090 vulneribus.
1325 2043 1450 2091 Nam
1474 2045 1652 2108 Anglos
1672 2047 1696 2093 ὲ
1720 2047 1940 2097 Teviotia

155 2106 342 2168 expulit
364 2124 376 2153 :
410 2110 450 2152 δι
471 2104 518 2150 in
543 2105 720 2152 Lidalia
749 2104 1118 2169 Heremitagium
1142 2106 1295 2169 caepit,
1321 2108 1583 2171 magnisque
1606 2112 1935 2160 commeatibus

159 2172 221 2219 de
243 2171 365 2218 hoste
387 2170 443 2216 ad
462 2169 744 2216 Mulrossiam
763 2169 906 2233 captis
927 2169 1246 2217 communivit·
1315 2171 1434 2221 Cum
1461 2172 1797 2230 Berclaioadeo
1816 2191 1934 2231 acre,

155 2251 216 2282 ac
239 2235 446 2297 pertinax
468 2246 699 2281 certamen
733 2232 855 2288 iniit,
893 2246 942 2279 ut
962 2233 1040 2280 vix
1076 2232 1169 2297 ipse
1207 2250 1312 2280 cum
1338 2234 1480 2282 tribus
1513 2236 1774 2293 comitibus,
1797 2239 1940 2303 idque

162 2299 388 2346 beneficio
411 2296 554 2346 noEiis
570 2296 773 2345 evaserit.
818 2296 1003 2345 Ioannis
1025 2296 1209 2345 Sterlini
1223 2298 1386 2370 copias·
1396 2315 1656 2364 quanquam
1675 2303 1803 2366 gravi
1822 2320 1941 2368 prae-

160 2362 228 2410 lio
240 2362 488 2415 devicisset,
508 2374 658 2410 tamen
677 2360 737 2409 ab
753 2362 914 2411 eodem
929 2361 1055 2408 brevi
1073 2362 1169 2424 post
1188 2378 1330 2425 prope
1348 2377 1682 2412 circumventus
1704 2365 1807 2414 fu't.
1843 2369 1938 2416 Ve-
1999 2366 2003 2373 ’

160 2443 267 2474 rum
286 2443 344 2474 ex
360 2425 601 2490 inopinato
623 2426 820 2474 tumultu
844 2425 885 2473 se
906 2425 1130 2498 colligens
1150 2425 1247 2496 poli
1264 2426 1529 2499 acerrimam
1553 2445 1753 2493 pugnam
1782 2430 1941 2478 Sterli-

161 2507 274 2538 num
295 2491 471 2539 victum
493 2489 540 2537 fu
578 2489 670 2538 avit
694 2509 705 2537 :
739 2489 930 2553 triginta
956 2501 1179 2538 comitum
1206 2503 1302 2549 ejus
1322 2502 1552 2538 mteremit
1584 2511 1595 2538 z
1634 2493 1940 2559 quadraginta
2008 2503 2012 2506 '

161 2554 296 2602 vivos
313 2556 463 2617 caepit.
531 2507 773 2601 gulielmo
795 2554 1097 2609 Abernethio,
1121 2552 1148 2600 a
1167 2569 1262 2617 quo
1283 2553 1528 2617 quinquies
1548 2572 1638 2602 uno
1659 2556 1735 2605 die
1756 2556 1939 2623 fugatus
2000 2559 2015 2592 s

163 2618 331 2672 fuerat,
349 2617 414 2664 ita
435 2618 608 2672 institit,
632 2630 684 2664 ut
705 2620 1010 2673 anteznoc‘iem
1032 2619 1152 2665 caefis
1170 2617 1383 2665 omnibus
1404 2619 1500 2679 ejus
1521 2618 1765 2668 comitibus
1791 2621 1940 2686 ipsum
2017 2628 2029 2667 ζ

165 2677 316 2729 secum
340 2680 573 2744 captivum
596 2681 854 2729 abduxerit.
907 2683 1011 2729 Nec
1029 2682 1208 2728 minore
1224 2680 1441 2729 felicitate
1461 2683 1754 2731 Laurentium
1778 2687 1823 2733 V
1826 2687 1940 2734 ausi·
2007 2734 2010 2737 ,

166 2762 247 2793 um
265 2744 499 2793 bominem
521 2745 746 2791 strenuum
767 2744 951 2793 devicit.
1001 2745 1215 2793 Tandem
1229 2745 1287 2792 ad
1308 2745 1536 2793 Davidem
1557 2749 1735 2811 Regem
1754 2749 1801 2798 in
1822 2751 1940 2808 Gal.

164 2809 276 2857 liam
296 2808 432 2864 abiit,
455 2820 506 2856 ut
526 2824 632 2854 eum
652 2808 710 2855 de
732 2809 843 2856 statu
863 2825 1012 2856 rerum
1033 2806 1262 2857 edoceret.
1867 2825 1874 2830 ·

233 2874 442 2922 XXVII.
475 2871 694 2921 Proximo
721 2889 858 2926 anne,
881 2872 964 2935 qui
996 2871 1085 2919 fuit
1113 2889 1248 2936 1339,
1275 2873 1479 2921 Stuartus
1508 2856 1703 2922 fortunae
1725 2888 1844 2924 ratus
1867 2876 1943 2926 in·
1994 2923 2004 2936 ,

165 2937 374 2985 standum
397 2938 556 2985 coacto
577 2935 777 2983 exercitu
796 2937 1011 2984 Perthum
1033 2951 1300 3000 oppugnare
1329 2952 1355 2983 a
1390 2936 1596 3000 greditur
1613 2939 1940 3002 quadrifariam

166 2999 324 3047 divisis
343 2999 518 3048 viribus
547 3018 559 3047 ε
603 2999 678 3047 sed
702 2999 868 3062 Anglis
901 2999 1064 3047 acriter
1085 2999 1311 3063 oppidum
1380 3001 1696 3049 efendentibus
1730 3019 1822 3056 non
1845 3004 1940 3054 fine
1989 3005 1994 3011 ’

167 3062 436 3111 vulneribus
451 3063 641 3125 fejeEius
662 3062 765 3110 fuit.
786 3064 949 3111 Tertio
971 3064 1157 3111 demum
1179 3063 1425 3112 obsidionis
1447 3063 1596 3112 mense
1615 3081 1760 3138 prope
1779 3066 1867 3114 des
1888 3084 1948 3141 eq

168 3125 375 3174 rantibus
396 3127 456 3176 de
487 3127 680 3190 thecess'u
701 3127 970 3192 Duglassius-
989 3127 1245 3189 supervenit
1273 3127 1478 3192 quinque
1510 3128 1713 3192 piraticis
1747 3130 1849 3178 navi
1887 3147 1940 3180 us
1992 3138 2009 3171 ’π

167 3189 425 3248 conductis,
441 3207 544 3255 quae
562 3190 814 3261 machinas,
836 3202 975 3255 atque
995 3190 1172 3254 aliquid
1194 3191 1397 3240 militum
1418 3191 1733 3242 adduxerunt.'
1782 3194 1941 3259 Expo-
1999 3197 2006 3248 “,

227 3316 290 3366 (ι)
316 3317 426 3357 utra
444 3320 490 3359 of
502 3321 667 3369 preston,
695 3334 715 3359 a
731 3330 835 3360 town
866 3321 908 3371 aa
924 3321 1028 3361 tast-
1136 3319 1200 3370 (4)
1228 3306 1331 3358 Nm
1348 3319 1460 3371 about
1477 3319 1543 3359 the
1560 3321 1681 3360 came.

172 3368 353 3415 Lothian,
373 3374 591 3420 predecessor
607 3383 647 3413 to
660 3375 911 3423 Craigmiller.
1001 3408 1003 3410 .
1136 3374 1203 3426 (5)
1229 3372 1317 3410 The
1335 3373 1464 3423 people
1489 3372 1534 3411 of
1553 3374 1685 3412 Genea
1700 3372 1742 3412 in
1763 3366 1861 3425 'Italy
1875 3374 1938 3414 us·
1985 3382 1997 3414 τ

229 3421 292 3470 (2)
319 3423 502 3463 william
521 3426 599 3467 lurd
613 3427 752 3473 Keith,
766 3426 943 3468 ssieriffof
953 3427 1029 3468 Lo-
1082 3427 1128 3464 ed
1146 3436 1186 3465 to
1204 3425 1300 3463 serve
1319 3424 1358 3462 in
1375 3424 1503 3474 gallica
1515 3425 1572 3464 for
1587 3438 1707 3478 wago·
1721 3426 1934 3469 whosoem
2042 3436 2045 3439 ”

172 3470 295 3512 thian-
1084 3475 1276 3529 employed
1291 3477 1412 3516 them.
1936 3515 1941 3519 .
1969 3500 1976 3506 ·

222 3523 292 3579 (3)
319 3520 364 3569 A*
375 3526 477 3570 little
495 3529 616 3577 before
635 3531 838 3586 midnight.
1137 3532 1204 3585 (6)
1228 3529 1337 3571 Close
1359 3538 1399 3570 to
1415 3527 1483 3570 the
1500 3530 1626 3573 canter
1697 3578 1704 3592 ι

1977 3201 2003 3220 ‘v

2005 3568 2043 3622 ἐξ

1855 3632 1933 3683 fita
1985 3630 2051 3685 ’ζ’

1971 3757 1981 3766 .
2010 3746 2053 3799 ἦ,

2024 2210 2055 2356 &xxx
2018 2039 2055 2194 ’ἑὲ-.-.ζ
2034 1973 2042 1983 κ
2040 1922 2049 1930 -
2047 1852 2052 1877 ..
