2035 3833
175 129 312 197 340
476 108 837 176 Rau-um
929 100 1636 173 Sco-nmmum

178 207 413 264 albsuum
429 224 539 268 erga
554 209 731 267 Regem
753 198 1187 264 obsequium,.quod
1208 201 1257 250 in
1277 217 1336 249 eo
1356 192 1691 266 Edimburgum
1713 203 1945 258 deducenae

183 274 248 322 do
270 273 550 336 praestitisset,
592 264 807 329 malignis
829 264 1122 314 inimicorum
1155 266 1443 313 sermonibus*
1467 267 1662 322 traduci,
1685 272 1725 316 δι
1748 267 1797 316 in
1816 271 1945 332 pejo.

183 354 284 385 rem
307 349 477 400 partem
497 332 612 395 rapi,
636 347 686 378 ac
708 331 777 391 (ι)
804 327 1097 376 ηιὶηειῐίἰὶίὶω
1121 329 1511 379 consiliiauctores
1525 347 1680 393 poenas
1697 330 1958 393 aliquando.

186 402 392 449 daturos.
459 395 770 458 Qamobrem
795 395 974 458 Regem
995 408 1140 445 orare.
1166 406 1215 440 ut
1253 394 1283 441 si
1305 410 1441 456 quam
1465 396 1526 443 ob
1547 395 1596 442 id
1617 395 1787 444 factum
1809 394 1944 452 iram,

187 477 271 512 aut
291 462 500 510 offensam
524 459 678 510 animo
698 459 986 520 concepiffet,
1006 457 1052 504 id
1072 459 1220 521 palam
1242 459 1505 513 declararet,
1526 465 1560 510 ἃ
1577 459 1952 508 malevolentium

146 540 149 543 ·
187 525 440 574 calumnias
478 524 795 587 compesceret.
865 523 966 569 Rex
993 521 1069 568 ubi
1107 523 1294 584 paulum
1316 538 1418 568 cum
1445 523 1660 585 apoleffis
1693 523 1952 572 collocutus

189 593 356 643 suisset,
392 589 624 650 respondit
648 587 900 634 Rtvbe1tum
920 602 1009 632 non
1033 589 1263 633 auctorem
1282 588 1376 647 ejus
1412 586 1605 641 itineri,
1630 587 1702 634 sed
1732 587 1953 636 comitem

187 655 334 709 suiffe,
351 669 498 715 neque
515 650 716 716 obsequii
741 667 895 719 poena,
920 649 993 697 sed
1015 650 1167 714 potius
1188 651 1324 698 officii
1346 653 1393 699 in
1414 651 1455 697 se
1473 651 1629 705 collati
1646 650 1836 714 praemio
1850 650 1956 715 dig-

186 736 297 767 num
333 717 584 764 existimare
609 735 620 764 :
645 717 785 778 idque
826 717 883 770 se,
924 728 973 762 ut
1009 715 1269 764 invidorum
1288 714 1566 765 sermonibus
1598 716 1780 763 obviam
1804 728 1961 771 eatur,

185 781 378 846 publico
398 795 648 829 conventus
686 784 870 826 decreto
892 779 1224 826 declaraturum
1247 798 1258 825 z
1295 793 1433 844 atque
1453 780 1615 828 eodem
1638 782 1819 827 decreto
1843 796 1952 827 cau-

185 859 361 900 turum,
385 862 441 892 ne
462 862 518 892 ca
538 863 604 893 res
624 844 788 899 Bodio,
812 843 1143 906 comitibusque
1154 844 1250 904 ejus
1272 844 1519 906 aliquando
1542 844 1783 893 fraudieffe
1804 845 1951 908 possit.

183 912 296 959 Hoc
332 911 564 959 decretum
602 926 708 956 cum
731 908 901 957 Bodius
924 908 1100 970 petiffet
1120 907 1166 954 in
1191 911 1289 956 afta
1315 921 1565 960 conventus
1586 909 1735 974 redigi
1760 928 1782 956 :·
1805 908 1954 956 idem·
2009 924 2013 930 ·

183 992 280 1037 que
297 974 548 1038 diplomate
570 975 740 1037 Regio,
762 973 839 1020 cui
861 989 1078 1040 magnum
1102 972 1298 1037 sigillum
1321 974 1672 1037 appenderetur,
1711 974 1952 1021 confirma-

184 1040 224 1087 ri
249 1058 260 1086 z
294 1041 528 1086 decretum
558 1039 747 1102 quidem
786 1038 928 1085 statim
955 1038 1002 1084 in
1041 1040 1140 1085 acta
1166 1037 1359 1085 relatum
1386 1057 1396 1085 :
1430 1037 1637 1101 diploma
1675 1040 1815 1102 paulo
1838 1039 1954 1101 post,

185 1120 356 1167 nempe
377 1103 767 1167 vicesimoquinto
787 1102 985 1163 ejusdem
1010 1102 1170 1149 mensis
1186 1103 1262 1149 die
1283 1103 1326 1150 ei
1349 1102 1581 1150 traditum.
1637 1099 1812 1152 Eodem
1835 1120 1956 1168 quo·

183 1185 279 1231 que
308 1168 382 1215 die
403 1167 616 1231 adjicitur
657 1175 694 1215 δι
736 1167 863 1214 aliud
885 1167 1091 1227 diploma
1112 1183 1166 1214 ex
1187 1167 1364 1214 consilii
1385 1167 1620 1224 sententia,
1643 1183 1737 1232 quo
1755 1169 1964 1218 Bodium·

184 1233 431 1296 Proregeni
457 1245 578 1279 creat
605 1251 615 1280 ε
650 1233 866 1294 suamque
888 1231 1092 1286 salutem,
1118 1231 1294 1287 fratres,
1313 1232 1500 1287 sorores,
1525 1249 1666 1287 arces,
1689 1234 1739 1282 δι
1761 1233 1966 1296 oppida,

184 1313 465 1360 omnemque
481 1296 842 1358 jurisdictionem
866 1296 912 1342 in
935 1295 1057 1343 cives
1076 1296 1119 1343 ei
1136 1298 1237 1343 Rex
1258 1296 1525 1352 committit,
1547 1298 1694 1345 donec
1715 1296 1808 1360 ipse
1831 1297 1955 1345 vice-

185 1361 351 1410 fimum
376 1378 515 1410 unum
538 1378 707 1408 annum
729 1361 958 1423 expleret:
991 1360 1179 1424 egitque
1197 1376 1303 1409 cum
1321 1360 1600 1423 proceribus,
1623 1361 1703 1425 qui
1725 1374 1823 1409 tum
1845 1363 1956 1410 ade-

183 1439 306 1480 rant,
332 1438 381 1473 ut
399 1426 484 1472 sese
502 1425 647 1473 sancte
671 1425 989 1487 promitterent
1009 1425 1215 1472 omnium
1239 1425 1465 1473 actionum
1486 1425 1771 1489 publicarum
1797 1427 1955 1475 Rodiis

184 1491 418 1551 adjutores
436 1489 549 1543 fore,
569 1490 823 1552 poenisque‚
849 1490 894 1535 ni
916 1489 963 1536 id
987 1489 1160 1536 summa
1176 1506 1281 1551 ope,
1302 1495 1340 1536 δι
1365 1490 1454 1537 fide
1471 1490 1690 1546 fecissent,
1728 1491 1956 1540 obnoxios

184 1553 381 1600 futuros.
449 1553 577 1601 Huic
598 1554 811 1616 promiss'o
831 1555 932 1600 Rex
953 1554 1046 1616 ipse
1068 1569 1254 1616 quoque
1275 1554 1542 1616 subscripsit.

253 1618 429 1665 XXVI.
468 1618 555 1664 His
577 1617 830 1664 rationibus
871 1619 1000 1679 Rege
1044 1617 1123 1663 fibi
1162 1618 1426 1679 conjuncto,
1452 1625 1490 1665 δι
1531 1632 1657 1681 parte
1698 1619 1959 1669 nobilitatis

185 1681 362 1745 privata
388 1683 559 1729 studere
582 1697 802 1736 connexa,
819 1697 870 1728 ac
895 1682 1031 1729 totius
1047 1682 1176 1744 regni
1194 1681 1579 1730 administratione
1601 1700 1648 1732 in
1668 1683 1709 1729 se
1732 1685 1957 1740 traducta,

184 1747 414 1797 securitati
437 1746 483 1793 in
507 1747 698 1810 longum
730 1761 909 1808 tempus
948 1746 1175 1809 provisum
1207 1747 1291 1793 esse
1310 1739 1641 1803 existimarunt,
1660 1748 1961 1800 fundamenta

182 1811 406 1875 potentioe
427 1811 625 1858 etiamin
650 1812 873 1873 posterum
891 1811 1111 1871 jacientes
1134 1811 1440 1874 perfecerunt,
1467 1824 1514 1858 ut
1538 1811 1678 1874 Regis
1702 1812 1822 1859 soror
1845 1825 1955 1861 natu

183 1875 387 1925 maxima
418 1876 618 1923 Thomae
653 1876 800 1922 Bodio
823 1875 1014 1922 Robeiti
1049 1875 1143 1922 filio
1164 1875 1373 1925 nuberet.
1440 1877 1495 1923 Id
1517 1876 1859 1926 matrimonium
1906 1890 1965 1927 ut

182 1941 476 2003 opulentum,
497 1945 544 1989 ὅ(
560 1940 914 2001 velutpotentia:
933 1940 1286 1991 stabilimentum
1308 1940 1562 1996 videbatur,
1579 1943 1642 1987 ita
1661 1940 1959 1992 inimicorum

183 2005 296 2052 odia
315 2003 532 2058 intendit,
553 2007 603 2054 ὃς
625 2005 769 2067 vulgo
791 2004 961 2051 variam
999 2005 1256 2052 sermonum
1309 2006 1544 2052 materiam
1582 2005 1794 2068 praebuit.
1862 2008 1969 2060 Etfi,
2007 2051 2011 2056 .

182 2069 312 2119 anim
330 2068 413 2116 hac
437 2069 510 2115 via
525 2084 683 2115 omnes
706 2067 855 2117 aditus
878 2069 934 2115 ad
955 2085 1109 2133 regem
1133 2070 1343 2131 obseptos
1379 2070 1642 2126 credebant,
1664 2069 1837 2134 solique
1858 2071 1960 2120 dic·

186 2144 328 2179 torurr
346 2167 363 2188 ,
387 2140 420 2182 ὃ·
453 2133 674 2180 factorum
699 2132 857 2179 arbitri
898 2149 1043 2189 erant,
1068 2149 1158 2180 non
1182 2147 1334 2180 tamen
1356 2135 1505 2182 aulica
1525 2134 1671 2199 gratia
1701 2136 1847 2200 magis
1871 2136 1958 2184 flo-

186 2197 364 2252 rebant,
388 2197 526 2261 quam
552 2196 805 2261 flagrabant
825 2196 935 2244 odio
977 2197 1186 2261 publico,
1208 2199 1334 2261 quod
1370 2199 1672 2260 quadriennio
1695 2216 1838 2263 prope
1862 2214 1958 2249 tec-

186 2274 286 2311 tum
311 2262 357 2308 in
381 2262 574 2309 exitium
599 2261 737 2308 totius
760 2261 947 2308 familiae
982 2263 1166 2309 tandem
1187 2262 1338 2325 erupit
1359 2281 1372 2311 ι
1405 2278 1488 2310 nec
1513 2264 1705 2312 adversae
1743 2265 1969 2317 faflionia,

184 2325 554 2389 prudentiffimus
575 2326 764 2390 quisque
788 2339 879 2373 tam
903 2326 1100 2375 subitum
1135 2343 1293 2374 eorum
1327 2327 1657 2379 incrementum
1680 2328 1850 2377 invitus
1875 2347 1957 2378 au·

183 2389 344 2439 diebat
369 2410 379 2437 :
402 2403 450 2436 ut
472 2391 547 2439 cui
570 2391 875 2454 arrogantiam
899 2395 970 2452 (ut
993 2391 1090 2439 fieri
1106 2393 1236 2450 solet)
1261 2392 1478 2441 comitem
1497 2392 1737 2455 sperarent,
1761 2409 1864 2456 quae
1882 2395 1958 2442 su..

186 2453 389 2517 periores
408 2454 525 2502 serre
543 2470 758 2518 nequeat,
778 2457 976 2518 aequales
994 2466 1274 2510 contemnat,
1295 2463 1330 2503 ἃ
1349 2456 1583 2504 inferiores
1595 2457 1835 2520 deprimat.
1858 2459 1969 2508 Ubi-

191 2533 348 2567 autem
372 2518 542 2582 privati
582 2519 760 2568 exceffit
796 2521 1005 2574 modum,
1024 2522 1172 2586 Reges
1191 2520 1493 2570 aemulationis
1510 2521 1803 2575 intolerantes
1826 2523 1871 2570 in
1890 2520 1969 2574 sui.

186 2582 383 2631 exitium
407 2586 641 2632 accendat.
709 2587 849 2636 Fama
876 2601 984 2634 vero
1002 2584 1236 2633 discordia:
1255 2585 1374 2634 inter
1394 2585 1613 2636 factiones
1636 2599 1725 2634 tam
1747 2599 1967 2650 potentes

185 2645 402 2710 populari
421 2663 606 2711 quoque
627 2648 824 2697 licentiae
842 2649 983 2696 sraena
1003 2649 1150 2696 solvit.
1193 2650 1316 2697 Nam
1343 2650 1547 2698 nationes
1568 2648 1821 2702 latrociniis
1843 2654 1960 2701 affu-

186 2721 274 2759 etae
296 2725 493 2760 veterem
517 2713 810 2776 rapacitatem
834 2730 891 2760 ex
912 2714 1151 2766 interyallo
1172 2714 1351 2763 avidius
1371 2714 1665 2779 repetebant:
1683 2721 1723 2762 δι
1743 2716 1962 2769 odiorum
1985 2710 1991 2725 ⁸

187 2775 359 2823 semina
380 2776 438 2823 ad
472 2790 650 2840 tempus
673 2777 750 2840 sup
789 2779 895 2824 ressa
915 2777 1230 2825 vehementius
1258 2779 1511 2844 gliscebant
1532 2797 1544 2826 z
1568 2783 1618 2829 &
1641 2779 1832 2829 seditiosi
1861 2794 1959 2832 tur.-

188 2839 442 2890 bandarum
465 2856 615 2889 rerum
632 2856 741 2888 occa
761 2858 887 2890 iones
909 2842 1106 2888 libenter
1121 2844 1545 2906 amplefiebanture
1576 2859 1736 2892 omnes
1757 2845 1959 2912 denique
1994 2852 1998 2857 '

189 2905 348 2952 omnia
379 2904 452 2968 spe
474 2904 761 2968 impunitatis
784 2906 950 2967 injecta
970 2905 1157 2957 liberius
1179 2908 1440 2957 audebant.v
1493 2908 1596 2956 Nec
1617 2910 1804 2958 deerant
1823 2926 1958 2964 occa,
2007 2941 2015 2949 -

191 2968 304 3015 fioni
319 2969 552 3025 Kennedi‚
571 2970 653 3034 qui
674 2970 839 3033 partim
852 2969 1115 3034 spargendis
1134 2972 1393 3021 rumoribus
1410 2971 1558 3035 plebis
1575 2971 1687 3021 iram
1698 2973 1964 3026 inflamma*

189 3046 309 3085 rent,
343 3039 384 3080 ἀ
412 3032 622 3085 emnium
657 3036 881 3085 malorum
905 3034 1055 3083 causas
1075 3034 1124 3088 in
1154 3036 1342 3091 Bodios,
1376 3051 1425 3083 ut
1448 3035 1721 3091 seditionum
1753 3041 1957 3090 auctore·

189 3098 464 3145 conferrent.
508 3098 678 3147 Partim
699 3098 837 3147 etiam
858 3102 930 3161 (ut
945 3098 1160 3147 nonnulli
1175 3100 1411 3161 rebantur)
1431 3099 1853 3155 itnmultuoffirum
1871 3104 1961 3157 ho-

190 3160 370 3209 minum
388 3162 584 3209 consiliis
604 3180 695 3210 non
718 3162 1042 3218 abhorrebant,
1061 3169 1099 3209 &
1119 3165 1334 3227 nequitiae
1352 3165 1675 3215 faces'occult'e
1691 3166 1973 3231 subdebat..

193 3223 316 3270 Illud
338 3225 461 3272 certe
482 3243 540 3273 ex
561 3243 719 3274 eorum
741 3227 946 3278 vultibus
966 3227 1193 3284 elucebat,
1215 3229 1337 3276 hunc
1360 3230 1595 3279 turbidum
1625 3247 1774 3282 rerum
1796 3228 1968 3288 staff

193 3301 285 3333 non
306 3289 556 3338 admodum
579 3290 646 3338 eis
669 3290 900 3355 ingratum
924 3292 1024 3340 effe.
1097 3293 1253 3344 Unum
1275 3294 1436 3344 restare
1451 3294 1692 3342 videbatur
1711 3296 1768 3345 ad
1790 3296 1956 3349 flua*

195 3359 287 3394 tem
322 3350 616 3403 inimicorum
650 3355 906 3418 potentiam
939 3355 1303 3412 subvertendam,
1337 3372 1386 3405 ut
1415 3356 1564 3422 Regis
1579 3358 1782 3413 animum
1803 3360 1861 3409 ad
1881 3357 1958 3407 sna

192 3413 380 3462 confilia
400 3417 704 3470 traducerent.
744 3420 862 3471 Satis
883 3420 1280 3490 enim‚.su261q}le
1296 3422 1378 3476 stbi
1398 3422 1567 3476 vinum
1587 3424 1672 3473 esse
1692 3422 1976 3493 :fij-⁰¹8⁸&

159 3601 167 3605 -
239 3539 308 3597 (5)
335 3539 651 3599 scil-inimicos„

1872 3590 1971 3662 aaa
