2006 3858
365 150 652 215 me
752 136 1550 223 DsscmrusQA'RTUS.
1735 165 1863 232 421

111 247 312 314 glassium
337 246 548 309 Angufiae
569 245 818 300 Comitem,
840 244 1184 308 quibuscunque
1203 245 1343 306 poffet
1375 240 1717 290 conditionibus
1739 260 1872 290 revo-

113 326 248 358 caret.
316 310 503 358 Interim
527 310 715 373 vigiliis,
754 314 802 360 ὅς
825 310 979 355 inedia
999 311 1115 356 vires
1135 310 1336 371 corporis
1359 306 1751 361 labefactantibus,
1771 309 1875 355 ani-

111 394 188 423 mo
211 376 326 422 curis
350 377 514 422 obruto
534 374 652 418 intra
674 391 839 434 paucos
863 375 960 420 dies
984 375 1190 428 moritur,
1216 375 1284 434 (ι)
1309 373 1490 419 decimo
1511 372 1645 418 tertio
1667 371 1742 417 die
1774 371 1875 418 De·

116 441 327 495 cerebris,
351 439 505 486 relicta
538 438 631 483 filia
652 438 831 483 haerede
865 453 969 483 ante
1003 439 1216 500 quintum
1260 436 1382 484 diem
1405 448 1528 492 nata,
1567 436 1766 497 sepultus
1788 434 1878 489 suit

108 505 322 568 postridie
343 505 451 550 Idus
482 503 706 549 lanuarias
724 501 770 546 in
792 501 1020 548 Cccnobio
1041 504 1213 549 Sanctae
1227 503 1372 548 crucis
1383 518 1526 565 prope
1546 499 1875 564 Magdalenam

111 570 308 632 priorem
333 568 591 630 conjugem.
1577 603 1580 605 .
1699 601 1702 603 .

179 633 329 678 LXII.
362 634 470 679 Erat
492 631 533 676 ei
552 632 662 676 dum
678 630 869 684 viveret,
890 628 1045 684 facies,
1071 635 1110 676 δε
1130 632 1397 694 compositio
1412 629 1721 678 membrorum
1739 629 1878 677 deco-

109 714 176 747 ra,
203 698 364 742 statura
406 695 665 750 mediocris,
689 696 821 756 supra
856 693 1059 756 corporis
1103 697 1290 742 modum
1314 697 1428 743 vires
1456 715 1466 742 :
1499 694 1876 758 ingeniumacre,

111 761 184 806 sed
199 763 323 823 quod
346 760 459 807 vitio
477 773 734 822 temporum
757 776 913 820 parum
933 757 1021 804 fuit
1038 761 1286 806 excultum.
1334 761 1473 807 Viciu
1498 760 1706 808 utebatur
1722 774 1879 822 parco,

114 826 221 873 vino
246 825 509 887 parciffime.
544 824 752 878 Laboris,
778 823 964 886 algoris,
986 823 1128 878 aestuS,
1151 825 1315 871 inediae
1336 825 1697 888 patientiflirnus.
1749 825 1882 886 Saepe

114 888 160 935 in
181 906 299 951 equo
319 890 472 936 sedens
496 889 645 934 hieme
670 889 909 949 asperrima
931 887 1072 942 diem,
1098 890 1371 951 noctemque
1387 890 1704 944 continuabat,
1744 901 1792 934 ut
1814 890 1884 934 la-

111 967 263 1000 trones
294 954 583 1017 inopinantes
622 953 749 998 domi
791 953 1167 1014 deprehenderet.
1233 955 1411 1016 illaque
1433 953 1663 1000 celeritate
1702 965 1883 999 tantum

116 1019 180 1065 sui
201 1032 371 1065 metum
394 1019 645 1074 incusserat,
670 1030 716 1064 ut
733 1018 859 1063 velut
880 1034 934 1063 eo
956 1017 1131 1079 semper
1167 1017 1383 1080 praesente
1406 1037 1431 1065 a
1451 1018 1687 1065 maleficiis
1709 1018 1751 1064 se
1771 1033 1884 1063 con·

118 1084 328 1131 tinerent.
374 1084 528 1130 Tanta
551 1083 688 1129 moris
707 1082 843 1146 patrii
865 1095 960 1128 erat
981 1081 1181 1136 scientia,
1217 1082 1332 1128 utde
1352 1083 1486 1130 rebus
1508 1082 1723 1147 gravibus
1741 1080 1883 1128 etiam

110 1163 193 1209 per
216 1148 300 1194 iter
321 1148 493 1194 summa
510 1163 614 1194 cum
639 1147 852 1210 aequitate
868 1146 1195 1208 expeditissime
1216 1146 1520 1209 responderet.
1553 1146 1720 1194 Aditus
1742 1146 1883 1193 etiam

112 1212 458 1280 pauperioribus
482 1213 538 1258 ad
563 1229 668 1258 eum
691 1227 787 1258 erat
808 1211 1070 1257 facillimus,
1110 1212 1180 1271 (z)
1205 1212 1419 1273 Ingentes
1438 1225 1591 1259 autern
1609 1211 1797 1258 virtutes
1813 1210 1885 1257 vi-

117 1276 178 1321 tia
201 1293 343 1340 prope
366 1278 686 1339 adaequabant,
709 1276 783 1323 sed
807 1292 911 1338 quae
945 1276 1164 1337 temporis
1185 1276 1346 1338 magis,
1368 1293 1510 1339 quam
1533 1288 1704 1323 naturae
1737 1275 1885 1323 videri

114 1353 325 1405 poterant
350 1361 361 1389 ε
396 1342 601 1388 omnium
626 1341 747 1387 enim
769 1357 918 1387 rerum
952 1339 1138 1386 licentra
1155 1340 1442 1402 disciplinam
1477 1339 1713 1404 publicam
1741 1339 1886 1386 solve-

116 1408 202 1459 rat,
227 1423 330 1473 qua:
348 1407 429 1453 nisi
445 1423 611 1470 magna
629 1406 862 1453 severitate
885 1405 1284 1452 animadversionis
1308 1406 1392 1451 sisti
1429 1422 1522 1453 non
1541 1416 1734 1467 poterat.
1801 1405 1888 1451 Pe-

116 1470 261 1518 cuniae
285 1485 435 1518 autern
458 1473 506 1518 id
532 1472 702 1518 fecerat
718 1471 988 1523 avidiorem,
1009 1470 1137 1531 quod
1176 1486 1281 1515 cum
1324 1470 1485 1517 alienae
1506 1469 1741 1533 potestatis
1761 1468 1883 1524 effer,

119 1535 168 1580 in
190 1533 362 1583 summa
395 1537 668 1601 parsimonia
702 1537 920 1582 educatus
962 1535 1110 1581 fuisset
1132 1553 1143 1580 :
1177 1540 1218 1580 δε
1260 1550 1366 1581 cum
1390 1537 1589 1598 primum
1609 1533 1805 1596 suijuris
1826 1535 1889 1582 est

115 1598 278 1656 fastus,
298 1602 344 1648 in
368 1618 530 1648 vacuas
555 1602 674 1646 aedes
695 1601 890 1663 ingresso
911 1599 1091 1662 direpta
1110 1599 1380 1661 supellec'tili
1400 1600 1552 1647 omnis
1589 1599 1632 1647 ei
1655 1600 1786 1646 fimul
1807 1615 1890 1644 au-

116 1665 174 1720 la:
203 1679 349 1727 partes
369 1666 520 1712 denuo
543 1676 671 1711 erant
692 1666 982 1710 exornandae.
1018 1666 1262 1726 Proprium
1284 1677 1437 1711 autem
1460 1667 1643 1728 Regum
1666 1662 1890 1726 patrimo·

119 1728 246 1779 nium
270 1730 317 1776 in
341 1746 436 1784 eos,
460 1747 573 1792 quos
590 1729 782 1775 minime
800 1730 1007 1774 voluisset
1030 1729 1147 1783 υἷας,
1172 1741 1401 1777 curatores
1422 1728 1518 1789 ejus
1537 1727 1890 1791 absumpserant.

122 1794 199 1843 Ad
225 1794 435 1840 mulieres
473 1808 623 1841 autern
649 1792 907 1855 proniorem
947 1809 1050 1838 eum
1072 1793 1366 1840 reddiderant
1386 1793 1701 1841 adolescentiae
1722 1794 1893 1839 educa-

121 1870 258 1912 tores,
279 1859 358 1920 qui
377 1859 461 1904 hac
482 1859 658 1905 ratione
676 1856 916 1903 diutiffirne
930 1875 1031 1902 eum
1047 1858 1127 1903 sibi
1147 1858 1400 1905 obnoxium
1423 1858 1520 1904 fore
1537 1857 1893 1905 arbitrabantur.

120 1920 393 1979 Nobilitatis
416 1940 583 1986 magna
601 1939 701 1985 pars
721 1921 816 1982 ejus
839 1937 1032 1975 mortem
1057 1938 1148 1967 non
1193 1923 1307 1968 adeo
1329 1922 1661 1976 moleste'tulit,
1707 1933 1756 1968 ut
1776 1938 1895 1985 quo·

120 2001 221 2046 xum
259 1985 370 2032 alios
409 1988 548 2033 exilio
583 1988 872 2041 multaverat,
918 1989 1086 2032 multos
1109 1987 1318 2033 custodiis
1342 1999 1637 2040 coercuerat:
1668 1986 1746 2033 alii
1767 1998 1892 2034 metu

119 2049 369 2098 severitatis
390 2053 484 2113 ejus
508 2067 630 2097 nunc
643 2050 699 2096 ad
716 2049 951 2111 pristinum
965 2064 1281 2114 contemptum
1306 2051 1372 2097 ira
1387 2051 1764 2112 recendadjeffih,
1795 2067 1895 2100 ma-

123 2117 308 2177 luerunt
329 2117 401 2163 An
408 2117 487 2180 glo
500 2114 542 2163 se
560 2114 674 2162 hosti
692 2115 876 2170 dedere,
902 2132 1040 2178 quam
1065 2115 1131 2162 sui
1153 2116 1296 2179 Regis
1318 2116 1397 2163 irae
1418 2117 1461 2164 se
1483 2116 1787 2165 committere.

172 2247 235 2298 (Ι)
265 2246 325 2283 Μ.
342 2246 380 2283 S.
400 2247 515 2284 XIV.
615 2269 617 2271 ·
1033 2246 1131 2296 (scil.
1153 2244 1375 2300 Annibalis)
1410 2248 1567 2285 virtutes
1597 2247 1765 2296 ingentia
1798 2249 1893 2289 vitia

177 2306 238 2351 (ι)
266 2300 367 2336 Vide
386 2299 538 2337 Livium
557 2299 623 2337 lib.
645 2310 709 2336 21.
730 2311 808 2349 cap.
827 2310 867 2348 4.
888 2299 975 2337 The
1030 2300 1242 2349 aequabant,
1263 2301 1471 2339 inhumana
1493 2303 1705 2347 crudelitas,
1740 2303 1893 2351 perfidia

123 2354 226 2392 iliade
239 2353 483 2390 ofAnnibal's
495 2353 639 2402 pieture
656 2354 687 2389 is
704 2352 768 2389 the
785 2354 975 2390 blackness
1030 2356 1112 2404 plus
1131 2351 1242 2402 quam
1257 2355 1414 2400 Punica,
1429 2355 1528 2392 nihil
1545 2355 1634 2400 veri,
1647 2354 1746 2392 nihil
1762 2355 1894 2404 sancti,

125 2408 169 2451 of
183 2406 356 2443 darkness
378 2421 388 2444 ι
406 2407 488 2444 that
507 2407 552 2444 of
565 2408 691 2458 james
708 2407 773 2443 the
794 2407 882 2442 V.'s
892 2406 987 2444 hasa
1040 2409 1167 2444 nullus
1185 2406 1297 2446 defun
1310 2419 1446 2456 metus,
1458 2408 1894 2460 nullumjusjurandum,

125 2453 215 2514 {uod
233 2459 394 2498 mixture
428 2460 471 2499 of
485 2459 598 2508 light.
628 2460 748 2498 “Has
779 2468 900 2506 tantas
915 2460 988 2499 viri
1043 2463 1149 2499 nulla
1167 2461 1313 2511 religio.

1479 3356 1838 3413 RERUM
