2179 3874
602 190 940 262 LIBER
1029 193 1443 270 Parmua
1840 216 1914 278 13

141 301 282 350 etiam
304 298 610 361 conjecturam
649 293 844 342 nostram
860 293 1019 355 juvare
1040 291 1318 342 videbantur
1335 291 1466 341 Duni
1487 291 1609 355 pacis
1631 295 1883 360 propinqui
1910 315 1924 343 ε

142 366 269 429 quasi
305 364 423 410 facta
448 361 515 408 ibi
555 375 681 423 pace,
711 358 838 418 cujus
873 370 1224 409 monumentum
1254 357 1306 408 hi
1331 358 1470 405 colles
1505 358 1658 412 essent,
1681 361 1807 421 quod
1829 360 1929 407 illic

143 429 393 477 terminum
415 426 502 472 suae
524 423 714 471 ditionis
738 420 940 469 Romani
960 420 1218 468 statuiffent.
1271 422 1440 485 Neque
1463 422 1554 469 alia
1576 439 1644 468 res
1665 440 1739 469 me
1761 425 1819 470 ab
1841 426 1929 471 hac

141 494 365 558 opinione
385 489 653 543 deduxisset,
679 487 762 534 nist
791 485 1010 534 rescissem
1044 502 1103 532 ex
1135 485 1399 535 hominibus
1422 487 1510 534 fide
1533 486 1688 550 dignis
1710 487 1759 535 in
1780 488 1926 536 insula

140 559 344 623 quadam
371 553 628 617 compluria
643 553 732 600 'effe
755 550 948 615 aedificia
973 568 984 597 ε
1029 564 1194 596 caetera
1213 551 1402 614 quidem
1423 551 1652 607 aediculae,
1676 552 1804 614 cujus
1828 570 1925 600 me-

142 622 380 676 minimus,
406 618 587 674 similia,
623 618 703 664 nifi
734 616 862 679 quod
902 614 1166 676 majuscula,
1195 621 1236 663 ὅ,
1264 616 1440 666 laxiora
1459 617 1614 664 effent.
1681 616 1794 664 Duo
1815 616 1931 664 item

145 689 195 737 in
220 686 372 734 Roffia
393 683 530 733 fimili
551 683 700 730 forma
729 681 828 728 sunt
850 679 1027 727 sacella.
1095 681 1163 726 Ea
1181 696 1252 726 res
1273 680 1540 744 suspendere
1563 680 1833 733 sententiam
1855 684 1933 730 me

142 754 228 800 coe'
231 753 319 816 git,
343 767 394 796 ac
407 749 614 813 judicare
630 758 929 794 monumenta
942 762 1091 792 rerum
1109 745 1332 808 gestarum
1347 747 1443 792 haec
1459 747 1560 801 effe,
1580 763 1634 794 ac
1651 746 1934 809 potiffimum

144 817 367 878 trophaea,
408 832 461 862 ac
494 830 625 876 paene
656 823 783 859 extra
819 811 980 857 orbem
1013 821 1252 864 terrarum,
1279 822 1328 856 ut
1350 823 1448 858 tuta
1468 811 1527 857 ab
1547 809 1715 873 injuria
1734 811 1934 860 hostium
1989 828 1991 831 ’

146 884 302 936 essent,
322 879 577 926 constituta.
605 876 694 924 Sed
716 874 838 923 certe
861 876 951 923 five
972 876 1072 921 haec
1095 874 1302 937 trophaea
1322 874 1438 930 sunt,
1463 877 1552 923 five
1579 877 1725 939 (quod
1743 877 1935 939 quidam

149 944 444 1008 suspicantur)
478 943 706 989 clarorum
737 940 940 988 virorum
975 940 1195 1004 sepulcra,
1229 938 1356 986 fuisse
1393 942 1530 988 credo
1553 955 1854 990 monumenta
1875 942 1937 989 ad

149 1009 454 1065 aeternitatem
474 1007 708 1055 memoriae
727 1006 1090 1069 perpetuandam
1108 1003 1383 1059 consecrata,
1408 1005 1480 1052 sed
1505 1005 1561 1053 ab
1582 1005 1848 1070 hominibus
1862 1007 1936 1053 in„

148 1075 312 1129 deeris,
340 1072 613 1135 incultisque
637 1072 696 1120 ad
719 1071 1062 1118 fimilitudinem
1095 1069 1218 1116 illius
1256 1069 1477 1125 aediculae‚
1503 1087 1606 1134 quae
1636 1071 1698 1116 est
1731 1072 1787 1117 ad
1823 1072 1938 1118 Car,

152 1154 336 1187 rontem
358 1139 625 1185 constru&a.
693 1137 948 1188 Adextero
973 1133 1210 1182 Carrontis
1233 1134 1375 1182 latere
1412 1153 1519 1199 ager
1539 1134 1632 1181 fere
1654 1147 1817 1181 caetera
1838 1137 1939 1198 pla,

155 1223 242 1253 nus
264 1204 313 1250 in
332 1204 499 1250 collem
522 1203 710 1265 paulum
735 1201 985 1263 prominet,
1006 1199 1162 1247 medio
1186 1198 1278 1245 fere
1293 1199 1444 1262 ¹spatio
1467 1201 1586 1248 inter
1608 1200 1770 1247 Dunos
1794 1199 1938 1262 pacis,

152 1274 204 1318 &
230 1268 470 1316 aedicularn
499 1285 509 1313 :
544 1267 591 1312 in
615 1282 670 1312 eo
693 1267 751 1312 ad
780 1264 930 1329 ipsum
952 1265 1112 1330 anguli
1143 1264 1313 1328 flexum
1337 1264 1531 1313 modicae
1554 1263 1676 1311 urbis
1700 1265 1943 1328 vestigium

152 1333 304 1382 adhuc
341 1345 547 1397 apparet.
617 1332 703 1383 Sed
745 1347 981 1377 murorum
1019 1330 1337 1385 fundamenta,
1375 1334 1424 1378 ἃ
1456 1329 1662 1377 vicorum
1696 1329 1943 1391 descriptio

153 1397 324 1461 partim
346 1398 472 1443 cultu
494 1395 676 1451 rustico,
720 1395 888 1459 partim
923 1394 1134 1442 eruendis
1172 1394 1226 1440 ad
1252 1393 1534 1456 propinquas
1569 1392 1789 1440 ditiorum
1809 1395 1943 1441 villas

154 1461 475 1509 construendas
498 1460 729 1524 lapidibus
749 1461 982 1524 quadratis
1006 1459 1192 1506 confusa
1213 1461 1290 1505 est.
1328 1461 1468 1506 Hunc
1496 1461 1648 1505 locum
1672 1457 1834 1505 diserte
1858 1461 1943 1506 Be-

157 1527 217 1574 da
238 1526 419 1590 Anglus
443 1525 595 1573 Guidi
616 1537 768 1581 vocat,
789 1539 926 1587 atque
955 1524 1001 1584 in
1027 1523 1124 1587 ipso
1147 1524 1258 1571 valli
1270 1522 1430 1573 Severi
1447 1524 1619 1587 angulo
1642 1524 1854 1570 collocat.

231 1593 388 1640 XXII.
407 1588 567 1638 'Multi
589 1589 799 1654 praeclari
819 1589 1056 1652 scriptores
1095 1589 1296 1636 Romani
1327 1589 1424 1649 ejus
1458 1589 1571 1635 valli
1600 1585 1908 1637 meminerunt
1930 1606 1945 1636 ε

158 1657 308 1706 multa
326 1655 518 1719 vestigia
537 1667 713 1710 extant,
739 1654 874 1702 multi
893 1654 1070 1717 lapides
1093 1653 1299 1716 inscripti
1318 1666 1555 1707 eruuntur,
1579 1652 1747 1714 quibus
1779 1666 1857 1699 aut
1879 1668 1947 1699 te,-

160 1721 372 1769 stimonia
391 1718 545 1766 salutis
568 1737 650 1781 per
667 1720 893 1774 tribunos,
919 1723 968 1768 ὅ(
992 1719 1282 1769 centuriones
1304 1730 1520 1779 acceptae,
1540 1730 1618 1763 aut
1637 1717 1949 1780 sepulcrorum

159 1785 479 1848 inscriptiones
497 1784 805 1835 continentur.
874 1785 935 1830 Et
955 1799 1059 1829 cum
1083 1783 1140 1828 ab
1160 1781 1355 1830 Adriani
1375 1783 1499 1828 vallo
1521 1785 1592 1844 (ut
1617 1781 1846 1845 utriusque
1867 1800 1946 1829 ves

164 1849 542 1913 stigia'indicant)
560 1865 660 1895 raro
682 1848 833 1895 minus
856 1860 1040 1894 centum
1062 1847 1265 1892 millibus
1285 1847 1489 1910 passuum
1512 1846 1642 1892 distat
1663 1846 1752 1892 hoc
1772 1849 1951 1899 vallum

165 1914 323 1961 Severi
343 1914 402 1960 ab
437 1931 509 1968 eo,
549 1914 675 1976 quod
698 1912 802 1959 ante
826 1911 1057 1960 Adrianus
1081 1913 1388 1958 construxerat
1407 1932 1419 1965 3
1453 1922 1530 1956 aut
1569 1927 1736 1975 magna
1773 1911 1952 1961 inscitia

165 1977 254 2028 fuit
276 1995 452 2034 eorum,
477 1976 559 2039 qui
581 1993 649 2024 res
674 1977 895 2040 Anglicas
917 1975 1203 2038 scripserunt,
1228 1976 1258 2022 fi
1283 1975 1472 2022 Latinos
1508 1976 1591 2038 qui
1628 1978 1726 2022 haec
1750 1976 1950 2024 tradide—

164 2055 273 2090 runt
292 2041 732 2106 nonnintellexerunt
752 2061 762 2088 t
800 2053 877 2088 aut
898 2041 1090 2096 incuria,
1116 2041 1198 2104 qui
1220 2040 1421 2088 dilucide
1452 2040 1619 2087 tradita
1643 2055 1736 2088 tam
1760 2042 1958 2090 confuse

164 2106 482 2158 reddiderunt.
550 2107 907 2170 Utrumcunque
930 2108 984 2153 fit
1006 2119 1176 2161 autem,
1201 2123 1270 2152 res
1294 2104 1409 2151 mihi
1431 2105 1574 2169 digna
1596 2108 1656 2152 est
1677 2106 1769 2153 visa
1804 2107 1833 2152 fi
1857 2124 1953 2154 non

164 2171 533 2235 reprehenfione,
557 2172 715 2220 saltem
753 2172 846 2219 levi
868 2171 1183 2218 admonitione
1219 2190 1229 2217 :
1263 2169 1511 2234 praesertim
1547 2187 1652 2219 cum
1692 2187 1749 2218 ex
1786 2188 1954 2218 monu-

168 2237 334 2284 mentis
362 2237 460 2301 jam
482 2232 647 2293 dietis(
663 2241 711 2286 δε
746 2236 883 2284 Bedae
911 2235 1054 2300 Angli
1075 2235 1259 2283 historia
1279 2235 1380 2282 satis
1403 2237 1591 2291 constet,
1614 2235 1683 2282 ibi
1704 2236 1955 2302 aliquando

168 2301 289 2348 inter
312 2301 560 2357 Brittones,
586 2306 632 2351 ὃς
658 2303 818 2348 Scotos
842 2301 1038 2353 limitem
1062 2300 1206 2347 fuisse.
1231 2300 1329 2364 Qi
1349 2302 1459 2347 vero
1481 2300 1559 2351 hic
1583 2301 1958 2348 Camelodunum

169 2365 598 2421 fuiffeqfabulantur,
621 2365 766 2424 iidem
788 2366 1076 2412 contendunt
1111 2382 1252 2428 quam
1274 2365 1475 2412 diximus
1505 2366 1746 2413 aediculam
1769 2366 1958 2414 Claudii

170 2430 362 2477 Caesaris
385 2430 511 2478 fuiffe
531 2432 757 2494 templum
783 2449 794 2477 ε
831 2430 1065 2482 vanifiimo
1087 2430 1134 2477 in
1157 2444 1348 2493 utroque
1371 2431 1631 2486 mendacio,
1661 2447 1767 2478 cum
1789 2436 1837 2480 ὃς
1863 2432 1958 2479 Ca-

171 2494 470 2543 melodunum
495 2496 678 2544 colonia
694 2497 1030 2550 Romanorum,
1057 2495 1174 2542 ultra
1205 2508 1405 2546 trecenta
1429 2495 1575 2541 millia
1595 2497 1798 2559 paffuum
1821 2497 1880 2543 ab
1902 2512 1959 2542 eo

112 2560 114 2562 ’
169 2561 276 2614 loco
299 2560 428 2616 abfit,
466 2560 497 2606 fi
531 2562 782 2607 Ptolemaeo
816 2563 866 2609 &c
905 2559 1133 2607 Antonini
1168 2563 1238 2623 (1)
1263 2559 1498 2606 itinerario
1522 2561 1631 2607 fides
1653 2561 1867 2608 habenda
1887 2561 1956 2607 fit.

171 2625 418 2672 Cornelius
442 2624 633 2672 Tacitus
656 2626 778 2672 hunc
801 2641 958 2671 eorum
983 2641 1183 2672 errorem
1209 2624 1480 2688 apertissime
1497 2626 1710 2680 ostendit,
1724 2642 1828 2673 cum
1851 2626 1958 2673 reli—

171 2705 265 2752 qua
286 2701 383 2738 tota
403 2689 678 2744 narratione,
704 2702 802 2736 tum
828 2690 1026 2737 maxime
1049 2692 1178 2752 quod
1201 2692 1436 2737 Romanos
1458 2692 1612 2736 amifi'a
1634 2692 1958 2738 Cameloduno

172 2752 221 2800 in
247 2755 480 2816 templum*
510 2754 697 2800 Claudii
733 2754 921 2801 Caesaris
946 2755 1196 2817 confugisse
1230 2755 1383 2805 salutis
1414 2755 1597 2806 tuendae
1627 2757 1758 2803 causa
1790 2755 1974 2802 scribit.>

175 2818 398 2866 AEdicula
423 2830 576 2865 autem
609 2819 707 2874 illa,
748 2820 837 2866 five
860 2821 1086 2884 templum
1122 2819 1356 2874 Termini,
1390 2821 1480 2867 five
1502 2821 1686 2867 alterius
1709 2821 1775 2868 rei
1797 2816 1962 2867 monu-

173 2895 384 2937 mentum
406 2883 560 2938 fuerit‚
579 2884 668 2930 fine
687 2883 860 2931 foribus
879 2900 1074 2947 quarum
1098 2885 1277 2931 nullum
1300 2885 1439 2931 habet
1459 2886 1720 2949 vestigium,
1738 2899 1778 2933 Ν
1810 2885 1964 2949 super-

174 2949 234 2997 ne
256 2948 313 2992 ad
328 2947 475 3008 jacTtus
501 2948 711 3011 lapidum
732 2962 910 3012 patens,
936 2966 994 2996 ne
1022 2950 1183 2997 decem
1207 2950 1398 3012 quidem
1423 2949 1592 2997 milites
1616 2967 1709 2997 non
1732 2951 1873 2997 modo
1896 2964 1966 2997 te-

175 3027 303 3076 gere,
332 3012 410 3058 sed
433 3013 511 3058 vix
533 3012 723 3080 quidem
742 3013 978 3060 continere
1003 3013 1223 3076 potuerit.
1307 3015 1435 3076 Qid
1461 3018 1478 3060 ἓ
1524 3016 1652 3077 quod
1674 3015 1966 3078 quadragesi.-

179 3091 263 3123 mo¹
276 3075 370 3122 fere
391 3093 512 3124 anno
523 3079 620 3142 post
637 3078 1028 3126 Claudiiu'aesaris
1047 3078 1618 3142 (23e1-1peditionemjulius
1634 3079 1856 3142 Agricola
1869 3082 1966 3127 Ro-

178 3150 424 3187 manorum
447 3141 619 3203 primus
637 3143 687 3194 in
709 3159 783 3190 eas
809 3156 959 3207 partes
982 3142 1240 3207 penetravit
1263 3147 1280 3190 ?
1322 3143 1853 3208 quodquinquagefimo
1870 3147 1971 3208 post

180 3204 456 3267 Agricolam
476 3222 597 3252 anno
621 3208 851 3255 Adrianus
874 3206 1070 3255 limitem
1094 3207 1344 3271 provinciae
1367 3208 1486 3256 inter
1512 3207 1704 3263 Tinam‚
1740 3215 1786 3258 ἃ
1810 3210 1970 3262 Escarn

180 3270 305 3317 vallo
327 3269 465 3316 ducto
490 3271 678 3318 statuit?
723 3273 851 3334 cujus
890 3274 1041 3320 adhuc
1081 3273 1236 3320 multis
1268 3271 1316 3324 in
1356 3273 1468 3319 locis
1498 3273 1686 3336 vestigia
1717 3274 1969 3336 supersunt.
1999 3305 2001 3307 ·

182 3333 432 3396 Septimius
456 3348 608 3381 autem
644 3338 832 3384 Severus
856 3336 977 3384 circa
1014 3355 1186 3384 annum
1210 3355 1236 3383 a
1267 3337 1448 3388 Christo
1471 3349 1578 3387 nato
1608 3339 1971 3387 ducentesimum

180 3398 416 3446 decimum
439 3399 719 3447 Britanniam
742 3400 978 3464 ingressus,
999 3404 1120 3450 ultra
1140 3401 1337 3449 limitem
1360 3402 1418 3447 ab
1442 3402 1650 3450 Adriano
1673 3404 1844 3451 factum
1864 3420 1972 3451 cen-

239 3516 300 3567 (1)
329 3519 367 3554 A
387 3518 486 3555 book
504 3518 591 3564 writ
610 3520 655 3569 by
680 3519 899 3557 Antoninus
919 3521 967 3558 of·
983 3520 1048 3558 the
1091 3546 1095 3549 -
1168 3519 1229 3570 (2)
1249 3520 1445 3570 Expeditio
1460 3521 1489 3558 is
1501 3523 1690 3571 ajourney
1707 3537 1749 3560 or
1766 3523 1976 3573 enterprize

186 3583 285 3618 ways
305 3573 375 3607 and
392 3571 567 3609 distance-s
598 3573 753 3610 betwixt
777 3573 842 3609 the
861 3582 980 3612 towns
1009 3574 1054 3612 cf
1114 3572 1153 3610 in
1174 3588 1261 3610 war.
1309 3575 1490 3611 Claudius
1509 3576 1644 3624 Caesar,
1665 3590 1848 3626 emperor,
1870 3589 1974 3612 carne

188 3623 253 3659 the
266 3624 417 3662 Roman
437 3626 627 3676 provinces
643 3627 682 3664 in
701 3627 847 3671 {Britain
866 3630 936 3664 and
953 3628 1047 3665 eise-
1114 3628 1195 3664 into
1221 3628 1366 3664 Britain
1397 3629 1488 3665 with
1523 3643 1568 3665 an
1599 3643 1703 3678 army
1723 3632 1792 3666 and
1814 3631 1976 3667 subdued

127 3676 139 3726 μ’
192 3677 329 3714 where.
1115 3680 1213 3718 some
1233 3681 1354 3718 ofthe
1374 3680 1547 3719 southern
1568 3693 1666 3732 parts
1685 3683 1844 3721 thereos.

1877 3745 1975 3782 tum
