2006 3858
298 176 601 243 Luam
693 174 1586 257 DECIMUSQUARTU&
1744 172 1869 257 389

92 296 189 329 rere
209 274 442 341 permistim,
466 272 639 319 vicinos
663 273 843 335 magnis
862 270 1197 319 calamitatibus
1217 269 1384 318 affecit.
1441 268 1669 317 Adversus
1692 270 1774 318 lio-s
1793 288 1872 319 co-

96 358 227 393 natus
241 347 398 388 decem
422 337 646 400 equitum,
668 338 971 399 peditumque
996 335 1140 382 millia
1161 334 1350 399 Proregi
1370 335 1566 390 decreta,
1590 347 1638 382 ut
1660 352 1764 382 eum
1796 350 1874 385 aut

93 420 295 471 caperet,
321 416 398 451 aut
415 416 556 466 regno
583 402 786 463 pelleret.
858 402 946 447 Sed
969 412 1212 463 antequam
1236 401 1290 446 ad
1317 417 1474 446 manus
1491 399 1738 454 veniretur,
1768 402 1876 450 Hu-

96 475 216 521 rnius
238 469 488 517 amicorum
528 463 650 510 suasu
691 464 739 510 in
772 464 980 528 Proregis
1018 465 1151 511 fidem
1193 465 1234 511 se
1265 465 1429 512 dedit:
1464 480 1516 511 ac
1535 463 1876 528 Edimburgum

98 538 257 584 ductus
277 531 454 579 Comiti
477 528 659 575 Araniae
677 529 848 575 Iacobo
869 529 1162 576 Hamiltonio
1190 529 1275 575 suae
1290 529 1448 577 sororis
1475 528 1637 576 marito
1660 530 1790 576 datus
1816 532 1876 577 est

98 597 436 651 custodiendus,
456 611 595 658 poena
613 593 945 656 perduellionis
964 594 1256 649 denunciata,
1278 595 1307 640 fi
1327 611 1432 641 eum
1447 594 1717 641 dimitteret.
1784 597 1878 643 ‘Sed

100 681 152 711 ea
173 680 241 709 res
277 657 665 724 praeter‘omnium
681 657 1049 719 expeciationem
1065 658 1198 704 ceflit.
1269 660 1392 705 Nam
1416 659 1620 706 Humius
1637 657 1877 707 Hamilto-

99 729 178 776 nio
201 725 428 789 persuasit,
447 737 495 769 ut
509 724 659 769 secum
685 738 772 768 una
793 721 1058 776 discederet,
1081 737 1121 770 :x
1148 723 1266 768 facia
1286 723 1601 783 conjuratione
1623 740 1773 771 rerum
1797 725 1882 773 ad-

99 791 474 839 ministrationem
498 786 591 850 ipse
614 786 872 850 susciperet,
899 789 947 832 tit
968 786 1048 849 qui
1084 787 1320 848 proximus
1345 790 1440 851 post
1472 788 1711 852 superioris
1736 791 1878 854 Regis

97 857 265 904 liberos
289 856 395 901 cffet
426 854 588 908 haeres,
631 869 796 916 nempe
817 868 840 897 e
863 851 1023 898 Iacobi
1046 852 1166 898 tertii
1189 851 1336 898 sorore
1358 853 1541 916 genitus
1568 873 1579 900 ε
1615 854 1880 918 aequiusque

99 922 200 976 effe,
228 931 278 966 ut
299 920 378 965 ille
418 916 680 981 proximum
707 934 732 962 a
755 919 885 980 Rege
923 917 1074 962 locum
1101 929 1289 970 teneret,
1316 934 1453 979 quam
1479 919 1671 965 Ioannes
1695 937 1719 965 e
1741 920 1882 966 fratre

95 985 311 1048 quidem,
356 983 428 1029 sed
451 982 586 1029 exule
622 994 771 1036 natue,
816 988 854 1028 ἐι
895 994 1057 1027 caetera
1081 981 1215 1042 plane
1238 981 1504 1045 peregrinus
1531 1002 1542 1030 :
1579 999 1682 1030 cum
1708 1001 1802 1047 quo
1824 1002 1884 1032 ne

98 1052 271 1113 linguae
293 1049 482 1112 quidem
525 1046 854 1093 commercium
878 1046 996 1091 esset.
1067 1046 1186 1092 Haec
1208 1047 1377 1093 Prorex
1419 1062 1524 1092 cum
1567 1048 1773 1103 rescisset,
1822 1050 1880 1095 ad

104 1114 430 1162 Hamiltonum
453 1126 604 1158 arcem
642 1112 911 1157 diruendam
939 1109 1165 1170 profectus
1188 1110 1384 1157 admotis
1409 1111 1630 1158 machinis
1668 1113 1788 1160 intra
1811 1113 1883 1160 bi-

103 1180 246 1225 duum
269 1194 372 1224 eam
392 1176 627 1223 deditione
648 1176 837 1238 recepit.
908 1175 1110 1221 Humius
1132 1175 1306 1221 interea
1327 1175 1455 1221 faffls
1479 1193 1502 1221 c
1524 1177 1700 1224 Marcia
1722 1194 1885 1225 excur-

103 1243 321 1297 sionibus,
365 1241 616 1303 vicinisque
659 1239 924 1304 regionibus
967 1238 1187 1301 spol.ati3‚
1211 1239 1441 1285 Dumbari
1483 1241 1646 1303 oppidi
1669 1259 1886 1306 magnam

99 1321 279 1372 partem
305 1306 441 1361 ferro,
468 1305 745 1368 flammaque
763 1303 966 1351 vastavit.
1036 1304 1154 1348 Haec
1176 1302 1271 1349 fere
1293 1320 1349 1350 eo
1372 1320 1492 1350 anno
1515 1307 1636 1368 gesta
1658 1306 1773 1352 sunt.

170 1374 256 1420 VI.
290 1370 425 1418 Veris
448 1369 582 1417 initio
605 1371 777 1417 acceflit
801 1371 857 1414 ad
897 1368 1142 1414 factionem
1166 1368 1490 1417 rebellantium
1515 1372 1711 1417 Ioannes
1730 1372 1886 1420 Stuar-

107 1449 178 1485 tus
219 1436 422 1484 Leviniae
469 1436 638 1482 Comes
677 1452 733 1482 ex
772 1432 1054 1481 Hamiltonii
1097 1432 1244 1479 sorore
1282 1433 1483 1497 genitus,
1516 1433 1769 1498 ingensque
1792 1453 1890 1485 ma-

106 1520 190 1550 nus
203 1502 475 1554 amicorum,
491 1504 537 1548 Sc
555 1500 791 1546 clientium
814 1497 927 1558 ejus.
997 1498 1064 1544 Hi
1083 1513 1216 1559 capta
1239 1514 1340 1545 arce
1366 1499 1648 1556 Glascuenfi,
1672 1518 1760 1548 una
1781 1518 1889 1552 cum

107 1566 403 1615 Hamiltonio
425 1564 636 1628 Proregis
662 1565 909 1611 adventum
931 1561 1001 1608 ibi
1022 1564 1352 1625 praestolantur.
1384 1565 1553 1611 Prorex
1575 1565 1762 1612 consilio
1780 1583 1890 1629 pro-

105 1648 262 1679 cerum
281 1633 458 1677 suarum
486 1632 688 1693 partium
718 1626 995 1690 Edimburgi
1016 1627 1192 1681 habite,
1213 1627 1479 1675 subitarium
1500 1630 1701 1677 confecit
1716 1632 1894 1680 exerci-

110 1710 306 1752 tum‚‘ac
326 1695 528 1741 hostibus
560 1711 652 1741 non
664 1695 901 1756 expectare
925 1692 1037 1738 aufis
1061 1691 1308 1739 Glascuam
1328 1693 1587 1757 ingreditur
1611 1713 1622 1741 z
1647 1711 1893 1760 arcemque

108 1761 289 1824 recipit.
321 1762 374 1807 In
397 1775 537 1805 unum
558 1757 935 1805 Bombardarium
956 1757 1151 1803 Gallum
1172 1771 1390 1820 tanquam
1414 1757 1686 1807 desertorem
1709 1762 1769 1807 est
1792 1762 1893 1809 ani-

109 1824 412 1873 madversum.
434 1822 644 1879 Caeteris‚
661 1824 933 1885 deprecante
957 1823 1183 1867 Formauo
1204 1834 1301 1869 tum
1325 1822 1451 1885 pacis
1474 1822 1739 1886 interprete,
1759 1827 1895 1874 venia

114 1892 175 1937 est
199 1890 318 1936 data.
343 1890 511 1935 Comes
536 1887 740 1935 Leviniae
762 1888 857 1951 post
882 1900 1052 1948 paucos
1077 1886 1174 1932 dies
1197 1885 1244 1932 in
1267 1887 1463 1950 gratiam
1481 1889 1540 1934 est
1558 1902 1767 1952 receptus
1793 1908 1805 1938 ς
1839 1908 1895 1938 ac

112 1971 170 2002 ex
192 1970 246 2001 eo
269 1955 344 2000 die
366 1953 541 1999 summa
562 1953 668 2008 fide,
710 1958 749 1998 Se
772 1950 1055 1997 observantia
1077 1950 1252 2012 semper
1273 1969 1382 2015 erga
1404 1953 1650 2016 Proregem
1690 1958 1750 2001 est
1775 1954 1893 2003 usus.

108 2031 111 2033 ’
147 2021 219 2065 Tec
241 2017 356 2065 adeo
396 2017 477 2064 diu
520 2019 634 2079 post,
673 2016 875 2079 primum
911 2015 1247 2071 Hamiltonius,
1289 2032 1340 2062 ac
1379 2034 1471 2063 non
1507 2020 1655 2066 multo
1677 2020 1901 2082 posterius

115 2083 319 2132 Humius
341 2082 389 2129 in
408 2082 559 2130 aulam
581 2082 829 2129 redierunt.
898 2081 976 2126 Eis
998 2096 1185 2143 quoque
1208 2081 1547 2143 praeteritorum
1566 2086 1715 2149 gratia
1736 2085 1855 2132 fasta
1883 2103 1899 2138 :

115 2149 188 2196 sed
227 2147 424 2202 Humio,
445 2147 572 2210 'quia
594 2146 752 2210 saepius
777 2145 1093 2199 rebellaverat,
1136 2146 1301 2209 aegrius
1320 2146 1455 2193 venia
1479 2147 1722 2210 impetrata
1748 2168 1758 2196 :
1791 2151 1898 2214 Iege

117 2214 256 2260 etiarn
279 2213 473 2274 adjeci&
498 2213 527 2258 si
550 2211 663 2275 quid
697 2212 792 2273 post
814 2211 862 2256 id
887 2225 1068 2283 tempus
1089 2210 1361 2267 offenderet,
1384 2225 1589 2260 veterum
1612 2229 1800 2277 quoque
1829 2216 1900 2264 fa-

116 2294 324 2325 cmorum
348 2292 617 2324 memoriam
639 2289 909 2323 renovatum
931 2292 1006 2321 iri.

178 2344 291 2390 VII.
322 2344 394 2390 Ita
415 2357 529 2406 pace
550 2342 759 2404 undique
778 2339 972 2387 stabilita
990 2341 1159 2387 Prorex
1180 2341 1235 2388 ad
1256 2340 1597 2388 Falcolandiam
1620 2341 1799 2390 seccsfit.
1833 2345 1900 2393 Il-

117 2407 179 2456 lic
201 2409 308 2454 αῦτη
327 2407 369 2454 se
393 2407 564 2453 menses
586 2407 764 2469 aliquot
795 2403 1104 2460 continuisset,
1144 2405 1322 2470 magnis
1345 2405 1666 2469 suspitionibus
1688 2409 1900 2458 adversus

120 2473 349 2522 Humium
372 2471 560 2526 coortiS,
584 2472 692 2518 inde
713 2469 1054 2533 Edimburgum
1078 2471 1232 2518 rediit.
1303 2472 1550 2518 Conventa
1573 2473 1815 2521 Procerum
1841 2475 1900 2523 ad

122 2540 333 2585 oftavum
361 2537 588 2584 Calendas
613 2534 831 2583 Ostobris
870 2535 1049 2589 habito,
1075 2536 1306 2583 Humium
1345 2536 1526 2599 magnis
1548 2538 1900 2600 pollicitationi-

119 2603 204 2649 bu3
228 2601 274 2648 in
296 2604 447 2649 aulam
470 2603 734 2664 protrahere
755 2617 837 2662 per
859 2599 1030 2646 amicos
1049 2602 1108 2646 cst
1131 2614 1336 2648 conatae.
1406 2602 1581 2648 Verum
1606 2602 1903 2652 dissuadenti*
1959 2643 1961 2645 .

119 2667 204 2714 bus
229 2667 454 2730 pluribus,
493 2679 572 2712 aut
595 2667 625 2713 sl
647 2666 731 2728 ipsi
761 2665 997 2712 decretum
1019 2666 1124 2712 effet
1165 2669 1224 2713 εὸ
1265 2665 1509 2729 proficisci,
1536 2679 1585 2714 ut
1607 2668 1907 2717 Gulielmum.

122 2733 304 2779 fratrem
335 2731 430 2793 (cui
471 2731 532 2778 ob
550 2729 871 2778 fortitudinem
910 2733 961 2778 ὅς
984 2731 1346 2779 munificentiam
1389 2749 1533 2795 prope
1576 2733 1737 2794 major,
1761 2751 1909 2798 quam.

119 2796 201 2861 ipsi
225 2809 320 2844 erat
342 2797 604 2856 auctoritas)
631 2795 759 2843 domi
779 2796 1062 2858 relinqueret
1083 2796 1439 2843 consulentibus·
1507 2799 1753 2861 Pron-egem
1775 2799 1900 2846 enim

122 2862 259 2910 fratre
276 2860 499 2908 incolumi
518 2860 636 2907 nihil
674 2860 831 2906 durius⁴
853 2861 898 2906 in
923 2860 1069 2922 ipsum
1095 2860 1424 2908 consulturum.
1463 2863 1475 2866 ‘s
1492 2863 1579 2908 Ille
1601 2875 1752 2908 tamen
1777 2865 1905 2910 velut

99 2976 103 2979 ,
122 2925 250 2973 fatali
272 2925 524 2973 necessitate
538 2941 739 2988 praeceps
754 2938 909 2988 raptus
931 2924 1089 2987 spretis
1111 2926 1367 2973 amicorum
1386 2926 1778 2973 admonitionibus
1797 2943 1906 2975 cum

123 2989 261 3037 fratre
285 2990 546 3045 Gulielmo‚
572 2994 620 3038 ὃς
641 2990 829 3036 Andrea
851 2990 974 3035 Caro
996 2991 1030 3036 F
1035 2990 1276 3037 arnihestio
1298 2992 1347 3037 in
1375 2993 1526 3036 aulam
1547 2991 1674 3037 venit
1699 3010 1711 3036 ι
1744 3007 1798 3037 ac
1821 2993 1905 3039 sta-

126 3054 211 3101 tim
232 3054 397 3102 diverfi
417 3054 467 3101 in
488 3055 710 3117 custodias
731 3055 828 3101 dati
851 3070 909 3100 ex
926 3054 1103 3101 consilii
1141 3055 1377 3109 sententia,
1402 3070 1572 3115 paucos
1610 3057 1708 3118 post
1730 3055 1826 3103 dies
1845 3057 1907 3104 ad.-

125 3119 302 3165 causam
322 3118 470 3182 patrio
509 3132 635 3165 more
671 3119 917 3165 dicendam
959 3119 1188 3181 produCti.
1258 3120 1360 3165 Nec
1386 3119 1532 3164 ullum
1556 3130 1707 3166 tamen
1731 3133 1904 3169 novum

127 3182 304 3244 facinus
327 3182 576 3244 objectum.
646 3182 889 3231 Accusavit
923 3183 1138 3245 princeps
1161 3184 1354 3229 Iacobus
1403 3183 1628 3230 Moraviae
1652 3185 1822 3233 Comes
1847 3189 1906 3234 de

129 3246 255 3293 caede
277 3247 433 3308 patris,
454 3262 598 3308 quem
620 3259 910 3308 compertum
931 3259 1028 3292 erat
1065 3248 1317 3293 multorum
1342 3247 1626 3304 testimoniis,
1651 3250 1811 3312 praelio
1834 3252 1905 3298 vi-

129 3326 240 3357 vum
262 3308 494 3357 exeeffiffe.
563 3311 654 3356 Sed
674 3311 779 3356 cum
803 3311 890 3357 hoc
911 3309 1089 3356 crimen
1109 3312 1274 3357 aeriter
1293 3311 1525 3371 objectum
1548 3330 1710 3376 parurn
1733 3316 1907 3380 perspi·-

127 3375 224 3421 cuis
247 3371 527 3438 argumentis
564 3374 926 3428 confirmaretur,
945 3375 1131 3421 tandem
1154 3375 1212 3421 ad
1232 3374 1412 3438 privata
1431 3376 1636 3425 facinora
1656 3381 1905 3437 recursum,

127 3445 172 3486 '&
196 3450 414 3486 renovata
429 3437 712 3500 superiorum
735 3452 944 3484 motuum
964 3438 1172 3486 civilium
1196 3440 1434 3496 memoria,
1471 3459 1667 3506 quorum
1699 3446 1910 3494 omnium

132 3516 211 3550 aut
232 3505 405 3558 auctor,
427 3501 744 3565 aut-particeps
759 3503 1022 3550 Alexander
1035 3502 1202 3551 fuisset.
1221 3505 1378 3567 Opera
1400 3505 1538 3554 etiam
1562 3509 1620 3556 ad
1633 3511 1667 3556 F
1673 3510 1910 3559 luidonem

132 3583 294 3629 parum
317 3568 512 3614 fideliter
535 3578 710 3622 navata,
735 3567 919 3614 crimini
942 3568 1092 3615 datur.
1160 3570 1236 3617 De
1250 3569 1464 3631 judicum
1499 3572 1720 3622 sententia
1741 3576 1914 3624 Humii

139 3631 358 3689 damnati,
380 3631 642 3684 Alexander
661 3631 827 3696 quinto
856 3633 967 3684 Idus
987 3633 1238 3693 ORobres,
1248 3634 1386 3686 frater
1406 3637 1622 3702 postridie
1640 3640 1790 3704 capite
1812 3642 1912 3686 lue-

1788 3719 1912 3764 runt,
