<?xml version="1.0" encoding="UTF-8"?>
<!DOCTYPE html PUBLIC "-//W3C//DTD XHTML 1.0 Transitional//EN"
    "http://www.w3.org/TR/xhtml1/DTD/xhtml1-transitional.dtd">
<html xmlns="http://www.w3.org/1999/xhtml" xml:lang="en" lang="en">
 <head>
  <title>
</title>
<meta http-equiv="Content-Type" content="text/html;charset=utf-8" />
  <meta name='ocr-system' content='tesseract 3.04.00' />
  <meta name='ocr-capabilities' content='ocr_page ocr_carea ocr_par ocr_line ocrx_word'/>
</head>
<body>
  <div class='ocr_page' id='page_1' title='image "./rerumscoticarumh00buch_0223.png"; bbox 0 0 2043 3864; ppageno 0'>
   <div class='ocr_carea' id='block_1_1' title="bbox 409 116 1817 196">
    <p class='ocr_par' dir='ltr' id='par_1_1' title="bbox 409 116 1817 196">
     <span class='ocr_line' id='line_1_1' title="bbox 409 116 1817 196; baseline -0.007 -11"><span class='ocrx_word' id='word_1_1' title='bbox 409 122 793 187; x_wconf 50' lang='lat' dir='ltr'>2L113ER</span> <span class='ocrx_word' id='word_1_2' title='bbox 882 116 1394 181; x_wconf 75' lang='lat' dir='ltr'><strong>OCTAVUS.</strong></span> <span class='ocrx_word' id='word_1_3' title='bbox 1684 128 1817 196; x_wconf 88' lang='lat'><strong>207</strong></span> 
     </span>
    </p>
   </div>
   <div class='ocr_carea' id='block_1_2' title="bbox 41 214 1822 862">
    <p class='ocr_par' dir='ltr' id='par_1_2' title="bbox 41 214 1814 407">
     <span class='ocr_line' id='line_1_2' title="bbox 41 214 1814 298; baseline -0.008 -20"><span class='ocrx_word' id='word_1_4' title='bbox 41 229 205 298; x_wconf 62' lang='lat' dir='ltr'><strong>paetiS,</strong></span> <span class='ocrx_word' id='word_1_5' title='bbox 229 224 381 289; x_wconf 81' lang='lat' dir='ltr'><strong>caepit.</strong></span> <span class='ocrx_word' id='word_1_6' title='bbox 447 219 767 270; x_wconf 82' lang='lat' dir='ltr'>Nihilominus</span> <span class='ocrx_word' id='word_1_7' title='bbox 803 219 874 280; x_wconf 85' lang='lat'><strong>(1)</strong></span> <span class='ocrx_word' id='word_1_8' title='bbox 898 217 1163 265; x_wconf 81' lang='lat' dir='ltr'><strong>Gulielmus</strong></span> <span class='ocrx_word' id='word_1_9' title='bbox 1188 215 1440 272; x_wconf 73' lang='lat' dir='ltr'><strong>OlivariuS,</strong></span> <span class='ocrx_word' id='word_1_10' title='bbox 1475 214 1558 277; x_wconf 87' lang='lat' dir='ltr'><strong>qui</strong></span> <span class='ocrx_word' id='word_1_11' title='bbox 1582 215 1673 263; x_wconf 82' lang='lat' dir='ltr'><strong>arci</strong></span> <span class='ocrx_word' id='word_1_12' title='bbox 1694 231 1814 288; x_wconf 67' lang='lat' dir='ltr'><strong>prae-</strong></span> 
     </span>
     <span class='ocr_line' id='line_1_3' title="bbox 47 280 1813 348; baseline -0.011 -4"><span class='ocrx_word' id='word_1_13' title='bbox 47 284 191 344; x_wconf 62' lang='lat' dir='ltr'><strong>fectus</strong></span> <span class='ocrx_word' id='word_1_14' title='bbox 215 305 311 340; x_wconf 90' lang='lat' dir='ltr'><strong>erat</strong></span> <span class='ocrx_word' id='word_1_15' title='bbox 342 286 550 336; x_wconf 83' lang='lat' dir='ltr'><strong>adversus</strong></span> <span class='ocrx_word' id='word_1_16' title='bbox 571 287 719 348; x_wconf 68' lang='lat' dir='ltr'><strong>pacta,</strong></span> <span class='ocrx_word' id='word_1_17' title='bbox 762 287 802 330; x_wconf 76' lang='grc' dir='ltr'><strong>δε</strong></span> <span class='ocrx_word' id='word_1_18' title='bbox 827 295 1052 329; x_wconf 88' lang='lat' dir='ltr'><strong>conventa</strong></span> <span class='ocrx_word' id='word_1_19' title='bbox 1069 283 1350 331; x_wconf 81' lang='lat' dir='ltr'><strong>retentu&#39;sest</strong></span> <span class='ocrx_word' id='word_1_20' title='bbox 1375 299 1388 328; x_wconf 70' lang='grc' dir='ltr'>ε</span> <span class='ocrx_word' id='word_1_21' title='bbox 1419 286 1460 328; x_wconf 85' lang='lat'>&amp;</span> <span class='ocrx_word' id='word_1_22' title='bbox 1482 280 1746 327; x_wconf 90' lang='lat' dir='ltr'><strong>Londinum</strong></span> <span class='ocrx_word' id='word_1_23' title='bbox 1763 295 1813 326; x_wconf 86' lang='lat' dir='ltr'><strong>m</strong></span> 
     </span>
     <span class='ocr_line' id='line_1_4' title="bbox 51 354 589 407; baseline -0.022 1"><span class='ocrx_word' id='word_1_24' title='bbox 51 357 299 407; x_wconf 81' lang='lat' dir='ltr'><strong>custodiam</strong></span> <span class='ocrx_word' id='word_1_25' title='bbox 317 354 483 401; x_wconf 81' lang='lat' dir='ltr'><strong>miffus.</strong></span> <span class='ocrx_word' id='word_1_26' title='bbox 519 375 523 380; x_wconf 97' lang='lat'>·</span> <span class='ocrx_word' id='word_1_27' title='bbox 586 358 589 360; x_wconf 84' lang='grc'><strong>’</strong></span> 
     </span>
    </p>

    <p class='ocr_par' dir='ltr' id='par_1_3' title="bbox 44 407 1822 862">
     <span class='ocr_line' id='line_1_5' title="bbox 113 407 1815 476; baseline -0.01 -5"><span class='ocrx_word' id='word_1_28' title='bbox 113 422 291 470; x_wconf 87' lang='lat' dir='ltr'>XXVI.</span> <span class='ocrx_word' id='word_1_29' title='bbox 327 417 452 462; x_wconf 87' lang='lat' dir='ltr'><strong>Tota</strong></span> <span class='ocrx_word' id='word_1_30' title='bbox 472 413 626 462; x_wconf 87' lang='lat' dir='ltr'><strong>Scotia</strong></span> <span class='ocrx_word' id='word_1_31' title='bbox 659 425 858 476; x_wconf 85' lang='lat' dir='ltr'><strong>recaepta</strong></span> <span class='ocrx_word' id='word_1_32' title='bbox 879 425 1131 459; x_wconf 87' lang='lat' dir='ltr'><strong>conventus</strong></span> <span class='ocrx_word' id='word_1_33' title='bbox 1154 411 1366 460; x_wconf 80' lang='lat' dir='ltr'>ordinum</span> <span class='ocrx_word' id='word_1_34' title='bbox 1407 409 1464 456; x_wconf 88' lang='lat' dir='ltr'><strong>ad</strong></span> <span class='ocrx_word' id='word_1_35' title='bbox 1487 409 1660 456; x_wconf 85' lang='lat' dir='ltr'>Fanum</span> <span class='ocrx_word' id='word_1_36' title='bbox 1683 407 1815 455; x_wconf 86' lang='lat' dir='ltr'><strong>And-</strong></span> 
     </span>
     <span class='ocr_line' id='line_1_6' title="bbox 49 472 1819 538; baseline -0.008 -3"><span class='ocrx_word' id='word_1_37' title='bbox 49 504 138 538; x_wconf 85' lang='lat' dir='ltr'><strong>reae</strong></span> <span class='ocrx_word' id='word_1_38' title='bbox 160 487 217 533; x_wconf 90' lang='lat' dir='ltr'><strong>ab</strong></span> <span class='ocrx_word' id='word_1_39' title='bbox 238 479 454 531; x_wconf 85' lang='lat' dir='ltr'><strong>Eduardo</strong></span> <span class='ocrx_word' id='word_1_40' title='bbox 477 480 537 526; x_wconf 88' lang='lat' dir='ltr'><strong>est</strong></span> <span class='ocrx_word' id='word_1_41' title='bbox 569 479 751 525; x_wconf 79' lang='lat' dir='ltr'><strong>habitus</strong></span> <span class='ocrx_word' id='word_1_42' title='bbox 786 497 796 524; x_wconf 89' lang='lat'>:</span> <span class='ocrx_word' id='word_1_43' title='bbox 856 475 937 522; x_wconf 91' lang='lat' dir='ltr'><strong>ubi</strong></span> <span class='ocrx_word' id='word_1_44' title='bbox 971 490 1129 523; x_wconf 85' lang='lat' dir='ltr'><strong>omnes</strong></span> <span class='ocrx_word' id='word_1_45' title='bbox 1163 477 1210 524; x_wconf 92' lang='lat' dir='ltr'><strong>in</strong></span> <span class='ocrx_word' id='word_1_46' title='bbox 1233 477 1328 538; x_wconf 86' lang='lat' dir='ltr'><strong>ejus</strong></span> <span class='ocrx_word' id='word_1_47' title='bbox 1351 476 1486 522; x_wconf 86' lang='lat' dir='ltr'><strong>fidem</strong></span> <span class='ocrx_word' id='word_1_48' title='bbox 1523 486 1649 520; x_wconf 86' lang='lat' dir='ltr'><strong>metu</strong></span> <span class='ocrx_word' id='word_1_49' title='bbox 1670 472 1819 520; x_wconf 62' lang='lat' dir='ltr'><strong>coacti</strong></span> 
     </span>
     <span class='ocr_line' id='line_1_7' title="bbox 44 537 1818 614; baseline -0.009 -16"><span class='ocrx_word' id='word_1_50' title='bbox 44 556 212 614; x_wconf 71' lang='lat' dir='ltr'><strong>Praeter</strong></span> <span class='ocrx_word' id='word_1_51' title='bbox 229 539 370 593; x_wconf 82' lang='lat' dir='ltr'><strong>unum</strong></span> <span class='ocrx_word' id='word_1_52' title='bbox 387 543 575 590; x_wconf 86' lang='lat' dir='ltr'><strong>Vallam</strong></span> <span class='ocrx_word' id='word_1_53' title='bbox 594 543 818 604; x_wconf 88' lang='lat' dir='ltr'><strong>jurarunt.</strong></span> <span class='ocrx_word' id='word_1_54' title='bbox 886 542 931 588; x_wconf 85' lang='lat' dir='ltr'><strong>Is</strong></span> <span class='ocrx_word' id='word_1_55' title='bbox 955 553 1161 587; x_wconf 82' lang='lat' dir='ltr'><strong>metuens</strong></span> <span class='ocrx_word' id='word_1_56' title='bbox 1186 559 1241 587; x_wconf 86' lang='lat' dir='ltr'><strong>ne</strong></span> <span class='ocrx_word' id='word_1_57' title='bbox 1263 542 1418 604; x_wconf 85' lang='lat' dir='ltr'><strong>Anglo</strong></span> <span class='ocrx_word' id='word_1_58' title='bbox 1442 539 1523 586; x_wconf 82' lang='lat' dir='ltr'><strong>fibi</strong></span> <span class='ocrx_word' id='word_1_59' title='bbox 1541 537 1818 586; x_wconf 84' lang='lat' dir='ltr'><strong>infestiffimo</strong></span> 
     </span>
     <span class='ocr_line' id='line_1_8' title="bbox 49 603 1819 669; baseline -0.006 -9"><span class='ocrx_word' id='word_1_60' title='bbox 49 617 78 663; x_wconf 71' lang='grc' dir='ltr'>ὲ</span> <span class='ocrx_word' id='word_1_61' title='bbox 99 611 336 660; x_wconf 86' lang='lat' dir='ltr'><strong>nobilitate</strong></span> <span class='ocrx_word' id='word_1_62' title='bbox 367 623 460 655; x_wconf 89' lang='lat' dir='ltr'><strong>non</strong></span> <span class='ocrx_word' id='word_1_63' title='bbox 484 607 586 655; x_wconf 88' lang='lat' dir='ltr'><strong>satis</strong></span> <span class='ocrx_word' id='word_1_64' title='bbox 609 623 740 669; x_wconf 86' lang='lat' dir='ltr'><strong>aequa</strong></span> <span class='ocrx_word' id='word_1_65' title='bbox 770 605 1056 667; x_wconf 79' lang='lat' dir='ltr'>proderetur,</span> <span class='ocrx_word' id='word_1_66' title='bbox 1080 618 1184 650; x_wconf 85' lang='lat' dir='ltr'><strong>cum</strong></span> <span class='ocrx_word' id='word_1_67' title='bbox 1207 605 1363 667; x_wconf 69' lang='lat' dir='ltr'><strong>paucis</strong></span> <span class='ocrx_word' id='word_1_68' title='bbox 1392 605 1450 652; x_wconf 89' lang='lat' dir='ltr'><strong>ad</strong></span> <span class='ocrx_word' id='word_1_69' title='bbox 1476 603 1683 666; x_wconf 80' lang='lat' dir='ltr'><strong>antiquas</strong></span> <span class='ocrx_word' id='word_1_70' title='bbox 1706 603 1819 649; x_wconf 85' lang='lat' dir='ltr'><strong>late-</strong></span> 
     </span>
     <span class='ocr_line' id='line_1_9' title="bbox 48 667 1822 732; baseline -0.006 -6"><span class='ocrx_word' id='word_1_71' title='bbox 48 681 149 726; x_wconf 86' lang='lat' dir='ltr'>bras</span> <span class='ocrx_word' id='word_1_72' title='bbox 172 673 350 722; x_wconf 81' lang='lat' dir='ltr'><strong>secefiit.</strong></span> <span class='ocrx_word' id='word_1_73' title='bbox 419 671 660 719; x_wconf 85' lang='lat' dir='ltr'><strong>Eduardus</strong></span> <span class='ocrx_word' id='word_1_74' title='bbox 680 671 906 732; x_wconf 64' lang='lat' dir='ltr'><strong>praefectis</strong></span> <span class='ocrx_word' id='word_1_75' title='bbox 928 673 977 719; x_wconf 87' lang='lat'>&amp;</span> <span class='ocrx_word' id='word_1_76' title='bbox 998 668 1330 730; x_wconf 86' lang='lat' dir='ltr'><strong>magistratibus</strong></span> <span class='ocrx_word' id='word_1_77' title='bbox 1354 686 1433 732; x_wconf 89' lang='lat' dir='ltr'><strong>per</strong></span> <span class='ocrx_word' id='word_1_78' title='bbox 1451 682 1594 715; x_wconf 87' lang='lat' dir='ltr'><strong>totam</strong></span> <span class='ocrx_word' id='word_1_79' title='bbox 1618 667 1822 716; x_wconf 85' lang='lat' dir='ltr'><strong>Scotiam</strong></span> 
     </span>
     <span class='ocr_line' id='line_1_10' title="bbox 45 730 1820 800; baseline -0.006 -12"><span class='ocrx_word' id='word_1_80' title='bbox 45 730 267 789; x_wconf 79' lang='lat' dir='ltr'><strong>ordinatis</strong></span> <span class='ocrx_word' id='word_1_81' title='bbox 289 736 401 784; x_wconf 88' lang='lat' dir='ltr'><strong>sein</strong></span> <span class='ocrx_word' id='word_1_82' title='bbox 438 736 658 800; x_wconf 84' lang='lat' dir='ltr'><strong>Angliam</strong></span> <span class='ocrx_word' id='word_1_83' title='bbox 685 734 890 798; x_wconf 85' lang='lat' dir='ltr'><strong>recaepit.</strong></span> <span class='ocrx_word' id='word_1_84' title='bbox 958 736 1067 796; x_wconf 85' lang='lat' dir='ltr'><strong>Qo</strong></span> <span class='ocrx_word' id='word_1_85' title='bbox 1096 732 1144 779; x_wconf 87' lang='lat' dir='ltr'><strong>in</strong></span> <span class='ocrx_word' id='word_1_86' title='bbox 1166 733 1348 780; x_wconf 81' lang='lat' dir='ltr'><strong>disceffu</strong></span> <span class='ocrx_word' id='word_1_87' title='bbox 1388 733 1661 797; x_wconf 78' lang='lat' dir='ltr'><strong>singularem</strong></span> <span class='ocrx_word' id='word_1_88' title='bbox 1682 731 1746 779; x_wconf 87' lang='lat' dir='ltr'><strong>sui</strong></span> <span class='ocrx_word' id='word_1_89' title='bbox 1767 748 1820 778; x_wconf 93' lang='lat' dir='ltr'><strong>o-</strong></span> 
     </span>
     <span class='ocr_line' id='line_1_11' title="bbox 46 797 1820 862; baseline -0.005 -10"><span class='ocrx_word' id='word_1_90' title='bbox 46 805 116 852; x_wconf 90' lang='lat' dir='ltr'><strong>dii</strong></span> <span class='ocrx_word' id='word_1_91' title='bbox 135 805 183 851; x_wconf 89' lang='lat' dir='ltr'><strong>in</strong></span> <span class='ocrx_word' id='word_1_92' title='bbox 206 819 341 849; x_wconf 81' lang='lat' dir='ltr'><strong>omne</strong></span> <span class='ocrx_word' id='word_1_93' title='bbox 370 816 537 848; x_wconf 89' lang='lat' dir='ltr'><strong>nomen</strong></span> <span class='ocrx_word' id='word_1_94' title='bbox 570 800 802 847; x_wconf 81' lang='lat' dir='ltr'><strong>Scoticum</strong></span> <span class='ocrx_word' id='word_1_95' title='bbox 825 797 1199 862; x_wconf 80' lang='lat' dir='ltr'><strong>significationem</strong></span> <span class='ocrx_word' id='word_1_96' title='bbox 1224 797 1427 859; x_wconf 79' lang='lat' dir='ltr'><strong>reliquit.</strong></span> <span class='ocrx_word' id='word_1_97' title='bbox 1495 797 1607 844; x_wconf 88' lang='lat' dir='ltr'><strong>Non</strong></span> <span class='ocrx_word' id='word_1_98' title='bbox 1629 808 1820 844; x_wconf 87' lang='lat' dir='ltr'><strong>conten-</strong></span> 
     </span>
    </p>
   </div>
   <div class='ocr_carea' id='block_1_3' title="bbox 47 861 1902 926">
    <p class='ocr_par' dir='ltr' id='par_1_4' title="bbox 47 861 1902 926">
     <span class='ocr_line' id='line_1_12' title="bbox 47 861 1902 926; baseline -0.005 -10"><span class='ocrx_word' id='word_1_99' title='bbox 47 882 124 916; x_wconf 72' lang='lat' dir='ltr'><strong>tus</strong></span> <span class='ocrx_word' id='word_1_100' title='bbox 140 868 264 915; x_wconf 87' lang='lat' dir='ltr'><strong>enim</strong></span> <span class='ocrx_word' id='word_1_101' title='bbox 284 865 492 912; x_wconf 81' lang='lat' dir='ltr'><strong>sustuliffe</strong></span> <span class='ocrx_word' id='word_1_102' title='bbox 515 881 688 919; x_wconf 82' lang='lat' dir='ltr'><strong>omnes,</strong></span> <span class='ocrx_word' id='word_1_103' title='bbox 715 864 798 926; x_wconf 88' lang='lat' dir='ltr'><strong>qui</strong></span> <span class='ocrx_word' id='word_1_104' title='bbox 819 881 888 909; x_wconf 85' lang='lat' dir='ltr'><strong>res</strong></span> <span class='ocrx_word' id='word_1_105' title='bbox 912 868 1050 908; x_wconf 77' lang='lat' dir='ltr'><strong>noVas</strong></span> <span class='ocrx_word' id='word_1_106' title='bbox 1072 861 1226 915; x_wconf 80' lang='lat' dir='ltr'><strong>moliri</strong></span> <span class='ocrx_word' id='word_1_107' title='bbox 1243 863 1362 924; x_wconf 76' lang='lat' dir='ltr'><strong>posse</strong></span> <span class='ocrx_word' id='word_1_108' title='bbox 1382 861 1670 916; x_wconf 84' lang='lat' dir='ltr'><strong>videbantur,</strong></span> <span class='ocrx_word' id='word_1_109' title='bbox 1694 861 1822 924; x_wconf 79' lang='lat' dir='ltr'><strong>adje·</strong></span> <span class='ocrx_word' id='word_1_110' title='bbox 1898 866 1902 871; x_wconf 73' lang='grc'><em>’</em></span> 
     </span>
    </p>
   </div>
   <div class='ocr_carea' id='block_1_4' title="bbox 12 925 1845 3048">
    <p class='ocr_par' dir='ltr' id='par_1_5' title="bbox 12 925 1845 3048">
     <span class='ocr_line' id='line_1_13' title="bbox 48 925 1822 990; baseline -0.004 -10"><span class='ocrx_word' id='word_1_111' title='bbox 48 933 113 981; x_wconf 90' lang='lat' dir='ltr'><strong>cit</strong></span> <span class='ocrx_word' id='word_1_112' title='bbox 136 933 338 979; x_wconf 83' lang='lat' dir='ltr'><strong>animum</strong></span> <span class='ocrx_word' id='word_1_113' title='bbox 371 930 427 975; x_wconf 88' lang='lat' dir='ltr'><strong>ad</strong></span> <span class='ocrx_word' id='word_1_114' title='bbox 460 946 646 976; x_wconf 83' lang='lat' dir='ltr'><strong>omnem</strong></span> <span class='ocrx_word' id='word_1_115' title='bbox 687 931 736 990; x_wconf 83' lang='lat' dir='ltr'><strong>(fi</strong></span> <span class='ocrx_word' id='word_1_116' title='bbox 761 928 859 975; x_wconf 88' lang='lat' dir='ltr'><strong>fieri</strong></span> <span class='ocrx_word' id='word_1_117' title='bbox 880 928 1040 990; x_wconf 72' lang='lat' dir='ltr'><strong>posset)</strong></span> <span class='ocrx_word' id='word_1_118' title='bbox 1066 926 1216 988; x_wconf 84' lang='lat' dir='ltr'><strong>gentis</strong></span> <span class='ocrx_word' id='word_1_119' title='bbox 1241 927 1509 974; x_wconf 82' lang='lat' dir='ltr'>memoriam</span> <span class='ocrx_word' id='word_1_120' title='bbox 1529 925 1822 973; x_wconf 83' lang='lat' dir='ltr'>abolendam.</span> 
     </span>
     <span class='ocr_line' id='line_1_14' title="bbox 49 990 1824 1060; baseline -0.005 -15"><span class='ocrx_word' id='word_1_121' title='bbox 49 999 198 1060; x_wconf 80' lang='lat' dir='ltr'><strong>Leges</strong></span> <span class='ocrx_word' id='word_1_122' title='bbox 221 996 346 1042; x_wconf 85' lang='lat' dir='ltr'><strong>enim</strong></span> <span class='ocrx_word' id='word_1_123' title='bbox 368 1007 539 1041; x_wconf 84' lang='lat' dir='ltr'><strong>veteres</strong></span> <span class='ocrx_word' id='word_1_124' title='bbox 562 994 734 1041; x_wconf 88' lang='lat' dir='ltr'><strong>delevit</strong></span> <span class='ocrx_word' id='word_1_125' title='bbox 757 1011 768 1039; x_wconf 79' lang='lat' dir='ltr'><strong>t</strong></span> <span class='ocrx_word' id='word_1_126' title='bbox 815 992 926 1039; x_wconf 84' lang='lat' dir='ltr'><strong>ritus</strong></span> <span class='ocrx_word' id='word_1_127' title='bbox 948 992 1101 1037; x_wconf 81' lang='lat' dir='ltr'><strong>eccles.</strong></span> <span class='ocrx_word' id='word_1_128' title='bbox 1111 991 1263 1037; x_wconf 81' lang='lat' dir='ltr'><strong>asticos</strong></span> <span class='ocrx_word' id='word_1_129' title='bbox 1286 993 1344 1038; x_wconf 90' lang='lat' dir='ltr'><strong>ad</strong></span> <span class='ocrx_word' id='word_1_130' title='bbox 1367 990 1615 1053; x_wconf 87' lang='lat' dir='ltr'><strong>Anglicam</strong></span> <span class='ocrx_word' id='word_1_131' title='bbox 1636 991 1824 1038; x_wconf 90' lang='lat' dir='ltr'><strong>consue-</strong></span> 
     </span>
     <span class='ocr_line' id='line_1_15' title="bbox 48 1054 1824 1117; baseline -0.005 -8"><span class='ocrx_word' id='word_1_132' title='bbox 48 1062 255 1110; x_wconf 83' lang='lat' dir='ltr'><strong>tudinem</strong></span> <span class='ocrx_word' id='word_1_133' title='bbox 279 1060 478 1106; x_wconf 81' lang='lat' dir='ltr'><strong>traduxit</strong></span> <span class='ocrx_word' id='word_1_134' title='bbox 504 1076 519 1104; x_wconf 66' lang='lat' dir='ltr'>t</span> <span class='ocrx_word' id='word_1_135' title='bbox 563 1058 785 1111; x_wconf 86' lang='lat' dir='ltr'><strong>historias,</strong></span> <span class='ocrx_word' id='word_1_136' title='bbox 822 1055 1014 1108; x_wconf 64' lang='lat' dir='ltr'><strong>foedera,</strong></span> <span class='ocrx_word' id='word_1_137' title='bbox 1057 1068 1446 1117; x_wconf 83' lang='lat' dir='ltr'><strong>monumentaque</strong></span> <span class='ocrx_word' id='word_1_138' title='bbox 1481 1055 1654 1102; x_wconf 87' lang='lat' dir='ltr'><strong>vetusta</strong></span> <span class='ocrx_word' id='word_1_139' title='bbox 1687 1056 1776 1102; x_wconf 85' lang='lat' dir='ltr'><strong>five</strong></span> <span class='ocrx_word' id='word_1_140' title='bbox 1795 1054 1824 1101; x_wconf 69' lang='lat' dir='ltr'><strong>a</strong></span> 
     </span>
     <span class='ocr_line' id='line_1_16' title="bbox 48 1118 1821 1177; baseline -0.004 -4"><span class='ocrx_word' id='word_1_141' title='bbox 48 1125 272 1174; x_wconf 82' lang='lat' dir='ltr'><strong>Romanis</strong></span> <span class='ocrx_word' id='word_1_142' title='bbox 289 1124 458 1177; x_wconf 73' lang='lat' dir='ltr'><strong>reliEta,</strong></span> <span class='ocrx_word' id='word_1_143' title='bbox 480 1123 567 1169; x_wconf 87' lang='lat' dir='ltr'><strong>five</strong></span> <span class='ocrx_word' id='word_1_144' title='bbox 590 1123 617 1167; x_wconf 76' lang='grc' dir='ltr'>ὲ</span> <span class='ocrx_word' id='word_1_145' title='bbox 636 1121 783 1168; x_wconf 88' lang='lat' dir='ltr'><strong>Scotis</strong></span> <span class='ocrx_word' id='word_1_146' title='bbox 801 1121 949 1167; x_wconf 62' lang='lat' dir='ltr'><strong>erefita</strong></span> <span class='ocrx_word' id='word_1_147' title='bbox 964 1119 1232 1165; x_wconf 85' lang='lat' dir='ltr'><strong>destruenda</strong></span> <span class='ocrx_word' id='word_1_148' title='bbox 1244 1119 1451 1171; x_wconf 84' lang='lat' dir='ltr'><strong>curavit:</strong></span> <span class='ocrx_word' id='word_1_149' title='bbox 1477 1118 1620 1165; x_wconf 86' lang='lat' dir='ltr'><strong>libros</strong></span> <span class='ocrx_word' id='word_1_150' title='bbox 1642 1131 1821 1173; x_wconf 86' lang='lat' dir='ltr'><strong>omnes,</strong></span> 
     </span>
     <span class='ocr_line' id='line_1_17' title="bbox 50 1181 1826 1251; baseline -0.003 -14"><span class='ocrx_word' id='word_1_151' title='bbox 50 1191 376 1251; x_wconf 82' lang='lat' dir='ltr'>literarumque</span> <span class='ocrx_word' id='word_1_152' title='bbox 395 1188 603 1234; x_wconf 62' lang='lat' dir='ltr'><strong>dofitores</strong></span> <span class='ocrx_word' id='word_1_153' title='bbox 622 1185 670 1232; x_wconf 92' lang='lat' dir='ltr'><strong>in</strong></span> <span class='ocrx_word' id='word_1_154' title='bbox 687 1184 907 1247; x_wconf 82' lang='lat' dir='ltr'><strong>Angliam</strong></span> <span class='ocrx_word' id='word_1_155' title='bbox 925 1182 1163 1230; x_wconf 78' lang='lat' dir='ltr'><strong>transtulit,</strong></span> <span class='ocrx_word' id='word_1_156' title='bbox 1193 1181 1494 1244; x_wconf 81' lang='lat' dir='ltr'><strong>(2)Lapidem</strong></span> <span class='ocrx_word' id='word_1_157' title='bbox 1516 1198 1826 1231; x_wconf 86' lang='lat' dir='ltr'><strong>marmoreum</strong></span> 
     </span>
     <span class='ocr_line' id='line_1_18' title="bbox 50 1246 1824 1316; baseline -0.004 -15"><span class='ocrx_word' id='word_1_158' title='bbox 50 1255 229 1308; x_wconf 85' lang='lat' dir='ltr'><strong>rudem,</strong></span> <span class='ocrx_word' id='word_1_159' title='bbox 253 1254 300 1300; x_wconf 90' lang='lat' dir='ltr'><strong>in</strong></span> <span class='ocrx_word' id='word_1_160' title='bbox 321 1268 414 1316; x_wconf 90' lang='lat' dir='ltr'><strong>quo</strong></span> <span class='ocrx_word' id='word_1_161' title='bbox 436 1250 580 1298; x_wconf 85' lang='lat' dir='ltr'><strong>fatum</strong></span> <span class='ocrx_word' id='word_1_162' title='bbox 603 1250 735 1312; x_wconf 87' lang='lat' dir='ltr'><strong>regni</strong></span> <span class='ocrx_word' id='word_1_163' title='bbox 756 1247 983 1296; x_wconf 83' lang='lat' dir='ltr'><strong>contineri</strong></span> <span class='ocrx_word' id='word_1_164' title='bbox 1003 1248 1146 1310; x_wconf 86' lang='lat' dir='ltr'><strong>vulgo</strong></span> <span class='ocrx_word' id='word_1_165' title='bbox 1169 1246 1423 1310; x_wconf 83' lang='lat' dir='ltr'><strong>persuasum</strong></span> <span class='ocrx_word' id='word_1_166' title='bbox 1445 1259 1541 1293; x_wconf 88' lang='lat' dir='ltr'><strong>erat</strong></span> <span class='ocrx_word' id='word_1_167' title='bbox 1558 1247 1824 1294; x_wconf 85' lang='lat' dir='ltr'><strong>Londinum</strong></span> 
     </span>
     <span class='ocr_line' id='line_1_19' title="bbox 53 1309 1827 1379; baseline -0.004 -14"><span class='ocrx_word' id='word_1_168' title='bbox 53 1319 173 1366; x_wconf 82' lang='lat' dir='ltr'><strong>misit</strong></span> <span class='ocrx_word' id='word_1_169' title='bbox 198 1336 209 1364; x_wconf 74' lang='grc' dir='ltr'>ε</span> <span class='ocrx_word' id='word_1_170' title='bbox 245 1333 392 1379; x_wconf 89' lang='lat' dir='ltr'><strong>neque</strong></span> <span class='ocrx_word' id='word_1_171' title='bbox 414 1315 670 1378; x_wconf 83' lang='lat' dir='ltr'><strong>quidquam</strong></span> <span class='ocrx_word' id='word_1_172' title='bbox 694 1312 885 1360; x_wconf 88' lang='lat' dir='ltr'><strong>omnino</strong></span> <span class='ocrx_word' id='word_1_173' title='bbox 908 1311 1111 1374; x_wconf 87' lang='lat' dir='ltr'><strong>reliquit,</strong></span> <span class='ocrx_word' id='word_1_174' title='bbox 1136 1312 1262 1373; x_wconf 90' lang='lat' dir='ltr'><strong>quod</strong></span> <span class='ocrx_word' id='word_1_175' title='bbox 1285 1309 1463 1373; x_wconf 87' lang='lat' dir='ltr'><strong>spiritus</strong></span> <span class='ocrx_word' id='word_1_176' title='bbox 1486 1311 1725 1374; x_wconf 88' lang='lat' dir='ltr'><strong>generosos</strong></span> <span class='ocrx_word' id='word_1_177' title='bbox 1749 1325 1827 1358; x_wconf 87' lang='lat' dir='ltr'><strong>aut</strong></span> 
     </span>
     <span class='ocr_line' id='line_1_20' title="bbox 51 1375 1826 1442; baseline -0.003 -13"><span class='ocrx_word' id='word_1_178' title='bbox 51 1382 120 1429; x_wconf 85' lang='lat' dir='ltr'><strong>sui</strong></span> <span class='ocrx_word' id='word_1_179' title='bbox 134 1382 354 1429; x_wconf 86' lang='lat' dir='ltr'><strong>memoria</strong></span> <span class='ocrx_word' id='word_1_180' title='bbox 370 1381 427 1425; x_wconf 90' lang='lat' dir='ltr'><strong>ad</strong></span> <span class='ocrx_word' id='word_1_181' title='bbox 445 1379 640 1442; x_wconf 79' lang='lat' dir='ltr'><strong>pristinae</strong></span> <span class='ocrx_word' id='word_1_182' title='bbox 663 1378 858 1424; x_wconf 83' lang='lat' dir='ltr'><strong>fortunae</strong></span> <span class='ocrx_word' id='word_1_183' title='bbox 879 1375 1245 1423; x_wconf 79' lang='lat' dir='ltr'><strong>recordationem</strong></span> <span class='ocrx_word' id='word_1_184' title='bbox 1259 1375 1474 1430; x_wconf 86' lang='lat' dir='ltr'><strong>excitare,</strong></span> <span class='ocrx_word' id='word_1_185' title='bbox 1491 1389 1569 1422; x_wconf 87' lang='lat' dir='ltr'><strong>aut</strong></span> <span class='ocrx_word' id='word_1_186' title='bbox 1590 1375 1647 1422; x_wconf 86' lang='lat' dir='ltr'><strong>ad</strong></span> <span class='ocrx_word' id='word_1_187' title='bbox 1670 1392 1826 1423; x_wconf 87' lang='lat' dir='ltr'><strong>veram</strong></span> 
     </span>
     <span class='ocr_line' id='line_1_21' title="bbox 51 1440 1828 1509; baseline -0.004 -16"><span class='ocrx_word' id='word_1_188' title='bbox 51 1446 194 1493; x_wconf 82' lang='lat' dir='ltr'><strong>animi</strong></span> <span class='ocrx_word' id='word_1_189' title='bbox 219 1444 583 1509; x_wconf 81' lang='lat' dir='ltr'><strong>magnitudinem</strong></span> <span class='ocrx_word' id='word_1_190' title='bbox 604 1443 804 1496; x_wconf 89' lang='lat' dir='ltr'><strong>erudire,</strong></span> <span class='ocrx_word' id='word_1_191' title='bbox 833 1445 882 1489; x_wconf 66' lang='grc' dir='ltr'><strong>ὃς</strong></span> <span class='ocrx_word' id='word_1_192' title='bbox 904 1442 1113 1487; x_wconf 76' lang='lat' dir='ltr'><strong>excolere</strong></span> <span class='ocrx_word' id='word_1_193' title='bbox 1142 1441 1301 1503; x_wconf 87' lang='lat' dir='ltr'><strong>posset.</strong></span> <span class='ocrx_word' id='word_1_194' title='bbox 1386 1441 1456 1487; x_wconf 84' lang='lat' dir='ltr'><strong>Ita</strong></span> <span class='ocrx_word' id='word_1_195' title='bbox 1477 1457 1570 1487; x_wconf 90' lang='lat' dir='ltr'><strong>non</strong></span> <span class='ocrx_word' id='word_1_196' title='bbox 1589 1440 1733 1486; x_wconf 87' lang='lat' dir='ltr'><strong>solum</strong></span> <span class='ocrx_word' id='word_1_197' title='bbox 1758 1440 1828 1486; x_wconf 86' lang='lat' dir='ltr'><strong>vi-</strong></span> 
     </span>
     <span class='ocr_line' id='line_1_22' title="bbox 51 1504 1830 1569; baseline -0.003 -12"><span class='ocrx_word' id='word_1_198' title='bbox 51 1511 196 1563; x_wconf 79' lang='lat' dir='ltr'><strong>ribuS,</strong></span> <span class='ocrx_word' id='word_1_199' title='bbox 219 1511 295 1557; x_wconf 90' lang='lat' dir='ltr'><strong>sed</strong></span> <span class='ocrx_word' id='word_1_200' title='bbox 316 1508 454 1555; x_wconf 88' lang='lat' dir='ltr'><strong>etiam</strong></span> <span class='ocrx_word' id='word_1_201' title='bbox 472 1507 635 1554; x_wconf 88' lang='lat' dir='ltr'><strong>animis</strong></span> <span class='ocrx_word' id='word_1_202' title='bbox 657 1511 729 1569; x_wconf 89' lang='lat' dir='ltr'><strong>(ut</strong></span> <span class='ocrx_word' id='word_1_203' title='bbox 745 1507 946 1565; x_wconf 87' lang='lat' dir='ltr'><strong>rebatur)</strong></span> <span class='ocrx_word' id='word_1_204' title='bbox 972 1504 1141 1560; x_wconf 57' lang='lat' dir='ltr'><strong>fractis,</strong></span> <span class='ocrx_word' id='word_1_205' title='bbox 1166 1504 1268 1551; x_wconf 81' lang='lat' dir='ltr'><strong>&amp;in</strong></span> <span class='ocrx_word' id='word_1_206' title='bbox 1288 1504 1492 1552; x_wconf 85' lang='lat' dir='ltr'><strong>servilem</strong></span> <span class='ocrx_word' id='word_1_207' title='bbox 1515 1504 1830 1552; x_wconf 81' lang='lat' dir='ltr'><strong>humilitatem</strong></span> 
     </span>
     <span class='ocr_line' id='line_1_23' title="bbox 53 1569 1828 1637; baseline -0.003 -15"><span class='ocrx_word' id='word_1_208' title='bbox 53 1575 239 1636; x_wconf 62' lang='lat' dir='ltr'><strong>dejectis</strong></span> <span class='ocrx_word' id='word_1_209' title='bbox 258 1586 524 1637; x_wconf 82' lang='lat' dir='ltr'><strong>perpetuam</strong></span> <span class='ocrx_word' id='word_1_210' title='bbox 543 1572 626 1618; x_wconf 87' lang='lat' dir='ltr'><strong>fibi</strong></span> <span class='ocrx_word' id='word_1_211' title='bbox 642 1571 772 1617; x_wconf 86' lang='lat' dir='ltr'><strong>illi-nc</strong></span> <span class='ocrx_word' id='word_1_212' title='bbox 790 1585 949 1632; x_wconf 88' lang='lat' dir='ltr'><strong>pacem</strong></span> <span class='ocrx_word' id='word_1_213' title='bbox 972 1569 1237 1632; x_wconf 83' lang='lat' dir='ltr'><strong>spondebat.</strong></span> <span class='ocrx_word' id='word_1_214' title='bbox 1262 1569 1473 1631; x_wconf 71' lang='lat' dir='ltr'><strong>Reliquit</strong></span> <span class='ocrx_word' id='word_1_215' title='bbox 1490 1581 1642 1617; x_wconf 85' lang='lat' dir='ltr'><strong>autem</strong></span> <span class='ocrx_word' id='word_1_216' title='bbox 1665 1571 1735 1632; x_wconf 87' lang='lat'><strong>(3)</strong></span> <span class='ocrx_word' id='word_1_217' title='bbox 1757 1572 1828 1616; x_wconf 89' lang='lat' dir='ltr'><strong>O-</strong></span> 
     </span>
     <span class='ocr_line' id='line_1_24' title="bbox 53 1632 1824 1697; baseline -0.003 -12"><span class='ocrx_word' id='word_1_218' title='bbox 53 1640 296 1685; x_wconf 82' lang='lat' dir='ltr'><strong>domarum</strong></span> <span class='ocrx_word' id='word_1_219' title='bbox 317 1636 620 1684; x_wconf 80' lang='lat' dir='ltr'><strong>Valentinum</strong></span> <span class='ocrx_word' id='word_1_220' title='bbox 643 1652 726 1697; x_wconf 92' lang='lat' dir='ltr'><strong>pro</strong></span> <span class='ocrx_word' id='word_1_221' title='bbox 749 1636 897 1696; x_wconf 87' lang='lat' dir='ltr'><strong>Rege,</strong></span> <span class='ocrx_word' id='word_1_222' title='bbox 929 1634 1012 1696; x_wconf 90' lang='lat' dir='ltr'><strong>qui</strong></span> <span class='ocrx_word' id='word_1_223' title='bbox 1034 1632 1243 1680; x_wconf 81' lang='lat' dir='ltr'><strong>omnium</strong></span> <span class='ocrx_word' id='word_1_224' title='bbox 1265 1649 1485 1680; x_wconf 84' lang='lat' dir='ltr'><strong>novarum</strong></span> <span class='ocrx_word' id='word_1_225' title='bbox 1506 1649 1657 1681; x_wconf 86' lang='lat' dir='ltr'><strong>rerum</strong></span> <span class='ocrx_word' id='word_1_226' title='bbox 1688 1633 1824 1681; x_wconf 85' lang='lat' dir='ltr'><strong>moli-</strong></span> 
     </span>
     <span class='ocr_line' id='line_1_25' title="bbox 55 1696 1743 1764; baseline -0.001 -16"><span class='ocrx_word' id='word_1_227' title='bbox 55 1703 199 1755; x_wconf 82' lang='lat' dir='ltr'><strong>mina,</strong></span> <span class='ocrx_word' id='word_1_228' title='bbox 225 1703 256 1747; x_wconf 84' lang='lat' dir='ltr'><strong>fi</strong></span> <span class='ocrx_word' id='word_1_229' title='bbox 278 1718 369 1764; x_wconf 88' lang='lat' dir='ltr'><strong>qua</strong></span> <span class='ocrx_word' id='word_1_230' title='bbox 389 1711 694 1763; x_wconf 82' lang='lat' dir='ltr'><strong>emergerent,</strong></span> <span class='ocrx_word' id='word_1_231' title='bbox 719 1698 768 1744; x_wconf 87' lang='lat' dir='ltr'><strong>in</strong></span> <span class='ocrx_word' id='word_1_232' title='bbox 791 1709 893 1743; x_wconf 90' lang='lat' dir='ltr'><strong>ortu</strong></span> <span class='ocrx_word' id='word_1_233' title='bbox 911 1698 1011 1760; x_wconf 87' lang='lat' dir='ltr'><strong>ipso</strong></span> <span class='ocrx_word' id='word_1_234' title='bbox 1034 1696 1340 1760; x_wconf 84' lang='lat' dir='ltr'><strong>extingueret.</strong></span> <span class='ocrx_word' id='word_1_235' title='bbox 1425 1744 1428 1747; x_wconf 88' lang='lat'><strong>.</strong></span> <span class='ocrx_word' id='word_1_236' title='bbox 1741 1736 1743 1739; x_wconf 17' lang='grc' dir='ltr'><em>Α</em></span> 
     </span>
     <span class='ocr_line' id='line_1_26' title="bbox 121 1760 1830 1813; baseline -0.001 0"><span class='ocrx_word' id='word_1_237' title='bbox 121 1766 326 1813; x_wconf 83' lang='lat' dir='ltr'>XXVII.</span> <span class='ocrx_word' id='word_1_238' title='bbox 359 1766 535 1810; x_wconf 88' lang='lat' dir='ltr'><strong>Verum</strong></span> <span class='ocrx_word' id='word_1_239' title='bbox 572 1764 745 1809; x_wconf 89' lang='lat' dir='ltr'><strong>bellum</strong></span> <span class='ocrx_word' id='word_1_240' title='bbox 778 1760 821 1807; x_wconf 88' lang='lat' dir='ltr'><strong>ei</strong></span> <span class='ocrx_word' id='word_1_241' title='bbox 854 1778 1028 1808; x_wconf 78' lang='lat' dir='ltr'><strong>novum</strong></span> <span class='ocrx_word' id='word_1_242' title='bbox 1050 1762 1170 1808; x_wconf 89' lang='lat' dir='ltr'><strong>unde</strong></span> <span class='ocrx_word' id='word_1_243' title='bbox 1191 1762 1383 1810; x_wconf 68' lang='lat' dir='ltr'><strong>minime</strong></span> <span class='ocrx_word' id='word_1_244' title='bbox 1415 1761 1599 1810; x_wconf 73' lang='lat' dir='ltr'><strong>rebatur</strong></span> <span class='ocrx_word' id='word_1_245' title='bbox 1619 1763 1679 1810; x_wconf 86' lang='lat' dir='ltr'><strong>est</strong></span> <span class='ocrx_word' id='word_1_246' title='bbox 1697 1779 1830 1811; x_wconf 78' lang='lat' dir='ltr'><strong>exor-</strong></span> 
     </span>
     <span class='ocr_line' id='line_1_27' title="bbox 56 1826 1831 1890; baseline -0.001 -14"><span class='ocrx_word' id='word_1_247' title='bbox 56 1842 172 1876; x_wconf 86' lang='lat' dir='ltr'><strong>tum.</strong></span> <span class='ocrx_word' id='word_1_248' title='bbox 223 1831 362 1876; x_wconf 82' lang='lat' dir='ltr'><strong>Erant</strong></span> <span class='ocrx_word' id='word_1_249' title='bbox 383 1828 506 1890; x_wconf 88' lang='lat' dir='ltr'><strong>apud</strong></span> <span class='ocrx_word' id='word_1_250' title='bbox 527 1828 794 1873; x_wconf 87' lang='lat' dir='ltr'><strong>Eduardum</strong></span> <span class='ocrx_word' id='word_1_251' title='bbox 813 1827 991 1889; x_wconf 86' lang='lat' dir='ltr'><strong>Regem</strong></span> <span class='ocrx_word' id='word_1_252' title='bbox 1013 1826 1186 1872; x_wconf 86' lang='lat' dir='ltr'><strong>Scotici</strong></span> <span class='ocrx_word' id='word_1_253' title='bbox 1206 1828 1385 1889; x_wconf 84' lang='lat' dir='ltr'><strong>generis</strong></span> <span class='ocrx_word' id='word_1_254' title='bbox 1408 1827 1496 1873; x_wconf 82' lang='lat' dir='ltr'><strong>viri</strong></span> <span class='ocrx_word' id='word_1_255' title='bbox 1517 1827 1635 1874; x_wconf 87' lang='lat' dir='ltr'><strong>inter</strong></span> <span class='ocrx_word' id='word_1_256' title='bbox 1657 1828 1831 1890; x_wconf 78' lang='lat' dir='ltr'><strong>primos</strong></span> 
     </span>
     <span class='ocr_line' id='line_1_28' title="bbox 58 1889 1828 1954; baseline -0.001 -14"><span class='ocrx_word' id='word_1_257' title='bbox 58 1894 170 1940; x_wconf 86' lang='lat' dir='ltr'><strong>clari</strong></span> <span class='ocrx_word' id='word_1_258' title='bbox 193 1894 421 1940; x_wconf 85' lang='lat' dir='ltr'><strong>Robertus</strong></span> <span class='ocrx_word' id='word_1_259' title='bbox 449 1891 642 1938; x_wconf 83' lang='lat' dir='ltr'><strong>Bruffius</strong></span> <span class='ocrx_word' id='word_1_260' title='bbox 665 1891 783 1937; x_wconf 84' lang='lat' dir='ltr'><strong>filius</strong></span> <span class='ocrx_word' id='word_1_261' title='bbox 805 1889 919 1950; x_wconf 87' lang='lat' dir='ltr'><strong>ejus,</strong></span> <span class='ocrx_word' id='word_1_262' title='bbox 951 1890 1040 1951; x_wconf 38' lang='lat' dir='ltr'><strong>‘qui</strong></span> <span class='ocrx_word' id='word_1_263' title='bbox 1059 1906 1167 1936; x_wconf 88' lang='lat' dir='ltr'><strong>cum</strong></span> <span class='ocrx_word' id='word_1_264' title='bbox 1190 1890 1385 1938; x_wconf 87' lang='lat' dir='ltr'><strong>Balliolo</strong></span> <span class='ocrx_word' id='word_1_265' title='bbox 1402 1891 1460 1938; x_wconf 90' lang='lat' dir='ltr'><strong>de</strong></span> <span class='ocrx_word' id='word_1_266' title='bbox 1477 1907 1622 1954; x_wconf 85' lang='lat' dir='ltr'><strong>regno</strong></span> <span class='ocrx_word' id='word_1_267' title='bbox 1636 1889 1828 1939; x_wconf 82' lang='lat' dir='ltr'><strong>conten-</strong></span> 
     </span>
     <span class='ocr_line' id='line_1_29' title="bbox 56 1953 1831 2010; baseline 0 -6"><span class='ocrx_word' id='word_1_268' title='bbox 56 1957 203 2010; x_wconf 87' lang='lat' dir='ltr'><strong>derat,</strong></span> <span class='ocrx_word' id='word_1_269' title='bbox 229 1962 268 2003; x_wconf 85' lang='lat'>&amp;</span> <span class='ocrx_word' id='word_1_270' title='bbox 292 1957 483 2001; x_wconf 85' lang='lat' dir='ltr'><strong>Ioannes</strong></span> <span class='ocrx_word' id='word_1_271' title='bbox 504 1953 748 2002; x_wconf 83' lang='lat' dir='ltr'><strong>Cuminius</strong></span> <span class='ocrx_word' id='word_1_272' title='bbox 772 1953 797 1999; x_wconf 73' lang='grc' dir='ltr'><strong>Ξι</strong></span> <span class='ocrx_word' id='word_1_273' title='bbox 818 1954 972 2000; x_wconf 87' lang='lat' dir='ltr'><strong>colore</strong></span> <span class='ocrx_word' id='word_1_274' title='bbox 990 1953 1124 2001; x_wconf 84' lang='lat' dir='ltr'><strong>faciei</strong></span> <span class='ocrx_word' id='word_1_275' title='bbox 1159 1955 1317 2003; x_wconf 87' lang='lat' dir='ltr'><strong>Ruber</strong></span> <span class='ocrx_word' id='word_1_276' title='bbox 1345 1954 1494 2002; x_wconf 64' lang='lat' dir='ltr'><strong>dietus</strong></span> <span class='ocrx_word' id='word_1_277' title='bbox 1515 1954 1702 2005; x_wconf 48' lang='lat' dir='ltr'><strong>Ioanni&amp;</strong></span> <span class='ocrx_word' id='word_1_278' title='bbox 1726 1957 1831 2004; x_wconf 87' lang='lat' dir='ltr'><strong>Bal-</strong></span> 
     </span>
     <span class='ocr_line' id='line_1_30' title="bbox 55 2018 1831 2084; baseline 0.001 -17"><span class='ocrx_word' id='word_1_279' title='bbox 55 2021 158 2068; x_wconf 88' lang='lat' dir='ltr'><strong>lioli</strong></span> <span class='ocrx_word' id='word_1_280' title='bbox 188 2019 387 2082; x_wconf 83' lang='lat' dir='ltr'><strong>proximi</strong></span> <span class='ocrx_word' id='word_1_281' title='bbox 417 2020 656 2066; x_wconf 87' lang='lat' dir='ltr'><strong>Scotorum</strong></span> <span class='ocrx_word' id='word_1_282' title='bbox 679 2018 822 2080; x_wconf 81' lang='lat' dir='ltr'><strong>Regis</strong></span> <span class='ocrx_word' id='word_1_283' title='bbox 845 2018 1158 2066; x_wconf 84' lang='lat' dir='ltr'><strong>consobrinus.</strong></span> <span class='ocrx_word' id='word_1_284' title='bbox 1224 2020 1328 2066; x_wconf 90' lang='lat' dir='ltr'><strong>Hos</strong></span> <span class='ocrx_word' id='word_1_285' title='bbox 1349 2020 1592 2067; x_wconf 88' lang='lat' dir='ltr'><strong>Eduardus</strong></span> <span class='ocrx_word' id='word_1_286' title='bbox 1624 2020 1831 2084; x_wconf 64' lang='lat' dir='ltr'><strong>saepenua</strong></span> 
     </span>
     <span class='ocr_line' id='line_1_31' title="bbox 58 2081 1835 2148; baseline 0.001 -17"><span class='ocrx_word' id='word_1_287' title='bbox 58 2100 186 2132; x_wconf 89' lang='lat' dir='ltr'><strong>mero</strong></span> <span class='ocrx_word' id='word_1_288' title='bbox 208 2083 396 2130; x_wconf 86' lang='lat' dir='ltr'><strong>seorsum</strong></span> <span class='ocrx_word' id='word_1_289' title='bbox 418 2094 666 2129; x_wconf 84' lang='lat' dir='ltr'><strong>conventos</strong></span> <span class='ocrx_word' id='word_1_290' title='bbox 684 2098 800 2129; x_wconf 78' lang='lat' dir='ltr'><strong>vana</strong></span> <span class='ocrx_word' id='word_1_291' title='bbox 821 2081 952 2145; x_wconf 89' lang='lat' dir='ltr'><strong>regni</strong></span> <span class='ocrx_word' id='word_1_292' title='bbox 971 2083 1046 2145; x_wconf 87' lang='lat' dir='ltr'><strong>spe</strong></span> <span class='ocrx_word' id='word_1_293' title='bbox 1070 2083 1151 2130; x_wconf 89' lang='lat' dir='ltr'><strong>diu</strong></span> <span class='ocrx_word' id='word_1_294' title='bbox 1174 2082 1405 2130; x_wconf 83' lang='lat' dir='ltr'><strong>frustratus</strong></span> <span class='ocrx_word' id='word_1_295' title='bbox 1429 2095 1525 2131; x_wconf 89' lang='lat' dir='ltr'><strong>erat</strong></span> <span class='ocrx_word' id='word_1_296' title='bbox 1549 2103 1561 2131; x_wconf 88' lang='lat'>:</span> <span class='ocrx_word' id='word_1_297' title='bbox 1607 2098 1744 2148; x_wconf 82' lang='lat' dir='ltr'><strong>atque</strong></span> <span class='ocrx_word' id='word_1_298' title='bbox 1766 2085 1835 2133; x_wconf 83' lang='lat' dir='ltr'><strong>ita</strong></span> 
     </span>
     <span class='ocr_line' id='line_1_32' title="bbox 57 2146 1833 2211; baseline 0 -14"><span class='ocrx_word' id='word_1_299' title='bbox 57 2165 199 2211; x_wconf 86' lang='lat' dir='ltr'><strong>opera</strong></span> <span class='ocrx_word' id='word_1_300' title='bbox 216 2162 374 2194; x_wconf 88' lang='lat' dir='ltr'><strong>eorum</strong></span> <span class='ocrx_word' id='word_1_301' title='bbox 396 2147 442 2194; x_wconf 90' lang='lat' dir='ltr'><strong>in</strong></span> <span class='ocrx_word' id='word_1_302' title='bbox 468 2147 622 2193; x_wconf 84' lang='lat' dir='ltr'><strong>Scotia</strong></span> <span class='ocrx_word' id='word_1_303' title='bbox 636 2146 953 2208; x_wconf 80' lang='lat' dir='ltr'><strong>perdomanda</strong></span> <span class='ocrx_word' id='word_1_304' title='bbox 975 2147 1093 2194; x_wconf 88' lang='lat' dir='ltr'><strong>usus.</strong></span> <span class='ocrx_word' id='word_1_305' title='bbox 1161 2147 1391 2195; x_wconf 65' lang='lat' dir='ltr'><strong>Patefae&#39;ta</strong></span> <span class='ocrx_word' id='word_1_306' title='bbox 1413 2149 1601 2196; x_wconf 88' lang='lat' dir='ltr'><strong>tandem</strong></span> <span class='ocrx_word' id='word_1_307' title='bbox 1622 2149 1833 2197; x_wconf 84' lang='lat' dir='ltr'><strong>ludifica-</strong></span> 
     </span>
     <span class='ocr_line' id='line_1_33' title="bbox 12 2209 1835 2278; baseline 0.001 -19"><span class='ocrx_word' id='word_1_308' title='bbox 12 2250 13 2253; x_wconf 65' lang='lat'><strong>,</strong></span> <span class='ocrx_word' id='word_1_309' title='bbox 60 2212 186 2260; x_wconf 88' lang='lat' dir='ltr'><strong>tione</strong></span> <span class='ocrx_word' id='word_1_310' title='bbox 203 2211 318 2259; x_wconf 80' lang='lat' dir='ltr'><strong>nihil</strong></span> <span class='ocrx_word' id='word_1_311' title='bbox 339 2211 483 2276; x_wconf 85' lang='lat' dir='ltr'><strong>magis</strong></span> <span class='ocrx_word' id='word_1_312' title='bbox 505 2224 694 2273; x_wconf 87' lang='lat' dir='ltr'><strong>uterque</strong></span> <span class='ocrx_word' id='word_1_313' title='bbox 710 2212 970 2272; x_wconf 83' lang='lat' dir='ltr'><strong>expetebat,</strong></span> <span class='ocrx_word' id='word_1_314' title='bbox 991 2228 1129 2275; x_wconf 86' lang='lat' dir='ltr'><strong>quam</strong></span> <span class='ocrx_word' id='word_1_315' title='bbox 1147 2209 1430 2260; x_wconf 65' lang='lat' dir='ltr'><strong>occasionem</strong></span> <span class='ocrx_word' id='word_1_316' title='bbox 1448 2229 1540 2275; x_wconf 89' lang='lat' dir='ltr'><strong>qua</strong></span> <span class='ocrx_word' id='word_1_317' title='bbox 1560 2214 1702 2278; x_wconf 89' lang='lat' dir='ltr'><strong>Regis</strong></span> <span class='ocrx_word' id='word_1_318' title='bbox 1725 2231 1835 2278; x_wconf 85' lang='lat' dir='ltr'><strong>erga</strong></span> 
     </span>
     <span class='ocr_line' id='line_1_34' title="bbox 60 2275 1834 2340; baseline 0.001 -16"><span class='ocrx_word' id='word_1_319' title='bbox 60 2277 104 2324; x_wconf 84' lang='lat' dir='ltr'><strong>se</strong></span> <span class='ocrx_word' id='word_1_320' title='bbox 132 2276 372 2340; x_wconf 83' lang='lat' dir='ltr'><strong>perfidiam</strong></span> <span class='ocrx_word' id='word_1_321' title='bbox 394 2275 698 2323; x_wconf 85' lang='lat' dir='ltr'><strong>ulcisceretur.</strong></span> <span class='ocrx_word' id='word_1_322' title='bbox 766 2275 855 2321; x_wconf 88' lang='lat' dir='ltr'><strong>Sed</strong></span> <span class='ocrx_word' id='word_1_323' title='bbox 891 2288 941 2323; x_wconf 91' lang='lat' dir='ltr'><strong>ut</strong></span> <span class='ocrx_word' id='word_1_324' title='bbox 971 2276 1145 2332; x_wconf 85' lang='lat' dir='ltr'><strong>aemu1i‚</strong></span> <span class='ocrx_word' id='word_1_325' title='bbox 1177 2288 1338 2324; x_wconf 86' lang='lat' dir='ltr'><strong>mutua</strong></span> <span class='ocrx_word' id='word_1_326' title='bbox 1359 2276 1603 2340; x_wconf 88' lang='lat' dir='ltr'><strong>suspitione</strong></span> <span class='ocrx_word' id='word_1_327' title='bbox 1625 2278 1834 2325; x_wconf 89' lang='lat' dir='ltr'><strong>contine-</strong></span> 
     </span>
     <span class='ocr_line' id='line_1_35' title="bbox 61 2339 1834 2406; baseline 0 -18"><span class='ocrx_word' id='word_1_328' title='bbox 61 2341 241 2396; x_wconf 86' lang='lat' dir='ltr'><strong>bantur,</strong></span> <span class='ocrx_word' id='word_1_329' title='bbox 267 2358 324 2387; x_wconf 93' lang='lat' dir='ltr'><strong>ne</strong></span> <span class='ocrx_word' id='word_1_330' title='bbox 346 2341 530 2387; x_wconf 79' lang='lat' dir='ltr'><strong>conlilia</strong></span> <span class='ocrx_word' id='word_1_331' title='bbox 545 2339 954 2387; x_wconf 83' lang='lat' dir='ltr'><strong>communicarent.</strong></span> <span class='ocrx_word' id='word_1_332' title='bbox 1023 2341 1239 2388; x_wconf 87' lang='lat' dir='ltr'><strong>Tandem</strong></span> <span class='ocrx_word' id='word_1_333' title='bbox 1261 2341 1507 2390; x_wconf 87' lang='lat' dir='ltr'><strong>Cuminius</strong></span> <span class='ocrx_word' id='word_1_334' title='bbox 1529 2358 1636 2391; x_wconf 89' lang='lat' dir='ltr'><strong>cum</strong></span> <span class='ocrx_word' id='word_1_335' title='bbox 1658 2359 1711 2390; x_wconf 90' lang='lat' dir='ltr'><strong>ea</strong></span> <span class='ocrx_word' id='word_1_336' title='bbox 1727 2359 1834 2406; x_wconf 79' lang='lat' dir='ltr'><strong>quae</strong></span> 
     </span>
     <span class='ocr_line' id='line_1_36' title="bbox 59 2404 1836 2469; baseline 0.002 -19"><span class='ocrx_word' id='word_1_337' title='bbox 59 2418 336 2469; x_wconf 75' lang='lat' dir='ltr'><strong>gererentur.</strong></span> <span class='ocrx_word' id='word_1_338' title='bbox 351 2404 521 2452; x_wconf 74' lang='lat' dir='ltr'><strong>Brussio</strong></span> <span class='ocrx_word' id='word_1_339' title='bbox 540 2404 723 2468; x_wconf 87' lang='lat' dir='ltr'><strong>ingrata</strong></span> <span class='ocrx_word' id='word_1_340' title='bbox 742 2404 827 2450; x_wconf 76' lang='lat' dir='ltr'><strong>ess‘e</strong></span> <span class='ocrx_word' id='word_1_341' title='bbox 848 2404 1152 2467; x_wconf 73' lang='lat' dir='ltr'><strong>comperisset,</strong></span> <span class='ocrx_word' id='word_1_342' title='bbox 1194 2406 1253 2452; x_wconf 90' lang='lat' dir='ltr'><strong>ab</strong></span> <span class='ocrx_word' id='word_1_343' title='bbox 1269 2404 1406 2453; x_wconf 88' lang='lat' dir='ltr'><strong>initio</strong></span> <span class='ocrx_word' id='word_1_344' title='bbox 1433 2406 1660 2454; x_wconf 82' lang='lat' dir='ltr'><strong>malorum</strong></span> <span class='ocrx_word' id='word_1_345' title='bbox 1682 2408 1836 2455; x_wconf 90' lang='lat' dir='ltr'><strong>omni-</strong></span> 
     </span>
     <span class='ocr_line' id='line_1_37' title="bbox 61 2466 1838 2534; baseline 0.002 -18"><span class='ocrx_word' id='word_1_346' title='bbox 61 2486 142 2523; x_wconf 72' lang='lat' dir='ltr'><strong>um</strong></span> <span class='ocrx_word' id='word_1_347' title='bbox 163 2469 490 2531; x_wconf 81' lang='lat' dir='ltr'><strong>exorsusapud</strong></span> <span class='ocrx_word' id='word_1_348' title='bbox 511 2485 617 2516; x_wconf 89' lang='lat' dir='ltr'><strong>eum</strong></span> <span class='ocrx_word' id='word_1_349' title='bbox 635 2466 795 2531; x_wconf 85' lang='lat' dir='ltr'><strong>patriae</strong></span> <span class='ocrx_word' id='word_1_350' title='bbox 817 2468 1126 2515; x_wconf 85' lang='lat' dir='ltr'><strong>calamitatem</strong></span> <span class='ocrx_word' id='word_1_351' title='bbox 1146 2469 1442 2517; x_wconf 89' lang='lat' dir='ltr'><strong>vehementer</strong></span> <span class='ocrx_word' id='word_1_352' title='bbox 1463 2471 1721 2534; x_wconf 88' lang='lat' dir='ltr'><strong>deploravit</strong></span> <span class='ocrx_word' id='word_1_353' title='bbox 1745 2489 1758 2518; x_wconf 79' lang='lat' dir='ltr'><strong>t</strong></span> <span class='ocrx_word' id='word_1_354' title='bbox 1796 2478 1838 2520; x_wconf 75' lang='grc' dir='ltr'><strong>δε</strong></span> 
     </span>
     <span class='ocr_line' id='line_1_38' title="bbox 51 2531 1840 2597; baseline 0.002 -17"><span class='ocrx_word' id='word_1_355' title='bbox 51 2533 111 2581; x_wconf 77' lang='lat' dir='ltr'><strong>‚in</strong></span> <span class='ocrx_word' id='word_1_356' title='bbox 133 2534 370 2596; x_wconf 85' lang='lat' dir='ltr'><strong>perfidiam</strong></span> <span class='ocrx_word' id='word_1_357' title='bbox 389 2532 532 2596; x_wconf 86' lang='lat' dir='ltr'><strong>Regis</strong></span> <span class='ocrx_word' id='word_1_358' title='bbox 556 2531 702 2596; x_wconf 76' lang='lat' dir='ltr'><strong>Angli</strong></span> <span class='ocrx_word' id='word_1_359' title='bbox 722 2532 924 2579; x_wconf 89' lang='lat' dir='ltr'><strong>multum</strong></span> <span class='ocrx_word' id='word_1_360' title='bbox 940 2533 1145 2580; x_wconf 65' lang='lat' dir='ltr'><strong>invectus</strong></span> <span class='ocrx_word' id='word_1_361' title='bbox 1164 2533 1251 2581; x_wconf 88' lang='lat' dir='ltr'><strong>sese</strong></span> <span class='ocrx_word' id='word_1_362' title='bbox 1268 2534 1317 2581; x_wconf 90' lang='lat' dir='ltr'><strong>in</strong></span> <span class='ocrx_word' id='word_1_363' title='bbox 1339 2534 1518 2597; x_wconf 88' lang='lat' dir='ltr'><strong>primis,</strong></span> <span class='ocrx_word' id='word_1_364' title='bbox 1541 2551 1595 2588; x_wconf 80' lang='lat' dir='ltr'><strong>ac</strong></span> <span class='ocrx_word' id='word_1_365' title='bbox 1616 2535 1840 2586; x_wconf 85' lang='lat' dir='ltr'><strong>Bruffium</strong></span> 
     </span>
     <span class='ocr_line' id='line_1_39' title="bbox 43 2597 1839 2661; baseline 0.002 -17"><span class='ocrx_word' id='word_1_366' title='bbox 43 2605 47 2609; x_wconf 82' lang='grc'><strong>”</strong></span> <span class='ocrx_word' id='word_1_367' title='bbox 60 2598 265 2661; x_wconf 83' lang='lat' dir='ltr'><strong>graviter</strong></span> <span class='ocrx_word' id='word_1_368' title='bbox 282 2597 521 2651; x_wconf 84' lang='lat' dir='ltr'><strong>incusavit,</strong></span> <span class='ocrx_word' id='word_1_369' title='bbox 545 2612 741 2659; x_wconf 88' lang='lat' dir='ltr'><strong>quorum</strong></span> <span class='ocrx_word' id='word_1_370' title='bbox 764 2597 955 2652; x_wconf 83' lang='lat' dir='ltr'><strong>auxilio,</strong></span> <span class='ocrx_word' id='word_1_371' title='bbox 979 2603 1019 2645; x_wconf 87' lang='lat'>&amp;</span> <span class='ocrx_word' id='word_1_372' title='bbox 1042 2597 1200 2645; x_wconf 88' lang='lat' dir='ltr'><strong>labore</strong></span> <span class='ocrx_word' id='word_1_373' title='bbox 1221 2598 1288 2646; x_wconf 83' lang='lat' dir='ltr'><strong>sui</strong></span> <span class='ocrx_word' id='word_1_374' title='bbox 1306 2598 1427 2645; x_wconf 87' lang='lat' dir='ltr'><strong>cives</strong></span> <span class='ocrx_word' id='word_1_375' title='bbox 1449 2599 1498 2647; x_wconf 91' lang='lat' dir='ltr'><strong>in</strong></span> <span class='ocrx_word' id='word_1_376' title='bbox 1532 2616 1606 2647; x_wconf 88' lang='lat' dir='ltr'><strong>eas</strong></span> <span class='ocrx_word' id='word_1_377' title='bbox 1640 2600 1839 2649; x_wconf 84' lang='lat' dir='ltr'><strong>miserias</strong></span> 
     </span>
     <span class='ocr_line' id='line_1_40' title="bbox 63 2660 1842 2728; baseline 0.003 -20"><span class='ocrx_word' id='word_1_378' title='bbox 63 2661 336 2708; x_wconf 81' lang='lat' dir='ltr'><strong>incidissent.</strong></span> <span class='ocrx_word' id='word_1_379' title='bbox 404 2663 474 2708; x_wconf 82' lang='lat' dir='ltr'><strong>Ex</strong></span> <span class='ocrx_word' id='word_1_380' title='bbox 492 2661 581 2707; x_wconf 88' lang='lat' dir='ltr'><strong>hoc</strong></span> <span class='ocrx_word' id='word_1_381' title='bbox 601 2660 819 2707; x_wconf 82' lang='lat' dir='ltr'><strong>sermonis</strong></span> <span class='ocrx_word' id='word_1_382' title='bbox 841 2660 976 2709; x_wconf 89' lang='lat' dir='ltr'><strong>initio</strong></span> <span class='ocrx_word' id='word_1_383' title='bbox 997 2661 1180 2727; x_wconf 90' lang='lat' dir='ltr'><strong>longius</strong></span> <span class='ocrx_word' id='word_1_384' title='bbox 1202 2663 1417 2727; x_wconf 87' lang='lat' dir='ltr'><strong>progrefli</strong></span> <span class='ocrx_word' id='word_1_385' title='bbox 1437 2678 1543 2711; x_wconf 89' lang='lat' dir='ltr'><strong>cum</strong></span> <span class='ocrx_word' id='word_1_386' title='bbox 1561 2674 1755 2728; x_wconf 89' lang='lat' dir='ltr'><strong>uterque</strong></span> <span class='ocrx_word' id='word_1_387' title='bbox 1773 2668 1842 2712; x_wconf 82' lang='lat' dir='ltr'><strong>al-</strong></span> 
     </span>
     <span class='ocr_line' id='line_1_41' title="bbox 63 2724 1842 2784; baseline 0.003 -13"><span class='ocrx_word' id='word_1_388' title='bbox 63 2724 151 2772; x_wconf 86' lang='lat' dir='ltr'><strong>teri</strong></span> <span class='ocrx_word' id='word_1_389' title='bbox 169 2726 226 2772; x_wconf 90' lang='lat' dir='ltr'><strong>de</strong></span> <span class='ocrx_word' id='word_1_390' title='bbox 248 2724 425 2772; x_wconf 76' lang='lat' dir='ltr'><strong>silentio</strong></span> <span class='ocrx_word' id='word_1_391' title='bbox 443 2725 579 2772; x_wconf 83' lang='lat' dir='ltr'><strong>fidem</strong></span> <span class='ocrx_word' id='word_1_392' title='bbox 602 2725 838 2780; x_wconf 67' lang='lat' dir='ltr'><strong>dedissent,</strong></span> <span class='ocrx_word' id='word_1_393' title='bbox 863 2727 1051 2773; x_wconf 86' lang='lat' dir='ltr'><strong>demum</strong></span> <span class='ocrx_word' id='word_1_394' title='bbox 1069 2726 1188 2774; x_wconf 91' lang='lat' dir='ltr'><strong>inter</strong></span> <span class='ocrx_word' id='word_1_395' title='bbox 1208 2743 1286 2774; x_wconf 90' lang='lat' dir='ltr'><strong>eos</strong></span> <span class='ocrx_word' id='word_1_396' title='bbox 1300 2728 1369 2779; x_wconf 60' lang='lat' dir='ltr'><strong>,ita</strong></span> <span class='ocrx_word' id='word_1_397' title='bbox 1380 2729 1614 2784; x_wconf 87' lang='lat' dir='ltr'><strong>convenit,</strong></span> <span class='ocrx_word' id='word_1_398' title='bbox 1640 2740 1691 2776; x_wconf 90' lang='lat' dir='ltr'><strong>ut</strong></span> <span class='ocrx_word' id='word_1_399' title='bbox 1707 2730 1842 2777; x_wconf 85' lang='lat' dir='ltr'><strong>Brus-</strong></span> 
     </span>
     <span class='ocr_line' id='line_1_42' title="bbox 61 2788 1842 2853; baseline 0.003 -17"><span class='ocrx_word' id='word_1_400' title='bbox 61 2790 149 2836; x_wconf 83' lang='lat' dir='ltr'><strong>fius</strong></span> <span class='ocrx_word' id='word_1_401' title='bbox 171 2806 366 2853; x_wconf 74' lang='lat' dir='ltr'><strong>regnum</strong></span> <span class='ocrx_word' id='word_1_402' title='bbox 387 2788 633 2845; x_wconf 81' lang='lat' dir='ltr'><strong>obtineret,</strong></span> <span class='ocrx_word' id='word_1_403' title='bbox 663 2789 856 2837; x_wconf 88' lang='lat' dir='ltr'><strong>cedente</strong></span> <span class='ocrx_word' id='word_1_404' title='bbox 876 2789 921 2837; x_wconf 90' lang='lat' dir='ltr'><strong>ei</strong></span> <span class='ocrx_word' id='word_1_405' title='bbox 943 2789 1254 2853; x_wconf 81' lang='lat' dir='ltr'><strong>Cuminiojus</strong></span> <span class='ocrx_word' id='word_1_406' title='bbox 1277 2792 1424 2840; x_wconf 89' lang='lat' dir='ltr'><strong>suum.</strong></span> <span class='ocrx_word' id='word_1_407' title='bbox 1494 2793 1740 2840; x_wconf 88' lang='lat' dir='ltr'><strong>Cuminius</strong></span> <span class='ocrx_word' id='word_1_408' title='bbox 1759 2811 1842 2840; x_wconf 86' lang='lat' dir='ltr'><strong>ve-</strong></span> 
     </span>
     <span class='ocr_line' id='line_1_43' title="bbox 15 2853 1842 2918; baseline 0.001 -17"><span class='ocrx_word' id='word_1_409' title='bbox 15 2912 17 2914; x_wconf 30' lang='grc'><strong>,</strong></span> <span class='ocrx_word' id='word_1_410' title='bbox 63 2869 116 2902; x_wconf 81' lang='lat' dir='ltr'><strong>ro</strong></span> <span class='ocrx_word' id='word_1_411' title='bbox 146 2853 303 2901; x_wconf 76' lang='lat' dir='ltr'><strong>Bruffii</strong></span> <span class='ocrx_word' id='word_1_412' title='bbox 332 2870 484 2917; x_wconf 77' lang='lat' dir='ltr'><strong>agros,</strong></span> <span class='ocrx_word' id='word_1_413' title='bbox 506 2870 623 2916; x_wconf 89' lang='lat' dir='ltr'><strong>quos</strong></span> <span class='ocrx_word' id='word_1_414' title='bbox 645 2853 694 2902; x_wconf 82' lang='lat' dir='ltr'><strong>in</strong></span> <span class='ocrx_word' id='word_1_415' title='bbox 725 2854 882 2901; x_wconf 88' lang='lat' dir='ltr'><strong>Scotia</strong></span> <span class='ocrx_word' id='word_1_416' title='bbox 903 2854 1215 2918; x_wconf 84' lang='lat' dir='ltr'><strong>amplissimos,</strong></span> <span class='ocrx_word' id='word_1_417' title='bbox 1241 2861 1283 2903; x_wconf 76' lang='grc' dir='ltr'><strong>δε</strong></span> <span class='ocrx_word' id='word_1_418' title='bbox 1305 2855 1668 2904; x_wconf 68' lang='lat' dir='ltr'><strong>frustuofiffimos</strong></span> <span class='ocrx_word' id='word_1_419' title='bbox 1698 2858 1842 2904; x_wconf 88' lang='lat' dir='ltr'><strong>habe-</strong></span> 
     </span>
     <span class='ocr_line' id='line_1_44' title="bbox 63 2910 1845 2983; baseline 0.003 -19"><span class='ocrx_word' id='word_1_420' title='bbox 63 2914 160 2974; x_wconf 76' lang='lat' dir='ltr'><strong>bat,</strong></span> <span class='ocrx_word' id='word_1_421' title='bbox 182 2930 371 2967; x_wconf 78' lang='lat' dir='ltr'><strong>teneret</strong></span> <span class='ocrx_word' id='word_1_422' title='bbox 395 2910 410 2962; x_wconf 75' lang='grc' dir='ltr'><em>Ξ</em></span> <span class='ocrx_word' id='word_1_423' title='bbox 444 2917 755 2980; x_wconf 85' lang='lat' dir='ltr'><strong>secundusque</strong></span> <span class='ocrx_word' id='word_1_424' title='bbox 788 2919 834 2965; x_wconf 92' lang='lat' dir='ltr'><strong>ei</strong></span> <span class='ocrx_word' id='word_1_425' title='bbox 865 2918 1014 2966; x_wconf 88' lang='lat' dir='ltr'><strong>honor</strong></span> <span class='ocrx_word' id='word_1_426' title='bbox 1046 2921 1144 2983; x_wconf 90' lang='lat' dir='ltr'><strong>post</strong></span> <span class='ocrx_word' id='word_1_427' title='bbox 1182 2921 1364 2983; x_wconf 89' lang='lat' dir='ltr'><strong>Regem</strong></span> <span class='ocrx_word' id='word_1_428' title='bbox 1397 2921 1656 2968; x_wconf 88' lang='lat' dir='ltr'><strong>haberetur.</strong></span> <span class='ocrx_word' id='word_1_429' title='bbox 1723 2922 1845 2969; x_wconf 85' lang='lat' dir='ltr'><strong>Haec</strong></span> 
     </span>
     <span class='ocr_line' id='line_1_45' title="bbox 63 2981 1843 3048; baseline 0.003 -20"><span class='ocrx_word' id='word_1_430' title='bbox 63 2982 170 3043; x_wconf 76' lang='lat' dir='ltr'><strong>cum</strong></span> <span class='ocrx_word' id='word_1_431' title='bbox 192 2981 311 3028; x_wconf 89' lang='lat' dir='ltr'><strong>inter</strong></span> <span class='ocrx_word' id='word_1_432' title='bbox 331 2997 410 3029; x_wconf 88' lang='lat' dir='ltr'><strong>eos</strong></span> <span class='ocrx_word' id='word_1_433' title='bbox 422 2982 589 3042; x_wconf 86' lang='lat' dir='ltr'><strong>jurata,</strong></span> <span class='ocrx_word' id='word_1_434' title='bbox 612 2982 793 3045; x_wconf 85' lang='lat' dir='ltr'><strong>scripta,</strong></span> <span class='ocrx_word' id='word_1_435' title='bbox 816 2985 868 3032; x_wconf 75' lang='grc' dir='ltr'>δί</span> <span class='ocrx_word' id='word_1_436' title='bbox 890 2983 1153 3048; x_wconf 71' lang='lat' dir='ltr'><strong>consignata</strong></span> <span class='ocrx_word' id='word_1_437' title='bbox 1174 2984 1357 3031; x_wconf 84' lang='lat' dir='ltr'><strong>fuiffent</strong></span> <span class='ocrx_word' id='word_1_438' title='bbox 1376 2985 1568 3032; x_wconf 83' lang='lat' dir='ltr'><strong>Brussius</strong></span> <span class='ocrx_word' id='word_1_439' title='bbox 1600 2984 1650 3031; x_wconf 91' lang='lat' dir='ltr'><strong>in</strong></span> <span class='ocrx_word' id='word_1_440' title='bbox 1671 3000 1843 3047; x_wconf 77' lang='lat' dir='ltr'><strong>oppor-</strong></span> 
     </span>
    </p>
   </div>
   <div class='ocr_carea' id='block_1_5' title="bbox 61 3044 1845 3174">
    <p class='ocr_par' dir='ltr' id='par_1_6' title="bbox 61 3044 1845 3174">
     <span class='ocr_line' id='line_1_46' title="bbox 65 3044 1845 3110; baseline 0.003 -19"><span class='ocrx_word' id='word_1_441' title='bbox 65 3044 311 3092; x_wconf 84' lang='lat' dir='ltr'><strong>tunitatem</strong></span> <span class='ocrx_word' id='word_1_442' title='bbox 332 3045 1044 3099; x_wconf 19' lang='lat' dir='ltr'><strong>rerum,novandarumintentus</strong></span> <span class='ocrx_word' id='word_1_443' title='bbox 1066 3047 1235 3095; x_wconf 69' lang='lat' dir='ltr'><strong>relictis</strong></span> <span class='ocrx_word' id='word_1_444' title='bbox 1256 3047 1306 3110; x_wconf 86' lang='lat' dir='ltr'><strong>in</strong></span> <span class='ocrx_word' id='word_1_445' title='bbox 1329 3048 1483 3096; x_wconf 87' lang='lat' dir='ltr'><strong>Scotia</strong></span> <span class='ocrx_word' id='word_1_446' title='bbox 1506 3064 1663 3105; x_wconf 88' lang='lat' dir='ltr'><strong>uxore,</strong></span> <span class='ocrx_word' id='word_1_447' title='bbox 1689 3054 1731 3096; x_wconf 75' lang='grc' dir='ltr'><strong>δε</strong></span> <span class='ocrx_word' id='word_1_448' title='bbox 1752 3047 1845 3097; x_wconf 83' lang='lat' dir='ltr'><strong>fra·</strong></span> 
     </span>
     <span class='ocr_line' id='line_1_47' title="bbox 61 3108 1797 3174; baseline 0.004 -18"><span class='ocrx_word' id='word_1_449' title='bbox 61 3108 212 3156; x_wconf 70' lang='lat' dir='ltr'><strong>tribus</strong></span> <span class='ocrx_word' id='word_1_450' title='bbox 229 3109 279 3159; x_wconf 87' lang='lat' dir='ltr'><strong>in</strong></span> <span class='ocrx_word' id='word_1_451' title='bbox 301 3110 452 3157; x_wconf 88' lang='lat' dir='ltr'><strong>aulam</strong></span> <span class='ocrx_word' id='word_1_452' title='bbox 477 3110 726 3174; x_wconf 84' lang='lat' dir='ltr'><strong>Anglicam</strong></span> <span class='ocrx_word' id='word_1_453' title='bbox 745 3110 1063 3174; x_wconf 84' lang='lat' dir='ltr'><strong>proficiscitur.</strong></span> <span class='ocrx_word' id='word_1_454' title='bbox 1792 3132 1797 3137; x_wconf 76' lang='grc'><strong>’</strong></span> 
     </span>
    </p>
   </div>
   <div class='ocr_carea' id='block_1_6' title="bbox 62 3216 1844 3286">
    <p class='ocr_par' dir='ltr' id='par_1_7' title="bbox 62 3216 1844 3286">
     <span class='ocr_line' id='line_1_48' title="bbox 62 3216 1844 3286; baseline 0.006 -22"><span class='ocrx_word' id='word_1_455' title='bbox 62 3224 64 3231; x_wconf 86' lang='grc'><strong>’</strong></span> <span class='ocrx_word' id='word_1_456' title='bbox 111 3225 139 3276; x_wconf 79' lang='lat'><strong>&#39;(</strong></span> <span class='ocrx_word' id='word_1_457' title='bbox 146 3229 187 3277; x_wconf 94' lang='lat'><strong>1)</strong></span> <span class='ocrx_word' id='word_1_458' title='bbox 224 3227 284 3265; x_wconf 83' lang='lat' dir='ltr'><strong>Sir</strong></span> <span class='ocrx_word' id='word_1_459' title='bbox 306 3227 485 3265; x_wconf 78' lang='lat' dir='ltr'><strong>William</strong></span> <span class='ocrx_word' id='word_1_460' title='bbox 513 3227 713 3277; x_wconf 81' lang='lat' dir='ltr'><strong>Oliphant,</strong></span> <span class='ocrx_word' id='word_1_461' title='bbox 734 3243 763 3269; x_wconf 68' lang='lat' dir='ltr'><strong>,a</strong></span> <span class='ocrx_word' id='word_1_462' title='bbox 788 3216 930 3286; x_wconf 68' lang='lat' dir='ltr'><strong>valiant</strong></span> <span class='ocrx_word' id='word_1_463' title='bbox 980 3231 1182 3270; x_wconf 76' lang='lat' dir='ltr'><strong>Invenient</strong></span> <span class='ocrx_word' id='word_1_464' title='bbox 1195 3231 1391 3282; x_wconf 79' lang='lat' dir='ltr'><strong>Lapidem,</strong></span> <span class='ocrx_word' id='word_1_465' title='bbox 1405 3246 1557 3284; x_wconf 81' lang='lat' dir='ltr'><strong>regnare</strong></span> <span class='ocrx_word' id='word_1_466' title='bbox 1578 3241 1752 3273; x_wconf 82' lang='lat' dir='ltr'><strong>tenentur</strong></span> <span class='ocrx_word' id='word_1_467' title='bbox 1768 3233 1844 3274; x_wconf 61' lang='lat' dir='ltr'><strong>ibie</strong></span> 
     </span>
    </p>
   </div>
   <div class='ocr_carea' id='block_1_7' title="bbox 0 3279 1136 3337">
    <p class='ocr_par' dir='ltr' id='par_1_8' title="bbox 0 3279 1136 3337">
     <span class='ocr_line' id='line_1_49' title="bbox 0 3279 1136 3337; baseline 0.005 -21"><span class='ocrx_word' id='word_1_468' title='bbox 0 3333 1 3337; x_wconf 13' lang='grc' dir='ltr'><strong>Ἰ</strong></span> <span class='ocrx_word' id='word_1_469' title='bbox 68 3279 224 3329; x_wconf 80' lang='lat' dir='ltr'><strong>knight,</strong></span> <span class='ocrx_word' id='word_1_470' title='bbox 246 3281 339 3318; x_wconf 79' lang='lat' dir='ltr'><strong>laird</strong></span> <span class='ocrx_word' id='word_1_471' title='bbox 359 3282 403 3318; x_wconf 88' lang='lat' dir='ltr'><strong>of</strong></span> <span class='ocrx_word' id='word_1_472' title='bbox 416 3281 638 3328; x_wconf 70' lang='lat' dir='ltr'><strong>Aberdagie.</strong></span> <span class='ocrx_word' id='word_1_473' title='bbox 815 3302 820 3304; x_wconf 94' lang='lat'>·</span> <span class='ocrx_word' id='word_1_474' title='bbox 1034 3286 1136 3322; x_wconf 80' lang='lat' dir='ltr'><strong>dem.</strong></span> 
     </span>
    </p>
   </div>
   <div class='ocr_carea' id='block_1_8' title="bbox 122 3326 1587 3389">
    <p class='ocr_par' dir='ltr' id='par_1_9' title="bbox 122 3326 1587 3389">
     <span class='ocr_line' id='line_1_50' title="bbox 122 3326 1587 3389; baseline 0.005 -18"><span class='ocrx_word' id='word_1_475' title='bbox 122 3333 190 3384; x_wconf 86' lang='lat'><strong>(2)</strong></span> <span class='ocrx_word' id='word_1_476' title='bbox 220 3333 308 3370; x_wconf 89' lang='lat' dir='ltr'><strong>The</strong></span> <span class='ocrx_word' id='word_1_477' title='bbox 327 3333 469 3371; x_wconf 84' lang='lat' dir='ltr'><strong>marble</strong></span> <span class='ocrx_word' id='word_1_478' title='bbox 489 3333 605 3370; x_wconf 81' lang='lat' dir='ltr'><strong>chair.</strong></span> <span class='ocrx_word' id='word_1_479' title='bbox 651 3336 687 3371; x_wconf 84' lang='lat' dir='ltr'><strong>It</strong></span> <span class='ocrx_word' id='word_1_480' title='bbox 705 3334 734 3379; x_wconf 81' lang='lat' dir='ltr'><strong>is</strong></span> <span class='ocrx_word' id='word_1_481' title='bbox 754 3326 774 3372; x_wconf 83' lang='lat' dir='ltr'><strong>a</strong></span> <span class='ocrx_word' id='word_1_482' title='bbox 793 3334 930 3374; x_wconf 82' lang='lat' dir='ltr'><strong>timber</strong></span> <span class='ocrx_word' id='word_1_483' title='bbox 1066 3346 1071 3348; x_wconf 67' lang='grc'><strong><em>’</em></strong></span> <span class='ocrx_word' id='word_1_484' title='bbox 1235 3338 1282 3375; x_wconf 88' lang='lat' dir='ltr'><strong>In</strong></span> <span class='ocrx_word' id='word_1_485' title='bbox 1299 3340 1451 3389; x_wconf 68' lang='lat' dir='ltr'><strong>English</strong></span> <span class='ocrx_word' id='word_1_486' title='bbox 1469 3340 1556 3382; x_wconf 83' lang='lat' dir='ltr'><strong>thus</strong></span> <span class='ocrx_word' id='word_1_487' title='bbox 1575 3355 1587 3379; x_wconf 76' lang='lat' dir='ltr'><strong>t</strong></span> 
     </span>
    </p>
   </div>
   <div class='ocr_carea' id='block_1_9' title="bbox 0 3384 1843 3498">
    <p class='ocr_par' dir='ltr' id='par_1_10' title="bbox 0 3384 1843 3498">
     <span class='ocr_line' id='line_1_51' title="bbox 63 3384 1748 3453; baseline 0.007 -20"><span class='ocrx_word' id='word_1_488' title='bbox 63 3384 176 3440; x_wconf 53' lang='lat' dir='ltr'><strong>5¹³³st</strong></span> <span class='ocrx_word' id='word_1_489' title='bbox 193 3385 287 3445; x_wconf 55' lang='lat' dir='ltr'><strong>With</strong></span> <span class='ocrx_word' id='word_1_490' title='bbox 318 3399 338 3422; x_wconf 70' lang='lat' dir='ltr'>a</span> <span class='ocrx_word' id='word_1_491' title='bbox 367 3385 440 3445; x_wconf 61' lang='lat' dir='ltr'><strong>seat</strong></span> <span class='ocrx_word' id='word_1_492' title='bbox 469 3387 514 3446; x_wconf 60' lang='lat' dir='ltr'><strong>Of</strong></span> <span class='ocrx_word' id='word_1_493' title='bbox 536 3387 742 3447; x_wconf 58' lang='lat' dir='ltr'><strong>unpolisssa</strong></span> <span class='ocrx_word' id='word_1_494' title='bbox 770 3389 927 3435; x_wconf 51' lang='lat' dir='ltr'><strong>111&amp;le</strong></span> <span class='ocrx_word' id='word_1_495' title='bbox 984 3397 1073 3435; x_wconf 82' lang='lat' dir='ltr'><strong>The</strong></span> <span class='ocrx_word' id='word_1_496' title='bbox 1092 3398 1195 3436; x_wconf 81' lang='lat' dir='ltr'><strong>Scots</strong></span> <span class='ocrx_word' id='word_1_497' title='bbox 1213 3399 1305 3438; x_wconf 74' lang='lat' dir='ltr'><strong>shall</strong></span> <span class='ocrx_word' id='word_1_498' title='bbox 1324 3403 1427 3451; x_wconf 87' lang='lat' dir='ltr'><strong>reign</strong></span> <span class='ocrx_word' id='word_1_499' title='bbox 1445 3403 1526 3443; x_wconf 88' lang='lat' dir='ltr'><strong>into</strong></span> <span class='ocrx_word' id='word_1_500' title='bbox 1544 3405 1628 3444; x_wconf 83' lang='lat' dir='ltr'><strong>that</strong></span> <span class='ocrx_word' id='word_1_501' title='bbox 1638 3405 1748 3453; x_wconf 78' lang='lat' dir='ltr'><strong>land,</strong></span> 
     </span>
     <span class='ocr_line' id='line_1_52' title="bbox 0 3438 1843 3498; baseline 0.005 -26"><span class='ocrx_word' id='word_1_502' title='bbox 0 3445 1 3461; x_wconf 77' lang='lat'>³</span> <span class='ocrx_word' id='word_1_503' title='bbox 70 3439 243 3476; x_wconf 64' lang='lat' dir='ltr'><strong>wherem</strong></span> <span class='ocrx_word' id='word_1_504' title='bbox 259 3438 326 3475; x_wconf 83' lang='lat' dir='ltr'><strong>the</strong></span> <span class='ocrx_word' id='word_1_505' title='bbox 338 3438 448 3487; x_wconf 78' lang='lat' dir='ltr'><strong>kmgs</strong></span> <span class='ocrx_word' id='word_1_506' title='bbox 463 3441 528 3477; x_wconf 62' lang='lat' dir='ltr'><strong>*did</strong></span> <span class='ocrx_word' id='word_1_507' title='bbox 546 3439 588 3476; x_wconf 89' lang='lat' dir='ltr'><strong>fit</strong></span> <span class='ocrx_word' id='word_1_508' title='bbox 606 3448 647 3475; x_wconf 78' lang='lat' dir='ltr'><strong>at·</strong></span> <span class='ocrx_word' id='word_1_509' title='bbox 660 3440 760 3476; x_wconf 82' lang='lat' dir='ltr'><strong>their</strong></span> <span class='ocrx_word' id='word_1_510' title='bbox 777 3454 930 3478; x_wconf 81' lang='lat' dir='ltr'><strong>corona·</strong></span> <span class='ocrx_word' id='word_1_511' title='bbox 985 3450 1127 3489; x_wconf 59' lang='lat' dir='ltr'><strong>uthere</strong></span> <span class='ocrx_word' id='word_1_512' title='bbox 1145 3453 1222 3489; x_wconf 58' lang='lat' dir='ltr'><strong>&amp;er</strong></span> <span class='ocrx_word' id='word_1_513' title='bbox 1240 3453 1317 3492; x_wconf 44' lang='lat' dir='ltr'><strong>{his</strong></span> <span class='ocrx_word' id='word_1_514' title='bbox 1336 3457 1477 3495; x_wconf 62' lang='lat' dir='ltr'><strong>marble</strong></span> <span class='ocrx_word' id='word_1_515' title='bbox 1495 3457 1600 3496; x_wconf 66' lang='lat' dir='ltr'><strong>chair</strong></span> <span class='ocrx_word' id='word_1_516' title='bbox 1616 3459 1707 3496; x_wconf 66' lang='lat' dir='ltr'><strong>span</strong></span> <span class='ocrx_word' id='word_1_517' title='bbox 1727 3460 1843 3498; x_wconf 47' lang='grc' dir='ltr'><strong>ἧψά,</strong></span> 
     </span>
    </p>
   </div>
   <div class='ocr_carea' id='block_1_10' title="bbox 51 3489 1845 3607">
    <p class='ocr_par' dir='ltr' id='par_1_11' title="bbox 51 3489 1845 3607">
     <span class='ocr_line' id='line_1_53' title="bbox 71 3489 1845 3562; baseline 0.014 -37"><span class='ocrx_word' id='word_1_518' title='bbox 71 3489 171 3537; x_wconf 58' lang='lat' dir='ltr'><strong>zion,</strong></span> <span class='ocrx_word' id='word_1_519' title='bbox 188 3491 328 3538; x_wconf 66' lang='lat' dir='ltr'><strong>having</strong></span> <span class='ocrx_word' id='word_1_520' title='bbox 345 3491 422 3528; x_wconf 85' lang='lat' dir='ltr'><strong>this</strong></span> <span class='ocrx_word' id='word_1_521' title='bbox 438 3491 655 3542; x_wconf 56' lang='lat' dir='ltr'><strong>inscription</strong></span> <span class='ocrx_word' id='word_1_522' title='bbox 672 3506 855 3541; x_wconf 59' lang='lat' dir='ltr'><strong>estgfflvess</strong></span> <span class='ocrx_word' id='word_1_523' title='bbox 877 3508 887 3532; x_wconf 61' lang='grc' dir='ltr'>ἕ</span> <span class='ocrx_word' id='word_1_524' title='bbox 1039 3505 1102 3555; x_wconf 83' lang='lat'><strong>(3)</strong></span> <span class='ocrx_word' id='word_1_525' title='bbox 1131 3504 1270 3543; x_wconf 81' lang='lat' dir='ltr'><strong>Aimer</strong></span> <span class='ocrx_word' id='word_1_526' title='bbox 1285 3509 1497 3562; x_wconf 68' lang='lat' dir='ltr'><strong>onAimery</strong></span> <span class='ocrx_word' id='word_1_527' title='bbox 1507 3513 1552 3551; x_wconf 86' lang='lat' dir='ltr'><strong>de</strong></span> <span class='ocrx_word' id='word_1_528' title='bbox 1569 3512 1753 3559; x_wconf 83' lang='lat' dir='ltr'><strong>Valence,</strong></span> <span class='ocrx_word' id='word_1_529' title='bbox 1767 3512 1845 3550; x_wconf 83' lang='lat' dir='ltr'><strong>carl</strong></span> 
     </span>
     <span class='ocr_line' id='line_1_54' title="bbox 51 3554 1269 3607; baseline 0.007 -16"><span class='ocrx_word' id='word_1_530' title='bbox 51 3555 246 3593; x_wconf 64' lang='lat' dir='ltr'><strong>‘zNifallat</strong></span> <span class='ocrx_word' id='word_1_531' title='bbox 259 3556 409 3602; x_wconf 80' lang='lat' dir='ltr'><strong>Fatum,</strong></span> <span class='ocrx_word' id='word_1_532' title='bbox 423 3555 522 3594; x_wconf 77' lang='lat' dir='ltr'><strong>scoti</strong></span> <span class='ocrx_word' id='word_1_533' title='bbox 538 3569 756 3607; x_wconf 82' lang='lat' dir='ltr'><strong>quoeunque</strong></span> <span class='ocrx_word' id='word_1_534' title='bbox 767 3557 931 3597; x_wconf 78' lang='lat' dir='ltr'><strong>locatum</strong></span> <span class='ocrx_word' id='word_1_535' title='bbox 985 3554 1269 3604; x_wconf 73' lang='lat' dir='ltr'><strong>of-Pernbroke.</strong></span> 
     </span>
    </p>
   </div>
   <div class='ocr_carea' id='block_1_11' title="bbox 1614 3643 1848 3704">
    <p class='ocr_par' dir='ltr' id='par_1_12' title="bbox 1614 3643 1848 3704">
     <span class='ocr_line' id='line_1_55' title="bbox 1614 3643 1848 3704; baseline 0.009 -14"><span class='ocrx_word' id='word_1_536' title='bbox 1614 3643 1848 3704; x_wconf 62' lang='lat' dir='ltr'>XXVII-I„</span> 
     </span>
    </p>
   </div>
  </div>
 </body>
</html>
