2006 3858
293 131 588 207 Lmen
679 140 1595 210 DncrmusQuAa‘rus.
1728 144 1854 211 399

154 242 331 287 XXVI.
365 239 452 286 Sed
474 256 527 285 ea
545 238 730 285 societas
761 254 843 284 nec
865 237 969 290 fida,
989 252 1073 282 nec
1092 236 1304 282 diuturna
1326 229 1427 276 fuit.
1480 220 1737 287 Duglaslius
1763 224 1857 283 pri-

96 306 182 352 mis
225 305 447 352 mensibus
479 305 533 349 ad
567 305 715 348 aulam
760 302 1000 360 regendam
1037 297 1267 346 adhibitus
1309 296 1483 356 Regem
1514 291 1561 337 in
1594 287 1712 333 aedes
1737 291 1845 360 ’ᾼῑο

98 369 374 431 chiep'iscopi
397 367 504 416 Fani
528 367 725 412 Andreae
749 364 928 412 induxit
964 380 975 410 :
1011 369 1049 410 &
1074 358 1473 424 supellefftiliejus,
1500 362 1548 404 ὃς
1569 369 1616 425 re
1641 351 1856 425 familiari

94 451 179 495 pro
202 434 277 479 sua
303 436 425 493 (nam
457 432 516 476 ab
539 430 602 476 eis
621 430 715 490 jam
739 428 982 483 defecerat)
1012 427 1108 473 usus
1132 426 1208 473 est.
1275 425 1335 470 Et
1364 425 1458 485 quo
1488 433 1631 482 magis
1652 432 1856 463 animum

96 497 238 558 Regis
262 496 341 549 fibi
370 494 634 546 devinciret,
659 492 871 538 omnibus
902 493 1186 550 v0}uptatum
1217 485 1443 536 illecebris
1464 501 1566 532 eum
1589 480 1735 527 imbui
1759 496 1860 542 per-

97 561 216 608 misit
250 579 260 606 :
294 575 377 606 nec
412 569 562 605 tamen
591 556 868 620 propositum
892 557 1040 602 renuit
1072 575 1084 607 ς
1120 556 1326 603 ministris
1354 548 1604 598 domesticis
1641 545 1780 619 {legis
1805 543 1864 589 ab

99 625 284 671 adversa
305 623 518 678 factione,
550 623 676 681 cujus
700 619 926 682 principes
951 631 1076 664 erant
1098 621 1295 682 Regina,
1330 621 1377 665 δε
1403 613 1735 665 Hamiltomus,
1759 625 1862 681 cor-

97 688 258 749 ruptis.
326 687 476 735 Prima
507 685 761 732 animorum
784 683 830 728 in
854 683 958 729 aula
979 681 1192 728 alienatio
1214 683 1299 730 fuit
1323 680 1381 725 ob
1405 677 1754 725 sacerdotiorum
1790 674 1862 719 di-

99 751 314 798 vifionem
350 750 591 815 Duglassiis
624 748 779 794 omnia
811 748 867 792 ad
902 746 942 792 se
978 745 1276 793 trahentibus.
1345 743 1553 805 Georgio
1591 738 1867 789 Crichtonio

98 816 157 862 ad
187 817 508 878 Episcopatum
541 812 808 860 Caledonia>
829 810 1055 863 transsato,
1092 810 1370 858 Coenobium
1396 809 1568 854 SanEtae
1590 804 1736 852 crucis
1758 805 1863 851 sub·

100 879 323 927 urbanum
346 881 402 927 ab
424 895 479 926 eo
501 878 706 925 relictum
730 875 986 938 Duglaffius
1010 875 1251 922 Gulielmo
1267 871 1393 922 fratri
1416 872 1621 924 donavit,
1646 870 1727 933 qui
1747 868 1859 916 Col·

101 943 382 1005 dingamiam
415 945 471 991 ad
495 943 567 990 sex
590 959 615 988 a
638 941 827 989 Bervico
861 939 1005 986 millia
1038 940 1240 1001 paffuum
1266 939 1360 1000 jam
1392 934 1605 997 quintum
1635 950 1806 983 annum
1840 947 1866 994 a

100 1009 227 1054 caede
263 1009 453 1055 Roberti
480 1005 700 1055 Blacateri
723 1003 932 1067 postremi
957 1004 1148 1050 Abbatis
1180 1021 1260 1068 per
1282 1003 1376 1050 vim
1401 1013 1620 1047 tenuerat.
1686 999 1810 1045 Nam
1838 1013 1866 1043 a

104 1073 324 1120 Pontifice
346 1076 555 1124 Romano
578 1072 625 1118 id
649 1070 927 1117 Coenobium
963 1068 1270 1115 consentiente
1299 1069 1470 1114 Ioanne
1504 1067 1700 1127 Prorege
1724 1078 1867 1109 accce-

102 1150 231 1199 perat
254 1136 473 1185 Patricius
511 1138 769 1184 Blacaterus
803 1131 991 1179 Roberti
1015 1132 1151 1178 frater
1173 1130 1410 1179 Patruelis.
1479 1131 1550 1191 (1)
1577 1131 1618 1175 Is
1652 1128 1789 1175 etiam
1812 1125 1870 1172 li·

102 1213 197 1247 tem
227 1202 484 1250 intenderat
517 1200 678 1247 Ioanni
712 1197 889 1245 Humio
914 1196 1128 1243 familiari
1151 1196 1346 1243 Comitis
1381 1194 1611 1256 Angufiae‚
1637 1196 1686 1240 ὃς
1706 1191 1867 1238 sororis
1906 1246 1915 1258 .

105 1264 210 1312 filiae
235 1266 396 1313 marito
418 1266 475 1312 de
496 1263 639 1312 veteri
663 1264 996 1310 Blacaterorum
1020 1260 1296 1322 patrimonio
1320 1258 1540 1306 universo.
1607 1257 1755 1320 Igitur
1783 1257 1869 1301 Pa-

100 1330 260 1378 tricius
283 1331 447 1393 opibus
471 1329 864 1394 Duglassianorum
886 1325 1035 1386 impar
1057 1325 1130 1371 sua
1153 1323 1410 1383 adversariis
1429 1323 1515 1369 effe
1537 1324 1703 1383 prcedae
1726 1318 1870 1383 patie-

106 1393 254 1442 batur.
322 1395 422 1442 Sese
453 1411 560 1441 vero
581 1393 742 1456 procul
764 1392 821 1438 ab
842 1389 1104 1452 regionibus
1128 1405 1285 1436 eorum
1309 1387 1497 1434 factioni
1518 1386 1729 1434 obnoxiis
1749 1383 1871 1446 apud

107 1459 300 1506 materni
321 1459 496 1523 generis
521 1458 803 1522 propinquos
826 1453 1095 1501 melioribus
1112 1453 1394 1516 temporibus
1418 1451 1682 1499 reservabat.
1736 1450 1876 1511 Dug-

107 1523 276 1571 iassiani
296 1526 374 1572 etfi
396 1523 646 1571 Patricium
668 1518 801 1568 facile
833 1519 1204 1574 contemnebant,
1230 1530 1380 1565 tamen
1403 1533 1509 1563 cum
1531 1532 1680 1563 rerum
1704 1513 1873 1576 guber·

102 1589 322 1636 naculum
346 1600 566 1644 tenerent,
602 1599 654 1634 ut
676 1585 899 1634 maculam
922 1583 1047 1629 illam
1071 1583 1218 1629 aliena
1237 1583 1463 1629 violenter
1485 1580 1726 1628 obtinendi
1747 1579 1872 1625 elue-

108 1665 226 1707 rent,
266 1670 368 1701 eum
394 1670 473 1716 per
504 1651 673 1698 amicos
707 1650 862 1711 aliqua
883 1647 1057 1695 ratione
1091 1648 1273 1710 placare
1290 1646 1590 1693 contendunt.
1660 1645 1876 1707 Cumque

109 1716 189 1763 ille
216 1734 305 1764 non
326 1716 527 1765 alienum
550 1733 576 1764 a
596 1712 842 1762 concordia
861 1712 902 1760 se
920 1711 1188 1765 ostenderet,
1213 1728 1263 1758 ac
1283 1711 1478 1757 multum
1501 1711 1559 1756 de
1580 1709 1657 1756 suo
1670 1709 1772 1770 jure
1794 1725 1876 1770 pa-

108 1795 234 1828 ratus
255 1783 360 1829 esset
380 1781 611 1828 remittere
631 1789 818 1842 accepta
845 1777 932 1824 fide
955 1775 1141 1838 publica
1164 1792 1243 1839 per
1265 1776 1470 1839 diploma
1491 1773 1668 1821 missum
1691 1790 1718 1820 a
1738 1774 1877 1837 Dug-

107 1844 233 1891 iassio
253 1863 359 1892 curn
382 1845 718 1909 Edimburgum
740 1859 843 1891 cum
866 1841 1020 1904 paucis
1041 1840 1360 1890 &inermibus
1381 1838 1573 1893 veniret,
1598 1855 1691 1886 non
1712 1837 1875 1901 procul

111 1910 172 1954 ab
197 1910 316 1957 urbis
342 1921 471 1972 porta
489 1927 514 1956 a
535 1911 707 1957 Ioanne
726 1906 903 1954 Humio
924 1921 980 1953 ex
997 1904 1169 1957 infidiis·
1191 1916 1458 1966 erumpente
1479 1903 1539 1949 est
1560 1902 1878 1965 interemptus.

112 1975 223 2034 Ejus
248 1974 462 2020 facinoris
482 1974 604 2020 fama
637 1988 742 2019 curn
767 1972 924 2017 urbem
947 1969 1215 2029 pervafiffet‚
1238 1968 1373 2015 multi
1394 1967 1642 2015 conscensis
1664 1966 1812 2030 equis,
1830 1979 1879 2027 ut

111 2039 384 2101 percuffores
415 2037 872 2100 comprehenderent,
907 2034 1085 2096 aliquot
1107 2033 1251 2080 millia
1271 2031 1637 2096 paffuumsecuti
1671 2030 1880 2079 animad-

108 2102 241 2150 verso
261 2102 519 2166 Georgium
538 2101 820 2162 Duglaffium
842 2097 1040 2146 Comitis
1061 2097 1246 2145 fratrem
1261 2097 1310 2145 in
1330 2097 1408 2145 suo
1429 2110 1552 2145 coetu
1573 2098 1674 2152 effe,
1690 2112 1743 2144 ac
1761 2096 1880 2144 mul-

112 2182 185 2214 tos
219 2182 435 2229 praeterea
455 2165 790 2231 Duglaffianos,
814 2167 864 2214 δε
883 2162 1049 2211 Humii
1082 2162 1384 2226 propinquos,
1414 2161 1577 2210 incerti
1608 2178 1702 2226 quo
1723 2160 1878 2208 animo

111 2231 183 2278 illi
205 2231 407 2286 exissent,
432 2244 583 2279 utrum
608 2241 658 2278 ut
677 2239 906 2292 caperent,
932 2244 988 2274 an
1013 2239 1062 2274 ut
1082 2238 1335 2281 tuerentur,
1359 2226 1495 2274 caedis
1519 2228 1721 2274 auctores
1754 2225 1880 2289 sequi

110 2296 302 2343 ulterius
325 2297 566 2360 desierunt.
634 2294 822 2341 Adverfi
846 2292 998 2356 paffim
1021 2293 1079 2339 de
1100 2291 1336 2355 Duglaffio
1369 2308 1572 2338 rumores
1587 2300 1589 2302 ’
1606 2289 1881 2354 serebantur.

116 2361 219 2423 Jam
243 2362 441 2408 Calenus
472 2359 740 2408 Cambellus
762 2359 804 2406 se
826 2358 884 2404 ab
905 2356 988 2403 illo
1009 2357 1135 2403 velut
1153 2356 1443 2405 triumviratu
1473 2355 1751 2402 subtraxerat
1783 2372 1797 2402 ε
1829 2358 1884 2403 &

114 2427 193 2484 ²(2)
220 2425 498 2474 Levinianus
520 2426 598 2472 etsi
618 2426 793 2488 Regem
815 2422 1098 2485 sequebatur,
1119 2420 1364 2485 Duglaffiis
1386 2434 1537 2467 tamen
1561 2435 1748 2466 munera
1764 2418 1884 2482 pub-

104 2490 224 2545 tica,
249 2496 289 2537 Sc
311 2491 621 2550 emolxynenta
637 2490 694 2535 ad
715 2489 757 2540 se
777 2485 1076 2538 trahentibus,
1112 2484 1255 2532 animi
1276 2485 1333 2532 ab
1352 2484 1414 2531 eis
1437 2483 1624 2532 alienati
1646 2484 1791 2530 multa
1811 2482 1885 2529 in-

19 2564 22 2565 ’
44 2582 55 2611 ,¹
117 2554 240 2602 dicia
269 2555 420 2602 dabat.
488 2556 665 2601 Verum
694 2552 766 2600 illi
787 2550 951 2616 opibus
974 2549 1061 2596 suis
1088 2549 1194 2598 freti
1214 2565 1436 2606 rumores,
1470 2548 1885 2613 &indignationes

37 2619 43 2651 ἵ
103 2619 314 2666 :aliorum
333 2619 459 2680 parvi
477 2618 724 2666 faciebant.

121 2690 138 2696 ”
158 2685 385 2731 *XXVIL
419 2685 520 2730 Rex
537 2684 655 2730 inter
676 2684 774 2728 haec
796 2681 872 2727 etsi
891 2678 1224 2744 indulgentius,
1244 2693 1381 2743 quam
1400 2678 1609 2733 decebat,
1627 2678 1888 2733 haberetur,

116 2757 172 2795 ⁴ut
185 2747 433 2795 ealicentia
444 2747 649 2795 infir-‘mus
664 2748 813 2794 adhuc
825 2750 1005 2792 ammus
1022 2756 1265 2799 teneretur,
1273 2757 1427 2792 tamen
1441 2743 1658 2808 paulatim
1675 2750 1716 2791 ἅτ
1729 2759 1890 2791 eorum

117 2811 305 2870 imperii
318 2813 547 2876 pertaesus,
564 2818 604 2860 &
623 2810 832 2860 ministris
846 2809 1101 2857 domesticis
1118 2808 1284 2872 partim
1303 2825 1425 2863 vere,
1445 2807 1612 2872 partim
1632 2808 1741 2854 falso
1755 2808 1892 2871 Dug-

119 2875 344 2924 lassiorum
367 2879 464 2924 aaa
485 2877 823 2929 vellicantibus,
848 2880 889 2922 δι
911 2873 1052 2921 dubia
1073 2874 1120 2920 in
1143 2874 1269 2936 pejus
1291 2872 1695 2936 interpretantibus
1717 2872 1890 2918 aliena-

106 2952 254 2989 ·-natus
279 2940 399 2990 inter
420 2940 684 2997 familiares,
713 2941 881 3005 quibus
910 2939 1108 2986 audebat
1128 2938 1315 2985 consilia
1342 2936 1578 2986 secretoria
1598 2936 1798 2991 credere,
1828 2935 1888 2983 de

177 3069 242 3121 (1)
271 3070 360 3109 The
391 3069 501 3124 lairds
536 3070 583 3122 of
605 3069 814 3110 Blackader
842 3069 886 3108 in
911 3069 976 3107 the

121 3123 246 3168 Mers,
271 3122 344 3161 had
363 3124 455 3162 been
476 3124 662 3174 antierrtly
677 3125 799 3162 ofthe
818 3123 978 3161 firname

124 3175 173 3212 of
190 3175 415 3229 'Blackaden
448 3178 516 3214 and
547 3176 814 3217 oftbatthouse
833 3176 978 3216 Robert

107 3226 335 3264 -Blackader
364 3228 582 3278 archbilhop
616 3229 661 3266 of
686 3229 860 3276 Glasgow
894 3228 976 3266 died

128 3292 247 3330 1500,
279 3282 349 3317 and
375 3280 452 3318 this
467 3279 578 3322 other
600 3281 744 3320 Robert
774 3281 981 3319 Blackader

122 3332 200 3370 had
219 3333 309 3370 been
344 3332 454 3370 abbot
484 3333 529 3370 of
542 3334 808 3382 coldingham,
830 3336 900 3371 and
918 3335 981 3371 his

60 3398 67 3402 “
105 3412 108 3415 ι
126 3386 250 3425 cousin
268 3385 421 3423 Patrick
439 3384 655 3433 Blackader,
678 3385 831 3424 brother.
844 3395 883 3430 to
896 3386 979 3424 Ro-

122 3439 210 3476 'bert
227 3439 433 3477 Blackader
449 3438 677 3485 ofthat'·'11k‚
697 3438 923 3476 archdeacon
939 3438 985 3476 of

123 3491 356 3530 Dumblane.
420 3491 565 3542 Robert
594 3491 802 3529 Blackader
829 3491 874 3529 of
900 3491 982 3529 that

127 3543 203 3590 ilk,
237 3545 392 3589 married
412 3545 558 3591 Alison,
579 3544 738 3584 {ister-*to
766 3545 832 3582 the
849 3545 924 3583 earl
943 3544 988 3582 of

43 3599 58 3607 ‘'
120 3598 276 3646 aAngus,
305 3598 390 3638 who
407 3597 478 3638 had
492 3606 567 3639 two
584 3599 782 3649 daughters
808 3607 847 3637 to
864 3598 948 3636 him
969 3612 978 3638 z

1031 3068 1090 3106 {he
1118 3068 1158 3106 in
1177 3068 1246 3106 her
1265 3067 1496 3105 widowhood
1523 3067 1680 3105 married
1705 3066 1750 3104 fir
1767 3064 1888 3104 David

1030 3123 1158 3159 Hume
1171 3122 1216 3158 of
1220 3121 1564 3166 Wedderburn,and
1576 3119 1645 3157 her
1658 3128 1734 3158 two
1746 3120 1894 3168 daugh-

1031 3182 1103 3211 ters
1132 3173 1291 3211 married
1324 3172 1426 3223 John
1448 3175 1518 3213 and
1547 3173 1691 3211 Robert
1729 3173 1889 3219 Humes,

1031 3225 1199 3265 brothers
1217 3226 1262 3263 of
1274 3225 1544 3272 Wedderburn,
1565 3225 1650 3263 'who
1666 3225 1707 3263 in
1728 3224 1829 3274 right
1847 3225 1892 3265 of

1033 3278 1134 3317 their
1150 3279 1263 3315 wives
1271 3278 1442 3327 polseffed
1459 3278 1524 3316 the
1542 3278 1679 3329 barony
1693 3278 1738 3317 of
1748 3279 1889 3318 Black-

1034 3333 1132 3377 ader,
1163 3333 1231 3370 and
1252 3330 1316 3368 the
1332 3331 1505 3381 posterity
1522 3331 1567 3369 of
1578 3331 1655 3369 this
1678 3331 1782 3386 John
1800 3332 1889 3382 (the

1034 3383 1141 3422 other
1165 3382 1320 3432 failing)
1343 3384 1405 3422 did
1423 3385 1512 3433 long
1532 3384 1639 3424 after.
1696 3385 1794 3424 This
1812 3387 1889 3424 1³:2-

1034 3436 1134 3474 trick
1146 3436 1365 3484 Blackader,
1376 3436 1601 3478 archdeacon
1610 3438 1654 3477 of
1657 3438 1891 3483 Dumblane.

1034 3490 1252 3541 preten'ding
1265 3499 1305 3528 to
1322 3490 1365 3528 be
1382 3491 1466 3528 heir
1482 3493 1595 3541 male,
1614 3505 1688 3532 was
1702 3492 1822 3533 killed
1841 3494 1888 3542 by

1034 3542 1275 3583 the·Humes.
1419 3555 1422 3559 ’

1089 3594 1154 3647 (2)
1167 3598 1229 3635 ’Μ
1243 3596 1490 3638 stennius.

1140 3689 1142 3691 >
1857 3652 1901 3703 se
