2068 3868
390 132 717 199 Lrssssa
811 129 1537 194 Deonssmmns.
1718 142 1840 209 343

66 231 301 296 'proselitus
324 228 504 282 fortem,
530 234 569 274 &
594 229 773 273 fidelem
796 227 838 273 ei
860 227 908 273 in
932 227 1053 272 bello
1076 223 1465 284 navavitnperam
1495 237 1506 266 z
1528 234 1580 266 ac
1604 219 1758 265 multis
1781 223 1840 268 ab

70 314 131 343 eo
154 296 350 343 invicem
373 294 521 345 donis,
548 297 590 339 ἷξε
616 291 865 336 honoribus
888 292 1070 336 affeetus
1093 290 1196 335 fuit.
1266 288 1338 333 Ibi
1360 288 1470 332 dum
1493 285 1733 347 privatam,
1766 285 1842 332 sed

62 360 374 408 ’honorificam
389 357 525 402 vitam
541 355 685 406 ducit,
705 371 816 400 uxor
826 355 867 399 ei
881 358 895 416 (
908 355 1173 412 {flacobum
1192 353 1354 405 filium,
1371 358 1410 397 δε
1426 347 1687 396 Graecinam
1703 348 1843 396 filiam

77 425 271 487 peperit,
297 424 353 469 de
375 421 540 474 Quibus
560 419 635 465 suo
663 419 765 464 loco
789 418 1008 463 dicemus.
1076 417 1269 480 Nuptiae
1301 415 1457 462 Iacobi
1481 412 1624 466 tertii,
1650 417 1689 457 &
1713 414 1843 458 Mar-

77 489 236 550 garitae
257 475 440 536 Reqiriae
465 499 632 545 magno
652 480 904 528 nobiaitatis
924 482 1140 528 concursu
1163 483 1399 527 celebratae
1422 478 1602 525 decimo
1621 476 1696 522 die
1717 478 1847 523 men-

80 553 132 598 iis
158 552 279 604 Iulii,
312 541 417 595 anni
447 565 579 603 1470.
633 548 702 593 Ex
725 562 779 590 eo
804 546 1094 591 matrimonio
1118 547 1251 592 tertio
1273 545 1368 605 post
1390 559 1509 589 anno
1539 540 1670 588 natus
1693 542 1752 587 est
1778 543 1851 587 lass-

79 617 237 667 cobus,
274 615 353 676 qui
377 604 494 674 patri
507 604 562 658 ¹in
596 627 792 674 regnum
822 609 1033 663 successit,
1059 609 1208 655 mense
1240 608 1431 663 Martio,
1463 606 1540 654 die
1565 605 1688 653 sacro
1721 605 1849 653 Divo

84 679 295 725 Patricia
1640 703 1646 709 -

145 744 318 788 XXX?
357 739 636 786 Rexinterea
650 738 854 784 nondum
869 736 1049 783 satiatus
1068 737 1316 784 Bodiorum
1339 734 1673 782 calamitatibuk
1695 734 1852 783 scribit

77 806 125 853 in
149 807 426 859 Flandriain,
456 822 506 851 ac
529 804 722 850 sororem
751 803 940 848 domum
963 815 1160 849 revocat.
1215 803 1302 847 Sed
1326 818 1429 848 cum
1454 801 1514 846 ob
1537 800 1758 862 infignem
1781 817 1853 847 er-

78 888 138 934 ga
164 869 374 917 maritum
399 876 598 914 amorem
622 885 711 914 non
736 866 869 912 facile
889 867 932 912 ei
955 866 1011 913 tie
1034 867 1183 915 reditu
1208 864 1463 927 persuaderi
1485 865 1604 925 poffe
1626 864 1855 911 existima-

79 947 165 985 ret,
191 948 318 981 curat
344 951 400 980 ex
422 934 615 979 aliorum
639 932 781 978 literis
809 931 930 993 spem
954 932 996 976 ei
1017 931 1164 992 injici,
1194 931 1335 992 Regis
1365 930 1431 974 ira
1462 928 1606 986 spatio
1633 931 1852 988 temporis

79 999 222 1046 len-ita
246 1016 336 1044 non
360 997 705 1059 desperandum,
727 995 840 1058 quin
863 996 982 1042 soror
1017 997 1140 1056 apud
1163 994 1346 1040 fratrem
1370 994 1619 1055 plurimum
1641 993 1859 1056 perficere

82 1065 224 1128 posset
242 1064 299 1108 ad
322 1062 471 1108 mariti
489 1062 792 1108 calamitatem
815 1060 1154 1106 sublevandam.
1181 1059 1385 1104 Multum
1403 1057 1622 1112 interesse,
1644 1058 1859 1121 praesens-

83 1146 141 1175 ne
176 1141 297 1173 tuam
322 1125 496 1172 causam
529 1144 654 1189 agas,
684 1143 738 1171 an
767 1124 865 1170 aliis
889 1125 1114 1186 agendam
1148 1123 1350 1168 mandes.
1420 1122 1508 1167 Ina
1537 1139 1589 1167 ea
1609 1123 1684 1183 spe
1706 1124 1859 1172 illecta

85 1208 191 1238 cum
227 1192 419 1244 rediffet,
454 1192 597 1236 statim
622 1192 681 1236 de
706 1189 904 1235 divortio
938 1204 1042 1234 cum
1069 1205 1122 1234 ea
1152 1189 1254 1233 Rex
1276 1187 1372 1249 agit
1402 1204 1412 1232 :
1448 1190 1499 1234 ὃς
1519 1186 1662 1232 affixis
1690 1187 1859 1236 libellis

85 1257 288 1320 publice,
311 1273 361 1302 ac
387 1256 543 1301 multis
563 1254 739 1301 adscitis
761 1253 960 1303 testibus,
1008 1251 1292 1298 Kilmernoci
1332 1250 1479 1312 (quod
1501 1263 1605 1296 ante
1627 1268 1696 1296 res
1719 1254 1858 1299 affiic-

86 1335 154 1367 tas
180 1321 423 1367 Bodiorum
451 1321 659 1382 princeps
682 1332 777 1365 erat
798 1316 1108 1374 domicilium)
1140 1315 1328 1375 jubetur
1357 1315 1565 1362 Thomas
1592 1316 1716 1361 intra
1736 1316 1862 1363 sexa-

85 1386 308 1449 gesimum
330 1386 452 1430 diem
475 1385 635 1438 adesse,
660 1399 798 1445 quem
823 1382 1024 1428 sciebant
1044 1397 1205 1426 omnes
1227 1379 1304 1426 vix
1326 1379 1414 1425 fide
1437 1379 1624 1441 publica
1645 1380 1766 1434 data,
1793 1398 1861 1428 re-

87 1451 200 1499 verti
236 1450 461 1496 ausurum.
530 1449 652 1495 Cum
683 1447 804 1493 diem
829 1463 920 1493 non
947 1445 1122 1500 obisset,
1159 1444 1331 1507 priores
1355 1443 1528 1506 nuptiae
1558 1444 1865 1493 decernuntur

87 1512 344 1577 illegitimae
371 1533 381 1560 :
404 1530 455 1560 ac
477 1512 677 1559 divortio
696 1528 800 1558 cum
824 1511 1021 1564 absente,
1047 1516 1086 1556 δε
1109 1509 1318 1555 inaudito
1340 1508 1576 1563 transacto,
1597 1508 1750 1556 Maria
1774 1512 1866 1557 Re-

89 1578 162 1642 gis
193 1578 314 1625 soror
338 1577 484 1624 invita
517 1579 686 1624 {acolio
721 1576 1016 1622 Hamiltonio
1050 1573 1228 1620 homini
1250 1587 1394 1635 prope
1417 1589 1555 1636 novo,
1592 1590 1644 1619 ac
1668 1576 1865 1623 multum

89 1643 333 1705 dignitate,
353 1643 589 1703 &opibus‚
605 1641 744 1704 quam
768 1641 892 1701 prior
916 1639 1120 1692 maritus,
1149 1639 1219 1698 (z)
1246 1637 1450 1684 inferiori
1476 1640 1648 1684 nubere
1666 1640 1864 1703 cogitur.

92 1707 280 1769 Peperit
300 1720 450 1752 autem
474 1706 518 1752 ei
540 1706 776 1757 Iacobum,
804 1708 855 1754 ὃς
876 1703 1177 1765 Margaritam
1203 1703 1361 1748 filiam.
1430 1703 1652 1749 Revocati
1681 1721 1868 1767 quoque

92 1771 151 1817 ex
174 1771 314 1822 altero
339 1771 434 1816 viro
458 1771 484 1815 a
506 1772 634 1833 Rege
656 1769 788 1815 liberi
815 1787 825 1814 :
847 1784 930 1814 nec
952 1768 1031 1813 ille
1054 1766 1135 1812 diu
1153 1766 1365 1828 superstes
1383 1766 1486 1813 fuit.
1524 1768 1646 1814 Cum
1666 1770 1869 1816 Antuer·

91 1835 181 1897 pize
204 1835 324 1881 diem
348 1834 524 1889 obiffet,
557 1850 642 1881 nec
663 1833 973 1896 propinquum
997 1832 1063 1877 ibi
1085 1831 1288 1884 haberet,
1321 1832 1402 1893 qui
1423 1832 1738 1880 haereditatem
1770 1835 1870 1881 adi·—

99 1910 185 1953 ret,
211 1898 406 1946 Carolus
437 1898 797 1961 magnificum-ei
818 1897 1073 1958 sepulcrum
1098 1896 1296 1958 pecunia
1324 1896 1425 1942 satis
1449 1897 1619 1958 ampla,
1643 1914 1734 1960 qua
1775 1899 1870 1962 ipse

106 1962 322 2009 munifice
344 1980 446 2009 eum
467 1964 715 2009 donaverat
732 1961 779 2008 in
805 1962 900 2007 aede
1075 1961 1424 2006 construendum
1449 1978 1552 2007 cum
1577 1961 1872 2025 inscriptione

93 2027 345 2073 honorifica
357 2027 547 2073 curavit.
565 2029 634 2072 Ita
645 2026 1022 2089 Bodioruxn‚quae
1035 2038 1133 2070 tum
1145 2037 1238 2070 erat
1251 2025 1456 2071 inScotia
1470 2026 1792 2083 florentissima,
1805 2030 1873 2076 fa-

98 2091 233 2139 milia
248 2090 365 2137 intra
384 2108 550 2154 paucos
569 2108 710 2137 annos
730 2097 770 2137 δε
788 2090 948 2143 crevit,
965 2096 1005 2136 Sc
1025 2089 1212 2144 corruit,
1232 2104 1401 2152 magno
1419 2091 1604 2152 posteris
1622 2091 1874 2142 documen-

97 2169 164 2221 to,
187 2172 324 2218 quam
345 2157 428 2202 fint
449 2155 640 2202 lubricae
664 2157 846 2219 Regum
869 2153 1224 2201 adolescentium
1249 2154 1464 2200 amicitiae
1497 2174 1509 2203 ε
1546 2171 1631 2204 nec
1652 2175 1706 2203 ea
1733 2161 1874 2208 modo

94 2222 228 2267 ruina
249 2219 549 2282 obstupefecit
571 2220 760 2274 amioeS,
780 2220 856 2266 sed
878 2218 1092 2266 inimicos
1116 2219 1253 2266 etiam
1274 2219 1434 2266 terruit
1454 2239 1465 2266 ε
1492 2223 1621 2268 nullo
1644 2223 1796 2283 postea
1814 2225 1875 2271 ad

95 2302 222 2339 eum,
246 2285 364 2331 unde
386 2285 454 2330 illi
479 2284 644 2345 dejecti
665 2296 809 2339 erant,
831 2285 1024 2348 gradum
1047 2284 1323 2331 contendere
1343 2285 1466 2338 auso,
1486 2286 1655 2347 partim
1674 2288 1784 2334 dum
1803 2305 1877 2336 re-

96 2367 199 2396 rum
234 2349 538 2396 humanarum
561 2349 684 2395 casus
710 2349 937 2396 instabiles
961 2347 1244 2413 expendunt,
1281 2349 1449 2412 partim
1471 2351 1583 2396 dum
1615 2352 1757 2416 Regis
1782 2365 1873 2401 tam

96 2413 250 2461 subito
282 2413 330 2459 in
362 2413 593 2460 beneficiis
614 2413 965 2475 poenitentiam,
1003 2420 1053 2461 &
1075 2412 1124 2458 in
1152 2413 1261 2459 odio
1293 2426 1464 2468 tantam
1493 2415 1807 2477 pertinaciam·
1828 2419 1879 2467 in

97 2491 303 2525 mentem
323 2491 554 2525 revocant.
575 2479 782 2524 Multum
804 2479 927 2525 certe
945 2493 1040 2530 θος,
1063 2475 1145 2538 qui
1168 2494 1224 2524 ex
1237 2494 1290 2524 ea
1302 2479 1556 2526 mutatione
1576 2481 1710 2528 status
1723 2483 1879 2544 publi-

24 2574 29 2592 ;
96 2542 142 2594 ci
163 2543 211 2589 in
237 2541 480 2588 maximam
504 2542 629 2606 spem
652 2555 780 2589 erant
801 2541 957 2597 erefiti,
983 2542 1059 2588 sua
1080 2540 1247 2589 fefellit
1270 2541 1446 2606 opinio.
1491 2545 1618 2592 Nam
1653 2547 1771 2601 Rex,
1797 2550 1881 2611 qui

46 2657 49 2658 ⁷
96 2606 403 2670 superioribus
426 2607 556 2653 annis
582 2608 826 2654 assueverat
847 2607 950 2653 ocio
973 2606 1237 2660 domestico,
1262 2624 1314 2653 ae
1331 2622 1433 2654 raro
1454 2609 1671 2672 prodibat
1691 2610 1738 2657 in
1761 2615 1882 2674 pub-

99 2669 259 2726 licum·²
276 2671 371 2732 jam
392 2679 534 2717 novu‘s
553 2672 691 2717 etiam
710 2672 898 2718 maritus
917 2671 1173 2718 domesticis
1193 2672 1508 2734 voluptatibus
1528 2691 1744 2739 magnam
1765 2688 1882 2724 tems

99 2734 225 2798 poris
247 2748 421 2798 partem
443 2735 791 2798 impertiebatur
809 2753 819 2765 ·
844 2748 981 2799 atque
999 2735 1180 2783 exclusa
1197 2736 1438 2784 nobilitate
1457 2737 1506 2783 in
1525 2751 1776 2801 paucorum
1793 2742 1882 2789 mi-

33 2848 37 2852 ,
100 2799 340 2846 nistrorum
363 2801 579 2862 potestate
599 2813 721 2846 totus
742 2814 853 2848 erat.
924 2801 1047 2847 Cum
1068 2800 1175 2847 effet
1192 2801 1317 2848 enim
1339 2802 1530 2865 ingenio
1552 2803 1662 2858 acri,
1688 2808 1739 2854 δε
1763 2823 1882 2867 prae-

100 2863 297 2919 fervido,
327 2881 419 2911 non
442 2864 576 2911 facile
598 2864 774 2912 ferebat
793 2864 1063 2912 sententiam
1084 2863 1207 2912 suam
1232 2864 1258 2911 a
1281 2867 1614 2915 consultoribus
1637 2870 1884 2930 reprehen-

101 2927 156 2974 di
181 2946 191 2975 :
217 2927 281 2975 ita
304 2942 411 2974 cum
428 2946 671 2992 procerum
694 2929 742 2977 in
762 2930 987 2976 censendo
1005 2928 1237 2993 refugeret
1257 2930 1536 2986 libertatern,
1561 2934 1672 2979 tales
1696 2932 1815 2980 circa
1839 2936 1883 2982 se

99 2991 317 3064 habebat,
341 3009 424 3055 qui
450 3010 543 3040 non
563 2994 863 3058 corrigerent,
885 2994 961 3042 sed
991 2995 1301 3056 approbarent
1325 2994 1402 3041 sua
1423 2995 1621 3052 decreta,
1650 3002 1692 3044 &
1710 3013 1883 3064 repug-

103 3057 248 3103 nandi
268 3057 514 3105 offensione
538 3057 678 3106 vitata
697 3059 992 3121 obsequendo
1012 3059 1206 3122 gratiam
1227 3070 1456 3122 pararent.
1873 3078 1878 3084 ·’

163 3184 227 3234 (1)
254 3183 326 3222 His
344 3185 408 3222 son
431 3181 674 3237 JamesBoid
693 3187 767 3224 earl
785 3186 831 3224 of
843 3190 969 3225 Art-an
1023 3186 1152 3224 band's
1170 3186 1296 3232 death,
1318 3187 1407 3225 ssain
1431 3195 1469 3224 at
1496 3187 1774 3238 Flowden'5the
1800 3195 1884 3234 Ha-

108 3249 184 3275 was
201 3237 289 3275 ssain
313 3246 352 3274 at
368 3237 435 3285 the
453 3239 623 3289 Wylylie·
634 3239 685 3289 ,by
698 3239 766 3276 the
787 3240 962 3288 Montgo--
1023 3235 1183 3276 miltonsi
1193 3240 1286 3288 kept
1303 3240 1372 3277 her
1382 3240 1491 3286 close,
1505 3245 1575 3280 and
1595 3245 1723 3293 caused
1741 3246 1810 3285 her
1823 3263 1886 3287 re-

108 3290 244 3327 meries
264 3304 273 3327 :
303 3290 363 3344 his
394 3290 540 3328 uterine
567 3291 716 3343 brother
732 3293 859 3342 James
888 3295 969 3329 Ha·
1024 3292 1100 3339 fign
1115 3293 1166 3329 all
1180 3291 1250 3328 her
1264 3293 1368 3330 lands
1381 3293 1421 3330 in
1439 3293 1570 3332 favour
1586 3298 1632 3334 of
1643 3298 1883 3350 themselves,

59 3390 64 3394 α
108 3343 250 3380 milton
262 3343 347 3380 ‘was‘
360 3345 466 3380 made
484 3344 558 3380 earl
577 3343 622 3381 of
633 3339 756 3391 A'r'ran
778 3358 787 3380 ε
818 3345 971 3381 Grekin
1025 3346 1096 3381 and
1115 3345 1240 3382 would
1261 3353 1328 3382 not
1346 3345 1455 3383 suffer
1473 3341 1543 3388 her
1557 3353 1596 3386 t'o
1614 3345 1738 3401 marry
1759 3355 1882 3403 again,

109 3395 205 3433 Boid
219 3396 277 3434 his
295 3396 392 3432 fister
405 3409 478 3433 was
491 3396 567 3434 first
580 3395 738 3434 married
756 3406 794 3433 to
806 3397 870 3433 the
889 3398 969 3434 lord
1023 3396 1105 3433 tho'
1119 3398 1258 3434 within
1275 3398 1341 3435 the
1360 3410 1425 3447 age
1441 3401 1488 3438 of
1505 3401 1728 3452 forty.;--
1752 3417 1755 3420 ⁴
1772 3409 1883 3446 Thus

67 3477 68 3480 η
109 3448 260 3493 Forbes,
296 3449 362 3486 but
395 3449 468 3486 had
504 3462 552 3486 no
582 3450 752 3487 children
786 3459 824 3486 to
851 3449 934 3486 him
953 3463 965 3497 3
1020 3449 1090 3486 the
1105 3449 1220 3488 house
1238 3451 1283 3489 of
1295 3452 1404 3498 Boid,
1426 3453 1471 3502 by
1488 3451 1599 3504 rfflng
1626 3465 1690 3496 too
1706 3459 1788 3506 fast,
1820 3461 1882 3499 did
1905 3493 1909 3495 ,

110 3500 316 3552 ζὶιετεειῖῐει·
328 3503 387 3540 she
402 3503 560 3540 married
579 3503 698 3540 David
715 3504 794 3540 lord
809 3503 967 3539 Kenne-
1022 3503 1177 3552 quickly
1195 3503 1277 3542 fall.
1334 3506 1395 3543 Of
1407 3505 1472 3544 the
1490 3509 1699 3550 restitution
1734 3513 1890 3553 thereos

112 3551 173 3601 dy,
191 3555 278 3602 who
294 3556 338 3604 by
351 3555 420 3593 her
437 3568 564 3593 means
583 3569 656 3594 was
674 3557 816 3594 created
834 3556 907 3593 ear]
928 3556 974 3593 of
1021 3568 1079 3594 we
1093 3557 1183 3594 shall
1201 3556 1312 3606 speak
1330 3559 1399 3597 lib.
1423 3572 1483 3614 15.
1504 3556 1584 3616 cap.
1604 3557 1669 3616 ἐς.

109 3605 273 3654 'Caffills3
291 3606 390 3646 sorrie
403 3615 504 3658 years
537 3609 659 3647 before
689 3607 879 3655 Flowden,
899 3611 972 3647 and
1015 3618 1020 3622 ’
1079 3610 1141 3661 (2)
1170 3611 1306 3662 Supple
1324 3612 1414 3657 erat.

110 3656 188 3705 had
213 3673 261 3700 no
281 3661 451 3708 children
471 3662 516 3714 by
542 3664 613 3703 her
628 3678 643 3715 3
673 3663 768 3703 after
786 3662 855 3703 her
880 3662 971 3719 hus«¹
1679 3670 1891 3725 ΧΧΧῙῙ.ι
