2106 3864
501 127 834 196 me
925 127 1416 216 Quiu‘russs
1739 152 1859 220 109

152 232 265 282 VII.
298 230 442 288 Secti,
467 236 509 278 δε
534 228 651 277 Ρὶξὶί
671 227 753 275 ubi
776 229 1009 274 Romanos
1032 228 1201 286 abiiffe,
1224 245 1308 276 nec
1328 229 1482 276 denuo
1504 230 1756 279 reversuros
1779 250 1862 296 per

88 300 399 360 exploratores
431 311 515 357 pro
545 305 670 340 certo
704 304 1042 354 compererunt,
1079 294 1187 341 totis
1224 294 1417 347 viribus,
1452 307 1505 338 ac
1539 296 1688 342 multo
1725 315 1861 360 quam

92 366 164 426 (1)
191 375 294 410 ante
314 361 460 408 acrius
482 374 665 405 murum
685 356 877 421 aggreffi
895 371 989 403 non
1011 358 1150 403 modo
1171 358 1272 405 telis
1295 357 1529 406 missilibus
1547 375 1863 423 propugnato.-

88 445 158 476 res
183 427 443 488 dejecerunt
469 441 479 470 ι
504 423 579 469 sed
616 421 838 469 uncinatis
861 420 982 475 telis,
1016 420 1171 483 inquit
1191 424 1331 479 Beda,
1354 422 1404 469 id
1424 422 1486 469 est
1509 425 1582 484 (ut
1612 440 1700 486 ego
1722 425 1884 473 inter-.

90 494 267 555 pretor)
292 486 637 551 dorydrepanis,
659 498 736 533 aut
758 485 951 533 falcibus
973 487 1223 534 muralibus
1242 506 1267 535 e
1289 504 1421 535 muro
1444 488 1745 548 detrahebant
1769 509 1780 536 :
1813 508 1865 537 ac

90 556 318 618 superiore
341 553 603 600 munitione.
619 550 930 599 defensoribus
953 551 1125 597 nudata
1147 552 1296 615 operis
1319 550 1536 599 adhibitis
1567 551 1871 602 fundamenta

91 620 369 668 subruebant
390 637 400 664 ε
439 622 487 668 &
510 617 648 663 semel
666 616 795 663 aditu
815 613 1042 677 patefacto
1064 615 1237 662 hostem
1263 617 1518 679 perculsum
1546 617 1774 682 cogebant
1795 637 1879 673 re-,

93 683 212 730 liei-is
235 682 375 737 villis,
401 696 538 745 atque
561 680 747 727 urbibus
770 696 861 742 qua
891 679 1064 742 cuique,
1078 682 1375 728 commodum
1407 694 1503 728 erat
1524 681 1684 746 fugam
1715 683 1882 740 inten-v

98 750 222 795 dere.
269 747 394 794 Scoti
417 763 542 801 vero,
567 751 607 792 δε
630 744 746 791 Picti
767 744 1018 795 tamavide
1036 744 1250 792 vindictae
1272 744 1598 803 incubuerunt,
1625 761 1674 794 ut
1698 748 1868 811 superi-

94 829 197 860 ores
219 830 377 859 omnes
402 810 679 858 calamitates
702 825 796 871 prae
819 808 950 854 malis
973 808 1268 871 praesentibus
1292 811 1553 857 tolerabiles
1575 812 1775 859 hostibus
1798 814 1870 859 vi·

96 877 194 924 deri
216 878 402 940 poffent.
471 873 654 921 Deinde
673 874 753 921 ubi
771 874 1046 936 praedatores
1066 874 1212 938 magis
1235 875 1394 930 lassati,
1413 892 1551 937 quam
1574 877 1720 924 satiati
1738 879 1871 925 mise-

95 942 175 989 riis
199 942 394 989 hostiurn
419 940 608 989 domum
639 938 831 994 rediere,
856 938 947 985 sera
977 939 1164 985 tandem
1198 939 1315 987 subit
1345 940 1425 987 illa
1457 940 1678 1004 cogitatio
1709 943 1750 989 se
1777 960 1871 991 non

97 1018 191 1054 tam
211 1008 333 1054 bona
352 1003 661 1059 inimicorum,
682 1021 821 1067 quam
841 1002 1041 1057 victoriae
1060 1000 1250 1067 praemia
1271 1004 1530 1066 corrupiffe.
1599 1006 1750 1069 Igitur
1765 1024 1872 1055 cum

96 1070 145 1121 in
172 1083 400 1118 conventu
420 1085 662 1133 procerum
687 1069 1028 1131 disceptaretur,
1070 1071 1308 1131 quomodo
1346 1081 1471 1121 tanta
1505 1069 1697 1117 vic'toria
1740 1085 1872 1119 uten-

99 1136 212 1182 dum
234 1138 352 1189 esset,
377 1135 578 1197 primum
597 1134 806 1180 omnium
828 1132 1004 1196 placuit
1025 1133 1389 1196 agrosvhostibus
1424 1146 1604 1196 ereptos
1625 1135 1683 1182 ad
1707 1136 1873 1183 sobolis

98 1200 480 1263 propagationem
500 1198 632 1245 novis
655 1196 847 1261 coloniis
869 1212 1111 1260 occupare.
1178 1199 1239 1245 Et
1261 1209 1312 1243 ut
1348 1197 1397 1243 id
1421 1198 1660 1246 consilium
1684 1201 1873 1249 salutare

99 1266 336 1312 videretur
373 1263 568 1311 faciebat
594 1263 769 1327 ingens
794 1262 1044 1309 multitudo
1068 1260 1275 1317 fortium,
1321 1261 1396 1309 sed
1432 1262 1629 1326 inopum
1652 1264 1873 1322 virorum,

102 1331 270 1392 quibus
293 1341 464 1376 veteres
488 1327 588 1392 agri
605 1327 781 1391 angusti
803 1340 930 1374 erant
951 1325 1111 1378 futuri.
1182 1328 1289 1374 Hoc
1310 1339 1465 1383 autem
1485 1346 1636 1381 rerum
1660 1330 1877 1377 secunda-

100 1412 204 1442 rum
227 1394 354 1441 cursu
377 1411 457 1456 per
479 1394 685 1441 nationes
707 1391 880 1439 vicinas
903 1391 1145 1455 divulgato
1168 1409 1261 1446 non
1283 1391 1428 1443 solum
1447 1394 1636 1440 exulum
1658 1411 1683 1440 e
1707 1395 1876 1451 Scotia,

101 1459 178 1506 sed
203 1466 241 1506 &
265 1459 611 1522 peregrinorum
652 1458 781 1505 domi
799 1458 995 1521 inopum
1018 1458 1086 1503 vis
1120 1455 1284 1519 ingens
1307 1458 1518 1504 velutad
1540 1459 1745 1521 praedam
1768 1476 1878 1507 con-

102 1538 303 1578 venerat,
330 1523 412 1570 rati
437 1524 678 1571 Graemum
699 1536 847 1577 aetate,
870 1529 910 1569 δι
933 1522 1067 1569 rebus
1086 1521 1218 1585 gestis
1237 1523 1476 1569 florentem
1493 1540 1583 1570 non
1599 1523 1723 1586 prius
1742 1525 1881 1572 finem

103 1589 217 1636 belli
239 1588 429 1652 gerendi
451 1587 694 1643 saetarum,
719 1604 859 1651 quam
882 1599 1025 1633 totam
1047 1586 1330 1634 Britanniam
1352 1588 1693 1650 perdomuisset.
1721 1597 1722 1600 ’
1751 1640 1755 1644 ,
1783 1592 1881 1637 Ve-

105 1671 206 1700 rum
229 1653 300 1700 illi
323 1666 391 1699 tot
420 1653 592 1699 casibus
616 1654 788 1714 jactato
811 1651 999 1714 pronior
1020 1650 1196 1697 animus
1227 1664 1321 1698 erat
1343 1652 1401 1698 ad
1422 1668 1582 1714 pacem
1607 1669 1800 1710 cumre,
1840 1661 1881 1702 δι

106 1718 256 1781 gloria
274 1718 655 1779 amplectendam,
672 1732 812 1779 quam
834 1717 891 1762 ad
914 1727 1084 1761 certam
1108 1715 1374 1763 felicitatem
1392 1716 1440 1762 in
1458 1717 1715 1779 periculum
1732 1717 1882 1766 incer-

107 1797 208 1827 tum
231 1781 586 1843 conjiciendum.
656 1779 807 1844 Igitur
823 1797 984 1843 pacem
1007 1796 1112 1827 cum
1138 1779 1423 1827 Brittonibus
1447 1797 1537 1827 non
1561 1784 1701 1829 modo
1724 1784 1884 1845 volen-

107 1847 248 1900 tibus,
275 1847 348 1892 sed
371 1846 507 1892 etiam
530 1845 710 1908 cupidis
729 1844 799 1891 his
822 1846 1001 1907 legibus
1025 1844 1152 1899 fecit,
1181 1857 1228 1891 ut
1252 1857 1443 1908 uterque
1461 1848 1661 1908 populus
1682 1847 1882 1911 antiquis

100 1911 274 1957 -finibus
297 1923 538 1957 contentus
560 1912 617 1956 ab
640 1909 791 1956 alteris
814 1911 1054 1956 abstineret
1075 1909 1307 1970 injuriam.
1397 1910 1554 1964 Limes
1577 1924 1729 1959 autern
1754 1913 1884 1960 utris-

107 1992 200 2037 que
218 1976 323 2020 effet
343 1974 534 2021 Adriani
553 1975 740 2036 vallum.

174 2040 310 2086 VIII.
345 2040 560 2086 Graemus
583 2039 647 2086 ita
668 2056 780 2102 pace
802 2037 1009 2086 confecta
1031 2055 1124 2086 non
1147 2039 1286 2087 modo
1307 2037 1471 2096 Scotis‚
1494 2040 1569 2097 sed
1592 2042 1731 2089 etiam
1753 2060 1885 2107 pere·

108 2103 252 2166 grinis
276 2103 473 2167 auspicia
491 2104 566 2150 sua
588 2104 747 2151 secutis
772 2120 905 2168 agros
929 2104 1095 2153 divifit.
1139 2104 1371 2168 Regiones
1394 2122 1539 2168 prope
1560 2123 1737 2163 omne3‚
1758 2110 1886 2170 quod

107 2168 332 2231 plaerique
362 2186 588 2215 novorum
611 2167 864 2216 incolarum
888 2168 1136 2232 peregrini,
1163 2170 1331 2233 reliqui
1353 2173 1462 2217 vero
1487 2171 1658 2233 majore
1680 2190 1737 2220 ex
1758 2187 1887 2235 parte

109 2234 158 2279 in
181 2233 320 2280 exilio
340 2233 435 2280 nati
456 2235 594 2280 effent
612 2246 765 2280 vetera
785 2235 974 2281 nomina
992 2248 1350 2282 commutarunt.
1420 2236 1690 2284 Gallovidia
1711 2238 1883 2285 Hiber-

108 2298 199 2345 niae
219 2298 345 2361 regio
367 2298 579 2360 proxima
601 2299 824 2347 Hibernis
847 2299 1085 2346 sortedata
1107 2317 1276 2346 nomen
1298 2299 1347 2346 id
1373 2301 1495 2362 apud
1521 2300 1620 2347 suos
1643 2314 1740 2350 tum
1769 2303 1887 2349 cele-

109 2363 190 2410 bre
213 2364 413 2410 creditur
433 2361 665 2426 accepiffe.
735 2363 1006 2411 Cathanefia
1026 2365 1154 2428 quod
1177 2377 1395 2411 montana
1420 2384 1430 2410 z
1467 2365 1633 2422 Roscia,
1656 2368 1784 2430 quod
1805 2385 1888 2430 pe-

88 2428 292 2476 -zoinsula
317 2446 328 2475 :
363 2427 614 2484 Bucliania,
640 2430 768 2492 quod
802 2445 1020 2492 magnum
1061 2446 1086 2476 e
1127 2429 1275 2476 bubus
1306 2428 1503 2492 vec'tigal
1527 2433 1764 2492 penderet,
1791 2433 1889 2478 dic-

95 2504 174 2549 >ta.
243 2493 405 2557 Bogia,
431 2498 471 2540 δε
494 2494 690 2548 Narnia,
715 2500 756 2540 δε
793 2491 1045 2549 Nave'rnia,
1078 2499 1119 2540 Sc
1142 2494 1294 2557 Speia,
1320 2500 1360 2540 Sc
1386 2495 1552 2550 Iernia,
1581 2501 1621 2542 δε
1646 2496 1843 2543 Taichia
1865 2515 1892 2544 a

107 2557 379 2605 :fluminibus
405 2576 416 2605 ;
453 2558 598 2605 Abria
621 2560 782 2613 alacu,
820 2571 898 2604 aut
916 2558 1297 2613 verius-aestuario
1331 2559 1469 2605 maris
1492 2575 1660 2607 nomen
1695 2562 1889 2624 accepit.

113 2622 331 2668 Plurimae
354 2623 464 2669 item
489 2623 552 2670 cis
576 2625 793 2671 Fortham
814 2622 1025 2686 regiones
1049 2623 1259 2679 Levinia,
1286 2623 1488 2678 Glottia,
1515 2624 1717 2680 Tuedia,
1744 2627 1889 2674 Tevi-

87 2686 227 2742 ·0tia,
255 2687 448 2741 Lidalia‚
475 2687 618 2741 Eleia,
643 2689 775 2742 Eum,
802 2688 986 2744 Nithia,
1015 2689 1276 2744 Annandia‚
1313 2694 1353 2739 δε,
1385 2689 1620 2751 Duglaffia
1640 2709 1665 2736 a
1687 2691 1890 2738 flumini-

111 2753 198 2799 bus
221 2753 558 2814 cognominatae
579 2753 694 2799 sunt.
730 2753 894 2800 Multis
913 2769 1082 2800 nomen
1101 2754 1341 2816 antiquum
1361 2756 1607 2815 permansit
1623 2754 1855 2820 integrum
1874 2776 1886 2805 ε

111 2815 388 2878 quibusdam
410 2819 598 2879 paulum
618 2817 912 2865 immutatum
935 2820 1009 2870 est.
1079 2819 1263 2865 Deinde
1287 2832 1337 2865 ut
1357 2819 1488 2864 rectis
1511 2819 1725 2866 institutis
1748 2821 1892 2868 licen-

89 2923 91 2925 .
111 2880 226 2927 tiam
249 2879 550 2929 diuturnitate
571 2882 682 2928 belli
700 2883 1008 2929 luxuriantem
1029 2883 1352 2946 compesceret,
1377 2884 1587 2945 primum
1600 2901 1788 2947 operam
1811 2887 1892 2933 de-

116 2945 205 2998 dit,
225 2957 273 2991 ut
290 2945 524 3002 monachi,
537 2947 830 3010 doctoresque
846 2947 1206 2999 Christianorum
1219 2948 1527 2994 institutorum
1543 2964 1890 3008 revocarentur:

115 3013 159 3055 &
178 3026 235 3055 ne
257 3026 416 3072 graves
439 3012 613 3074 populo
629 3012 937 3074 inopieffent,
962 3029 1138 3063 annuos
1164 3025 1414 3076 proventus
1433 3029 1495 3059 ex
1523 3029 1736 3076 agrorum
1769 3014 1910 3062 fruc--

118 3072 243 3120 tibus
267 3074 476 3121 attribuit
499 3093 520 3121 :-
536 3076 620 3138 qui
640 3078 719 3123 etsi
737 3077 895 3132 exiles,
914 3089 963 3123 ut
979 3078 1070 3126 illis
1091 3077 1376 3140 temporibus
1401 3089 1543 3130 erant,
1562 3077 1806 3125 hominum
1825 3093 1892 3128 ta-

118 3155 228 3185 men
248 3139 493 3193 modestia,
520 3145 559 3190 &·
583 3140 885 3204 temperantia
906 3142 1034 3197 fecit,
1073 3155 1121 3189 ut
1156 3141 1298 3203 ampli
1332 3141 1613 3203 viderentur.
1682 3144 1894 3193 Praesidia

113 3202 390 3265 opportunis
411 3202 523 3248 locis
541 3205 746 3252 adversus
769 3207 936 3253 subitas
953 3207 1149 3256 hostium
1167 3205 1443 3252 incursiones
1466 3205 1700 3268 disposuit,
1721 3211 1891 3271 partim

117 3284 224 3329 quae
248 3267 422 3327 dejecta
442 3282 586 3322 erant,
605 3268 834 3323 restitutis,
858 3273 1026 3333 partim
1045 3271 1174 3319 novis
1196 3269 1431 3317 institutis.
1453 3327 1456 3329 ι
1517 3319 1520 3322 ,

181 3333 266 3377 ΙΧ.
306 3331 444 3378 Bellis
465 3331 529 3378 ita
541 3350 629 3395 per
649 3335 1097 3388 totamBi-itanniam
1120 3334 1337 3381 restinctis
1357 3335 1585 3382 Brittones
1597 3334 1735 3385 “velut
1754 3337 1778 3384 ὲ
1799 3349 1892 3386 tur-

114 3396 423 3442 bulentiflima
445 3399 706 3459 tempestate
735 3399 908 3461 recepti
930 3398 1274 3461 tranquillitatis
1297 3399 1497 3460 publica:
1520 3399 1652 3448 bonis
1676 3401 1892 3462 frueban-

116 3471 209 3514 tur,
230 3461 295 3506 ita
315 3460 540 3508 incertum
564 3463 770 3510 fecerunt
791 3463 1023 3510 bellumne
1054 3463 1118 3509 eis
1153 3480 1210 3510 an
1229 3479 1319 3526 pax
1339 3464 1442 3525 pius
1465 3464 1752 3513 incommodi
1774 3479 1894 3515 attu-

76 3545 79 3547 ·
115 3524 239 3588 Ierit.
305 3525 488 3572 Dirutis
509 3527 633 3574 enirn
657 3527 864 3581 urbibu8‚
895 3528 1016 3575 villis
1038 3527 1248 3582 incensis,
1271 3542 1455 3589 pecore,
1487 3531 1710 3593 oninique
1731 3532 1896 3581 rustico

124 3588 424 3636 instrumento
457 3593 631 3650 amiffo,
667 3593 746 3657 qui
774 3591 970 3640 hostium
992 3591 1209 3640 saevitiam
1235 3591 1481 3649 evaserant,
1504 3595 1788 3659 cogebantur
1819 3613 1899 3659 aut

173 3668 237 3718 (1)
265 3670 359 3709 MS.
383 3682 502 3715 antea.
1818 3695 1896 3727 ve-
