2106 3838
230 165 347 224 112
526 159 881 225 RERUM
972 156 1664 243 Sjco’rtcARt‘tM

221 257 383 304 darent
404 256 579 312 obsides
614 257 1028 305 confoederatorum
1064 256 1269 304 arbitrio.
1312 268 1315 273 '
1349 261 1448 308 Has
1482 253 1770 309 conditiones
1805 268 1993 326 'gravate

222 322 374 376 multi,
393 323 634 370 necessario
658 336 806 369 tamen
831 336 992 366 omnes
1015 320 1243 368 Brittones
1265 338 1480 387 accepere
1502 344 1512 370 :
1539 339 1675 388 atque
1699 327 1815 373 hanc
1834 343 1994 389 pacem
2026 320 2031 324 ⁴

226 397 283 433 υτ
295 403 377 450 per
396 387 574 448 aliquot
593 402 732 432 annos
761 384 987 431 servarent
1008 384 1119 432 fecit
1140 386 1318 442 eadem,
1362 406 1462 451 quae
1485 406 1584 437 earn
1610 391 1790 453 peperit
1813 392 1993 437 neceffi..

223 462 307 497 tas.

274 516 419 563 XIV.
458 515 683 562 Brittones
707 524 860 560 autem
881 529 963 576 per
983 513 1026 561 se
1046 513 1232 568 infirmi,
1270 520 1310 562 Sc
1338 514 1395 561 ab
1412 518 1578 564 exteris
1596 518 1813 573 destituti,
1859 527 1909 563 ut
1930 518 1994 564 es-

223 578 288 625 set
308 582 427 641 apud
452 595 588 643 quem
611 579 658 623 in
692 594 937 625 commune
971 579 1273 633 consulerent,
1309 580 1487 643 Regem
1522 581 1587 628 sui
1624 582 1803 646 generis
1840 594 1995 628 creant

226 644 572 690 Constantinum
606 659 630 688 e
655 642 887 689 Britannia
910 642 1095 689 Gallica
1127 643 1388 690 accersitum
1414 643 1649 695 hominem
1687 647 1906 699 nobilem,
1944 649 1997 695 δε

224 708 351 753 dorni
382 709 572 752 ¹clarum.
643 708 816 772 Iscum
838 707 1020 754 videret
1043 707 1302 754 Brittonum
1324 707 1442 754 vires
1479 708 1588 755 foris
1612 709 1753 762 bello,
1778 709 1906 756 dorni
1930 710 1994 755 la·

223 770 446 823 trociniis,
487 769 787 819 &intestinis
822 771 1056 818 discordiis
1082 771 1262 827 fractas,
1290 771 1409 818 nihil
1432 772 1746 820 attentandum
1772 785 1894 819 ratus
1914 773 1998 818 de-

224 851 322 880 cem
362 835 547 896 (quibus
587 850 781 898 regnum
820 837 986 895 tenuit)
1029 835 1157 882 annis
1180 853 1339 898 pacem
1362 851 1468 882 cum
1489 837 1652 884 vicinis
1685 836 1864 884 coluit:
1917 838 1996 882 de-

224 915 351 947 mum
372 899 544 945 insidiis
563 898 831 962 vortigerni
853 898 1054 946 hominis
1076 900 1293 961 potentis,
1317 906 1357 947 δι
1377 900 1599 947 ambitiosi
1625 902 1793 948 occisus
1820 902 1894 947 est.
1958 903 1996 947 E

226 963 370 1008 tribus
394 962 498 1009 filiis
521 963 613 1009 duo
635 963 784 1010 adhuc
805 963 1068 1027 impuberes
1089 978 1218 1010 erant
1238 981 1248 1009 ε
1289 964 1464 1016 tertius,
1494 965 1575 1026 qui
1597 979 1693 1012 erat
1722 979 1828 1011 natu
1852 965 1999 1011 maxi-

226 1044 344 1082 mus,
382 1040 598 1090 tanquam
620 1028 756 1074 rebus
780 1027 1145 1075 administrandis
1169 1044 1328 1090 parum
1372 1028 1564 1075 idoneus
1599 1031 1645 1074 in
1680 1028 1998 1075 monasterium

225 1093 467 1156 relegatus.
538 1094 580 1138 Is
604 1105 755 1139 tamen
777 1109 917 1156 opera
938 1093 1135 1140 maxime
1160 1091 1450 1157 vortigerni,
1476 1091 1557 1155 qui
1583 1091 1662 1138 sub
1684 1092 1820 1138 alieni
1843 1093 1997 1139 nomi-

227 1157 295 1203 nis
318 1157 493 1204 invidia
525 1157 608 1203 fibi
637 1174 746 1219 opes
777 1157 979 1220 parabat,
1007 1159 1107 1204 Rex
1130 1170 1321 1204 creatur.
1391 1158 1529 1220 Agris
1554 1173 1634 1219 per
1669 1173 1830 1220 pacem
1853 1157 1989 1202 cultis

228 1223 325 1284 post
347 1222 514 1268 famem
537 1221 836 1285 graviflimam
860 1222 1056 1268 succeffit
1079 1234 1203 1269 tanta
1223 1222 1451 1269 fruetuum
1475 1222 1625 1284 copia,
1650 1234 1867 1284 quantam
1892 1221 2000 1266 nul-

228 1288 273 1332 la
308 1286 528 1333 memoria
549 1287 675 1333 fuisse
697 1287 744 1332 in
779 1286 1012 1333 Britannia
1031 1287 1092 1333 est
1121 1287 1347 1332 auditum.
1416 1285 1531 1332 lnde
1563 1285 1688 1349 pacis
1720 1285 1833 1331 vitia
1858 1285 1997 1348 longe

228 1351 443 1398 omnibus
467 1351 693 1397 bellorum
715 1350 891 1397 damnis
918 1351 1064 1414 magis
1089 1350 1340 1413 perniciosa
1361 1350 1460 1396 sunt
1483 1364 1631 1402 enata,
1674 1349 1870 1403 luxuria,
1896 1364 1998 1395 cru-

228 1415 409 1470 delitas,
432 1415 595 1478 stupra,
622 1414 830 1462 ebrietas.
901 1416 1033 1461 Adeo
1054 1414 1167 1461 nihil
1194 1413 1378 1476 usquam
1402 1414 1512 1467 veri,
1554 1419 1594 1461 ἅν
1614 1414 1805 1475 synceri,
1833 1428 1879 1459 ut
1903 1430 1995 1459 non

231 1479 372 1526 solum
404 1481 525 1542 apud
549 1480 732 1543 vulgu5‚
759 1480 831 1526 sed
856 1483 903 1528 ὃς
928 1479 1046 1525 inter
1070 1479 1337 1531 monachos,
1361 1484 1403 1527 K*
1432 1478 1662 1524 sanctioris
1686 1477 1790 1525 vitae
1828 1476 2002 1540 profes-

229 1544 346 1590 sores
371 1544 575 1606 requitas‚
600 1544 914 1605 promissorum
939 1545 1066 1597 fides,
1094 1543 1192 1589 vitae
1217 1542 1463 1589 constantia
1489 1559 1572 1605 pro
1594 1542 1796 1588 ludibrio
1819 1545 1956 1588 efl'ent
1986 1559 1995 1586 :

231 1609 288 1653 de
310 1608 476 1670 quibus
499 1608 730 1654 luculenta
754 1608 813 1653 est
844 1609 966 1672 apud
991 1608 1160 1654 Bedam
1184 1607 1569 1670 Anglosaxonem,
1608 1612 1645 1651 ἃ
1673 1607 1862 1652 Gildam
1903 1605 2001 1651 Bri-

232 1684 421 1718 tannum
444 1672 646 1734 querela.
713 1673 892 1719 Interea
914 1671 1054 1735 legati
1088 1672 1145 1717 ab
1184 1674 1254 1732 (1)
1293 1670 1432 1717 Aetio
1464 1670 1622 1716 reverfi
1666 1669 1710 1714 in
1742 1686 1798 1715 eo
1828 1669 2002 1715 nullam

231 1735 355 1798 spem
379 1736 536 1783 auxilii
559 1737 643 1782 effe
678 1737 1016 1783 renunciarunt.
1086 1735 1362 1797 Scripseram
1384 1735 1505 1781 enim
1529 1734 1585 1779 ad
1610 1733 1797 1780 Aetium
1832 1734 2000 1781 Britto-

232 1817 311 1847 nes
329 1799 498 1853 literas,
535 1816 726 1863 quarum
751 1817 918 1863 paucos
939 1800 1127 1847 versusa
1151 1800 1274 1847 Beda
1295 1797 1503 1845 recitatos
1526 1798 1663 1845 libuit
1685 1799 1773 1843 huc
1793 1814 1996 1860 appone-

234 1881 281 1910 re
304 1883 314 1912 :
351 1878 447 1911 turn
471 1865 598 1927 quod
630 1864 829 1912 miserias
849 1864 997 1928 gentis
1024 1864 1219 1911 breviter
1241 1863 1461 1917 indicent,
1495 1875 1593 1909 tum
1618 1863 1740 1924 quod
1762 1862 2000 1908 ostendant

231 1927 280 1975 in
300 1930 474 1976 ratione
494 1943 751 1992 temporum
770 1931 1041 1992 exponenda
1062 1942 1258 1992 quantus
1276 1928 1327 1974 fit
1345 1928 1466 1990 apud
1486 1926 1737 1990 plaerosque
1756 1926 1995 1989 scriptores

234 2010 374 2040 error.
411 1994 566 2040 Verba
588 1994 687 2040 haec
711 1995 826 2048 sunt,
853 2003 885 2022 “
911 1994 1118 2040 ΑΕΤΙΟ
1142 1992 1324 2039 tertium
1351 1991 1556 2044 Consuli,
1580 1990 1898 2038 Britannorum
1922 2007 2004 2052 ge·-

235 2057 427 2104 mitus.’'
448 2059 510 2105 Et
524 2055 664 2122 paulo
684 2059 804 2120 post:
829 2066 862 2087 “
883 2058 1134 2121 Repellunt
1154 2057 1339 2104 Barbari
1363 2057 1418 2102 ad
1439 2072 1577 2106 mare,
1596 2055 1777 2117 repellit
1801 2072 1923 2101 mare
1945 2055 2005 2102 ad

235 2122 491 2170 Barbaros.‘
538 2123 664 2170 Inter
685 2123 784 2169 haec
807 2122 898 2169 duo
917 2139 1084 2186 genera
1105 2123 1317 2168 funerum
1337 2121 1710 2183 autjugulamur,
1735 2131 1811 2164 aut
1835 2119 2006 2181 mergi-

237 2189 390 2234 mur.'’
412 2187 560 2235 Geffit
579 2200 733 2234 autem
757 2188 917 2235 Aetius
942 2187 1128 2234 tertium
1151 2185 1430 2232 consulatum
1455 2201 1558 2230 cum
1582 2183 1887 2246 Symmacho:
1921 2183 2004 2246 qui

235 2251 324 2298 fuit
346 2268 488 2299 annus
507 2269 533 2298 a
551 2253 730 2299 Christo
749 2265 856 2299 nato
873 2254 942 2314 (z)
960 2250 1433 2315 quadringentesimus
1451 2249 1872 2312 quinquagesimus.
1903 2248 2004 2294 Ne-

235 2333 325 2377 que
350 2331 497 2364 tamen
517 2317 771 2380 quicquam
793 2316 953 2363 auxilii
971 2318 1028 2363 ab
1045 2332 1100 2363 eo
1122 2319 1183 2362 est
1202 2314 1516 2378 impetratum,
1543 2327 1641 2360 tum
1671 2311 1904 2376 praecipue
1923 2312 2005 2359 ad-

235 2381 385 2428 versus
409 2383 479 2443 (3)
506 2382 666 2428 Attila:
689 2394 839 2428 motus
862 2381 1056 2428 intento.
1950 2437 1960 2446 ·

301 2446 410 2492 XV.
452 2446 642 2494 Caeteris
677 2445 959 2494 Brittonibus
989 2446 1037 2493 in
1069 2445 1187 2492 hanc
1216 2461 1365 2492 rerum
1396 2441 1755 2506 desperationem
1794 2439 2004 2492 redaftis,

235 2509 543 2574 vortigernus
578 2527 693 2558 unus
726 2510 856 2558 malis
881 2509 1078 2574 publicis
1098 2511 1246 2563 laetus,
1265 2508 1392 2573 quod
1414 2509 1493 2554 diu
1517 2506 1892 2570 praecogitaverat
1915 2505 2005 2550 sce-

235 2574 308 2622 lus
327 2574 374 2621 in
397 2574 483 2621 hae
520 2575 729 2623 omnium
765 2592 917 2623 rerum
934 2574 1486 2639 perturbationenimpune
1509 2571 1591 2619 fibi
1620 2571 1826 2617 futurum
1862 2582 2001 2622 ratus,

236 2640 413 2702 Regem
434 2656 515 2702 per
536 2642 738 2703 corporis
761 2640 963 2688 custodes
983 2639 1010 2685 a
1028 2640 1069 2686 se
1087 2638 1318 2687 adhibitos
1340 2635 1709 2685 obtruncandum
1733 2645 1876 2680 curat.
1910 2633 2007 2679 De-

223 2703 364 2759 inde,
404 2706 456 2751 'ut
478 2718 570 2752 tam
598 2705 710 2752 foedi
739 2701 953 2752 facinoris
974 2720 1001 2750 a
1022 2704 1064 2750 se
1085 2703 1377 2766 suspitionem
1413 2711 1651 2752 averteret,
1687 2697 1813 2744 velut
1842 2697 1937 2749 ἦτε,
1966 2702 2007 2743 δε

235 2783 379 2815 mora:
399 2767 447 2816 in
465 2769 671 2816 vindiEta
687 2769 945 2833 expetenda
964 2768 1227 2832 impatiens,
1243 2767 1359 2829 ipsos
1377 2765 1583 2813 custodes
1599 2762 1772 2810 indicta
1789 2761 1918 2807 eausa
1937 2759 2010 2806 in-

241 2830 438 2880 teremit.
507 2834 580 2880 Ita
600 2849 793 2897 regnum
815 2850 897 2897 per
917 2832 1144 2879 summum
1163 2831 1289 2878 nefas
1311 2831 1503 2892 adeptus
1534 2827 1682 2874 nihilo
1699 2825 1888 2872 sanctius
1911 2823 2010 2889 ges-

238 2898 310 2946 fit.
375 2897 501 2946 Nam
520 2911 630 2945 cum
651 2898 823 2945 civium
845 2898 1026 2945 suorum
1041 2897 1178 2943 fidem
1197 2910 1306 2959 erga
1321 2895 1366 2942 se
1386 2893 1630 2956 suspectarn
1651 2891 1854 2939 haberet,
1879 2895 1918 2936 δι
1938 2889 2009 2935 vi-

217 2962 361 3009 -ribns
380 2973 541 3025 utpote
558 2962 751 3010 infirmis
774 2978 936 3026 parum
956 2960 1225 3015 confideret,
1248 2963 1274 3023 (’
1302 2960 1555 3020 )Saxones‚
1575 2955 1655 3029 qui
1671 2954 1908 3027 pira-ticam
1929 2969 2014 3000 ex.

219 3026 467 3082 emebant,
500 3029 552 3076 δε
588 3028 746 3075 omnia
774 3028 911 3074 litora
929 3026 1089 3073 infesta
1109 3024 1204 3072 late
1223 3024 1283 3071 ha
1344 3023 1470 3074 bant,
1516 3022 1598 3068 sibi
1618 3019 1850 3067 conciliat.
1918 3017 2011 3064 Eo-

235 3106 340 3136 rum
357 3091 467 3138 duci
489 3092 715 3157 Hengisto
737 3107 844 3139 cum
871 3090 1027 3138 valida
1061 3105 1199 3136 manu
1217 3086 1536 3151 tribuslongis
1554 3083 1747 3133 navibus
1776 3082 1843 3151 ad¹
1866 3081 1910 3129 se
1930 3081 2013 3128 ad-

213 3155 369 3201 tvecto
392 3171 523 3219 agros
546 3156 772 3211 attribuit,
797 3169 847 3204 ut
868 3171 952 3219 pro
970 3153 1206 3202 Britannia
1227 3169 1319 3200 non
1336 3152 1432 3214 jam
1455 3162 1507 3197 ut
1523 3147 1765 3216 peregrina
1783 3160 1918 3201 terra,
1937 3144 2014 3192 sed

235 3217 316 3264 suo
338 3219 595 3276 domicilio,
609 3219 794 3286 'suisque
816 3219 1060 3283 penatibus
1079 3217 1277 3265 libenter
1297 3216 1554 3264 dimicaret.
1582 3275 1595 3288 ς
1611 3213 1687 3261 Ad
1707 3212 1831 3283 hane
1843 3209 2012 3256 famam

215 3294 337 3332 stum
359 3296 495 3332 tanta:
523 3302 682 3334 manus
707 3288 732 3334 ὁ
751 3284 897 3334 tribus
922 3281 1191 3331 Germaniae
1211 3280 1481 3330 nationibus
1502 3281 1641 3343 June,
1665 3275 1939 3327 Saxomhus,
1962 3275 2015 3324 δε

292 3413 308 3463 (
317 3413 354 3514 ¹3
382 3415 589 3506 2¹Rom6an
609 3418 746 3456 consul.
908 3387 911 3388 γ
1114 3412 1118 3416 ’
1156 3414 1242 3452 ther
1258 3421 1356 3504 pagis
1372 3411 1417 3450 of
1431 3409 1496 3502 tltie
1498 3411 1684 3502 3311:er
1684 3404 1944 3499 ἶτῐηςεῗηέώω
1975 3453 2021 3491 Of

257 3571 260 3575 ⁴
287 3473 353 3570 ἒξ)
383 3481 622 3571 Amffklng
639 3523 683 3560 of
698 3524 762 3559 the
782 3526 890 3562 ans
919 3538 961 3563 or
989 3526 1101 3562 Hun-
1159 3468 1883 3577 odfriranyfflizasterwi’rdscunquer'd
1895 3504 2016 3548 South

235 3573 392 3622 garinus,
413 3585 586 3613 over-ran
605 3576 788 3626 auultaly.
805 3579 959 3623 Fran-30,
975 3580 1044 3617 and
1063 3593 1103 3616 ω
1159 3573 1305 3615 Britain
1323 3572 1395 3613 and
1410 3571 1529 3611 called
1547 3577 1578 3609 it
1591 3566 1776 3618 England.

1852 3621 2020 3731 Anglis
