2075 3807
211 156 330 238 182
509 157 867 224 RERUM
957 151 1638 219 SCOTICARUM

205 255 622 319 Anglo·repetisset.
691 251 868 313 Anglus
893 249 1183 297 Gulielmum
1204 249 1466 296 Londinum
1486 249 1638 296 venire
1654 250 1790 311 jussit,
1820 260 1870 299 ut
1890 251 1966 301 οἶν

210 318 498 374 Cumbriam,
523 323 569 367 εἰ
606 312 985 364 Northumbriam
1009 312 1049 360 se
1071 312 1407 361 beneficiarium
1430 314 1487 360 de
1507 329 1633 360 more
1652 317 1951 375 profiteretur.

204 382 361 433 ldille
382 398 486 429 cum
521 399 612 427 non
634 390 819 441 gravate
839 377 1132 437 secisset2nec
1147 389 1297 424 tamen
1321 395 1346 423 a
1367 376 1704 425 Northumbria
1731 379 1953 440 poscenda

204 447 443 501 desisteret,
463 443 690 493 Henricus
707 438 926 505 ambiguo
946 441 1152 505 responso
1169 458 1264 488 rem
1282 441 1535 489 differebat.
1558 441 1806 488 Nam=cum
1826 442 1952 489 Nor·
2068 491 2075 498 „

205 510 437 560 thumbria
480 505 788 554 Milcolumbo
808 507 1038 569 adempta,
1060 505 1143 568 ipsi
1167 504 1423 566 adjudicata
1442 505 1577 560 esset,
1600 505 1641 552 se
1662 522 1760 552 eam
1785 505 1955 553 abalie·
2056 524 2075 602 ζ

203 592 311 623 nare
343 574 423 620 nisi
459 587 697 634 procerum
733 570 932 624 decreto,
973 586 1065 617 non
1096 570 1230 631 posse.
1299 569 1374 615 Ad
1396 568 1653 630 proximum
1677 563 1953 617 conventum
2045 607 2075 635 ,Γ

201 639 382 692 adesset,
403 648 540 698 atque
561 635 627 681 ibi
647 634 772 697 quod
787 634 860 695 jus
881 635 1003 689 esset,
1025 635 1297 697 expediaret.
1365 631 1645 690 Gulielmus,
1659 634 1737 681 etsi
1757 634 1869 681 nihil
1893 650 1953 680 ae·
2054 620 2075 674 -ἐ

204 703 285 766 qui
309 701 348 747 se
369 701 718 762 impetraturum
739 698 960 762 sperabat,
984 713 1135 746 tamen
1158 715 1214 744 ne
1232 696 1540 745 calumniandi
1561 694 1810 746 adversario
1828 690 1956 744 daret
2049 710 2063 730 -·

202 765 502 817 occasionem,
525 763 572 810 in
595 762 846 826 Angliaad
863 774 1140 810 conventum
1175 761 1311 824 usque
1333 760 1604 824 expefmvit,
1627 762 1678 812 δε
1699 761 1954 810 Henricum

203 827 561 893 proficiscentem
592 829 650 875 ad
671 827 843 874 bellum
868 827 1104 884 Gallicum
1137 825 1246 873 licet
1277 824 1467 880 invitus,
1492 836 1642 872 tamen
1676 825 1951 878 est'secutus,

204 892 276 941 Ibi
297 908 402 939 cuin
437 891 602 939 assidua
629 891 908 955 flagitatione
931 890 1044 937 nihil
1065 889 1320 953 proficeret,
1339 907 1422 938 nec
1443 891 1543 937 Rex
1562 888 1688 936 brevi
1709 888 1756 936 in
1788 888 1958 953 Angli.-

203 975 277 1004 am
301 956 527 1005 rediturus
549 956 813 1020 speraretur,
838 971 957 1019 :egre
979 965 1235 1002 commeatu
1256 954 1497 1017 impetrato
1518 954 1565 1001 in
1589 953 1788 1002 Scotiam
1807 954 1866 1002 est
1886 952 1955 1001 re'·

204 1022 370 1070 versus.
1097 1021 1102 1025 “
1472 1023 1474 1025 ’
1493 1023 1498 1026 ’

268 1089 416 1135 XLV.
461 1088 560 1136 Post
592 1088 808 1141 reditum,
829 1085 1029 1148 primum
1060 1084 1263 1134 omnium
1288 1100 1477 1148 regnum
1501 1082 1751 1133 latronibus
1774 1081 1957 1146 castiga-

204 1152 262 1201 tis
283 1152 544 1217 repurgavit
571 1171 581 1198 z
615 1152 780 1199 deinde
798 1150 909 1197 locis
930 1150 1106 1197 idoneis
1124 1165 1264 1204 arces,
1284 1153 1332 1200 δε
1356 1147 1561 1211 praesidia
1576 1146 1634 1194 ad
1653 1146 1958 1210 prohibendae

205 1216 461 1292 repentinas
491 1216 764 1265 incursiones
794 1214 1011 1278 imposuit
1040 1232 1049 1260 :
1084 1215 1267 1261 demum
1304 1231 1384 1276 per
1405 1214 1581 1277 legatos
1615 1211 1671 1258 de
1701 1210 1959 1258 Northum-

205 1281 306 1329 bria
327 1281 558 1330 reddenda
578 1281 783 1344 Anglum
806 1279 1045 1326 admonuit
1069 1297 1079 1325 :
1114 1278 1162 1325 ni
1184 1278 1407 1338 redderet,
1430 1277 1605 1324 bellum
1625 1274 1956 1324 interminatus.

192 1347 282 1394 ‘An
318 1346 387 1393 lus
426 1345 614 1394 Gallico
647 1344 770 1391 bello
802 1344 1049 1407 impeditus
1072 1342 1419 1391 Northumbriae
1442 1354 1586 1405 parte,
1605 1357 1742 1404 quam
1765 1356 1960 1403 proavus

203 1363 434 1457 Guiielmi
458 1421 677 1464 tenuerat,
701 1408 744 1456 ei
765 1407 899 1456 cessit.
966 1409 1079 1455 Eam
1102 1408 1262 1455 Scotus
1284 1406 1467 1470 quidem
1489 1404 1697 1468 accaepit,
1720 1405 1898 1452 testatus
1917 1401 1958 1450 se

191 1474 321 1522 'nihil
344 1476 401 1522 de
423 1474 500 1521 suo
520 1474 569 1521 in
592 1472 812 1537 reliquam
836 1484 1009 1535 partem
1026 1472 1128 1534 jure
1149 1471 1383 1520 decedere.
1450 1470 1505 1518 Id
1526 1486 1632 1518 curn
1655 1469 1728 1517 An
1763 1468 1833 1516 lus
1855 1468 1959 1533 gra'-

204 1538 322 1586 viter
343 1538 494 1592 ferret,
520 1544 560 1586 δι
584 1540 779 1600 praedam
803 1534 866 1585 de'
883 1536 1097 1583 'manibus
1117 1535 1199 1583 lite
1221 1553 1312 1583 non
1334 1536 1562 1608 dirempta
1589 1532 1703 1580 dimi
1740 1550 1810 1579 am
1832 1532 1958 1579 dole·

204 1616 290 1656 ret,
327 1620 408 1666 per
436 1602 709 1649 incursiones
743 1602 937 1649 in-sines
970 1602 1207 1648 Scotorum
1240 1616 1356 1646 nova
1385 1598 1495 1646 belli
1528 1596 1695 1645 semina
1721 1595 1954 1657 jaciebat:

205 1666 291 1712 hac
324 1667 555 1713 occasione
577 1666 754 1729 sperans
776 1665 968 1727 reliqua,
999 1680 1102 1726 qua:
1135 1662 1417 1711 controversa
1436 1660 1585 1709 videri
1606 1661 1806 1715 volebat,
1828 1659 1870 1706 se
1894 1660 1959 1707 fa-

204 1731 294 1776 cile
315 1730 587 1777 ablaturum.
656 1730 777 1776 Cum
800 1746 867 1776 res
890 1729 948 1775 de
970 1744 1093 1776 more
1115 1745 1197 1791 per
1222 1726 1422 1774 limitum
1447 1725 1682 1789 praefeftos
1706 1736 1958 1788 repeteren-

205 1809 297 1851 tur,
323 1794 468 1859 Angli
484 1793 713 1858 conquesti
735 1793 832 1840 suos
854 1791 1021 1840 limites
1054 1791 1293 1840 latrocinio
1316 1790 1552 1839 Scotorum
1575 1788 1742 1843 vexari,
1767 1789 1958 1852 legat05‚

205 1855 334 1907 iiulla
354 1861 415 1918 ob
437 1876 573 1923 quam
596 1871 810 1906 venerant
831 1874 878 1905 re
899 1858 1156 1920 impetrata,
1181 1872 1325 1919 prope
1346 1854 1436 1902 sine
1458 1853 1663 1917 responso
1692 1853 1958 1917 abegerunt.

207 1922 351 1978 Scoti,
377 1937 425 1971 ut
445 1924 571 1995 quod
600 1922 703 1983 jure
724 1921 929 1969 obtinere
951 1937 1042 1969 non
1072 1934 1299 1985 poterant,
1326 1918 1371 1964 vi
1391 1918 1737 1982 assequerentur,
1759 1917 1960 1970 exercitu

206 1986 417 2036 confecto
450 2003 498 2034 in
525 1986 756 2050 proximos
782 1987 1041 2051 Anglorum
1071 2001 1204 2050 agros
1225 1982 1362 2039 ferro,
1384 1985 1435 2032 &
1462 1981 1571 2047 igne
1592 1981 1793 2028 saeviunt.
1861 1981 1962 2028 An·

204 2052 277 2116 gli
291 2052 386 2114 jam
408 2050 597 2098 instante
618 2051 751 2098 messe
772 2048 976 2098 contenti
997 2065 1079 2113 per
1097 2046 1344 2097 absentiam
1362 2046 1503 2111 Regis
1523 2045 1598 2093 sua
1618 2045 1766 2109 quoad
1790 2046 1962 2119 possent

205 2116 364 2171 tutari,
387 2115 565 2163 nullum
598 2115 784 2179 quidem
817 2113 1068 2162 exercitum
1100 2111 1388 2161 contrahunt.
1455 2110 1618 2159 Hiems
1652 2126 1760 2157 vero
1791 2122 1963 2159 interea

208 2197 290 2244 per
309 2191 488 2228 mutuas
509 2179 779 2227 incursiones
803 2178 892 2226 fuit
914 2177 1138 2240 inquieta.

274 2243 448 2292 XLVI.
485 2245 657 2292 AEstate
677 2242 887 2308 proxima
907 2241 1170 2290 Gulielmus
1202 2241 1250 2289 in
1277 2239 1494 2303 hosticum
1519 2239 1592 2287 ma
1630 2256 1687 2287 no
1708 2256 1814 2289 cum
1836 2257 1965 2289 exer·
2039 2242 2042 2246 ’

180 2323 181 2326 ’
210 2308 306 2357 citu
327 2308 374 2356 in
411 2308 542 2356 tessus
564 2310 641 2355 est.
708 2307 785 2355 Ad
813 2324 919 2355 euru
942 2306 1086 2372 Angli
1117 2322 1221 2354 cum
1253 2306 1397 2353 nullas
1419 2305 1567 2351 adhuc
1593 2257 1692 2351 {tis
1717 2306 1863 2352 sirmas
1886 2319 1964 2352 co·

207 2373 308 2436 pias
330 2326 550 2420 hafflerent
569 2371 862 2436 conscriptaS,
883 2372 1057 2434 legatos
1081 2369 1127 2417 in
1166 2371 1303 2417 castra
1324 2369 1530 2416 mittunt.
1597 2367 1809 2417 Inducias
1837 2384 1964 2432 mag·
2033 2391 2039 2397 ·

211 2454 270 2485 na
301 2436 496 2501 pecunia
527 2435 718 2489 mercari
748 2436 1047 2483 contendunt.
1112 2433 1168 2481 Id
1199 2435 1230 2481 si
1251 2435 1515 2496 impetrent,
1537 2432 1658 2496 spem
1682 2431 1865 2492 injicere
1887 2448 1964 2480 co·
2036 2467 2038 2469 »

196 2508 392 2556 uantur,
416 2499 571 2548 omnia
598 2517 656 2548 ex
687 2500 906 2548 sententia
936 2511 1229 2547 conventura.
1297 2497 1507 2545 Credidit
1534 2496 1770 2544 fallacibus
1804 2511 1962 2544 eorum

208 2565 428 2629 promissis
451 2566 591 2612 homo
613 2565 802 2612 minime
823 2560 1060 2618 maius,'&
1081 2561 1160 2627 qui
1183 2566 1340 2627 pacem
1367 2562 1505 2608 modo
1531 2576 1621 2609 non
1645 2557 1966 2623 iniquissimam

211 2630 285 2692 (1)
310 2628 519 2692 quamvis
533 2629 652 2690 justo
670 2629 794 2678 bello
812 2628 1059 2692 praeferret.
1128 2627 1271 2692 Angli
1291 2626 1504 2690 spatium,
1522 2623 1695 2689 quoab
1715 2625 1849 2673 armis
1872 2623 1964 2672 ces-

211 2694 406 2748 sabatur,
427 2705 575 2748 totum
595 2693 642 2739 in
668 2706 886 2756 apparatu
915 2692 1023 2738 belli
1047 2688 1334 2740 consumunt.
1398 2690 1503 2737 Nec
1539 2689 1748 2736 desinunt
1782 2688 1966 2736 interim

210 2756 376 2821 legatis
399 2756 659 2803 missitandis
679 2756 888 2819 promissa
910 2755 1158 2808 cumulare,
1178 2771 1230 2802 ac
1250 2753 1417 2818 pariter
1435 2751 1629 2800 hostium
1652 2753 1789 2800 castra
1809 2751 1967 2817 specu-

207 2821 295 2869 lari
321 2837 332 2866 :
364 2819 415 2867 in
449 2819 615 2884 quibus
649 2836 754 2867 cum
785 2818 1245 2872 omniainduciarum
1278 2816 1447 2864 fiducia
1467 2816 1654 2873 remissa,
1678 2818 1968 2880 acneglefsa

210 2897 465 2940 cernerent,
491 2886 798 2949 majoremque
832 2895 1005 2946 partem
1027 2882 1250 2931 exercitus
1270 2879 1410 2945 Regii
1430 2880 1486 2927 ad
1507 2894 1784 2928 commeatus
1807 2894 1968 2944 peten-
2027 2907 2031 2911 ·

212 2951 296 2997 dos
323 2948 562 3022 dilapsam,
585 2951 745 2995 reversi
783 2947 869 2993 suis
907 2947 1188 2994 occasionem
1217 2945 1283 2994 rei
1320 2945 1437 2992 bene
1466 2945 1677 3008 gerenda:
1710 2945 1967 2997 ostendunt.
2025 2959 2029 2961 ’

211 3014 400 3068 Instant,
424 3030 480 3059 ne
496 3029 596 3059 eam
614 3029 640 3059 e
660 3011 871 3059 manibus
890 3009 1011 3057 elabi
1032 3011 1190 3058 sinant.
1258 3009 1405 3073 Igitur
1426 3009 1595 3070 majore
1613 3009 1845 3072 copiarum
1870 3010 1967 3056 sua·
2026 3021 2032 3031 ·

213 3094 315 3124 rum
336 3090 463 3140 parte
482 3076 532 3123 in
554 3076 725 3124 insidiis
746 3077 984 3129 collocata,
1017 3074 1342 3138 quadringenti
1372 3073 1465 3120 fere
1485 3072 1661 3134 equites
1682 3073 1885 3135 expediti
1912 3072 1970 3120 de

216 3142 286 3201 (2)
306 3140 436 3188 tertia
454 3140 614 3203 vigilia
627 3141 715 3187 iter
729 3139 906 3203 ingressi
929 3140 1241 3201 paucaslioras
1260 3152 1362 3184 ante
1385 3136 1487 3183 solis
1508 3148 1658 3184 ortum
1674 3137 1967 3192 Alucvimm,
2008 3139 2026 3172 ἰ

199 3204 295 3252 'ubi
318 3206 556 3251 Scotorum
578 3201 715 3251 castra
734 3208 877 3257 erant,
897 3201 1163 3249 adveniunt.
1232 3201 1303 3248 lbi
1324 3202 1540 3264 majorem
1562 3217 1701 3263 quam
1723 3200 1967 3264 sperarant.
2009 3208 2026 3218 ”

215 3267 331 3318 bene
350 3269 563 3331 gerendae
584 3269 651 3317 rei
671 3269 950 3316 occasionem
973 3267 1110 3322 nacti,
1141 3267 1187 3313 in
1225 3267 1401 3330 Regem
1424 3265 1620 3312 velutin
1652 3265 1826 3312 summa
1856 3279 1969 3327 pace
2009 3277 2016 3284 ·

267 3403 331 3451 (i)
359 3401 386 3439 i.
406 3416 439 3439 e⁴
459 3404 659 3454 Justissimo
681 3421 691 3442 ι
720 3403 903 3454 quamvis,
924 3411 966 3440 ut
993 3405 1063 3443 ali·
1119 3403 1201 3442 vide
1218 3403 1284 3440 the
1304 3402 1413 3450 night
1425 3402 1462 3440 in
1479 3415 1505 3451 4
1523 3402 1699 3448 watches,
1717 3401 1782 3440 the
1804 3402 1855 3440 1st
1873 3402 1969 3440 from

208 3454 267 3499 bi,
294 3467 357 3502 pro
381 3458 616 3502 quantumvis
637 3471 646 3493 ε
675 3458 728 3495 ita
753 3458 971 3507 quamlibet,
1000 3470 1065 3507 pro
1121 3457 1143 3494 6
1166 3456 1315 3494 o'clock
1334 3463 1372 3493 at
1388 3453 1478 3493 even
1493 3465 1532 3492 to
1549 3469 1600 3506 93
1627 3455 1692 3493 the
1709 3457 1756 3493 2d
1773 3455 1870 3493 from
1891 3467 1913 3504 9
1932 3462 1972 3491 to

215 3507 502 3565 quantumlibet.
1124 3519 1201 3557 ¹23
1227 3508 1292 3551 the
1321 3508 1490 3558 3d·from
1513 3518 1559 3548 η
1588 3514 1628 3546 to
1654 3521 1702 3561 33
1730 3509 1799 3546 aad
1817 3505 1971 3555 theadi
2007 3512 2010 3514 ’

269 3558 336 3611 (2)
364 3557 476 3597 After
489 3560 796 3610 midnight.-÷-
831 3562 989 3611 Soldiers
1008 3562 1065 3601 di·
1119 3561 1216 3600 stom
1232 3574 1256 3613 .3
1278 3569 1316 3599 to
1334 3560 1371 3599 6.
1931 3589 1935 3594 ⁴
1970 3596 1973 3597 γ

1865 3644 1976 3692 ebe·
2003 3604 2023 3642 ἰ
