<?xml version="1.0" encoding="UTF-8"?>
<!DOCTYPE html PUBLIC "-//W3C//DTD XHTML 1.0 Transitional//EN"
    "http://www.w3.org/TR/xhtml1/DTD/xhtml1-transitional.dtd">
<html xmlns="http://www.w3.org/1999/xhtml" xml:lang="en" lang="en">
 <head>
  <title>
</title>
<meta http-equiv="Content-Type" content="text/html;charset=utf-8" />
  <meta name='ocr-system' content='tesseract 3.04.00' />
  <meta name='ocr-capabilities' content='ocr_page ocr_carea ocr_par ocr_line ocrx_word'/>
</head>
<body>
  <div class='ocr_page' id='page_1' title='image "./rerumscoticarumh00buch_0765.png"; bbox 0 0 2037 3837; ppageno 0'>
   <div class='ocr_carea' id='block_1_1' title="bbox 478 91 1922 187">
    <p class='ocr_par' dir='ltr' id='par_1_1' title="bbox 478 91 1922 187">
     <span class='ocr_line' id='line_1_1' title="bbox 478 91 1922 187; baseline -0.011 -14"><span class='ocrx_word' id='word_1_1' title='bbox 478 99 897 173; x_wconf 67' lang='lat' dir='ltr'><em>APUD</em></span> <span class='ocrx_word' id='word_1_2' title='bbox 990 91 1550 165; x_wconf 76' lang='lat' dir='ltr'>ScoTOS.</span> <span class='ocrx_word' id='word_1_3' title='bbox 1829 103 1922 187; x_wconf 82' lang='lat'>47</span> 
     </span>
    </p>
   </div>
   <div class='ocr_carea' id='block_1_2' title="bbox 158 194 2004 3617">
    <p class='ocr_par' dir='ltr' id='par_1_2' title="bbox 159 194 1955 1491">
     <span class='ocr_line' id='line_1_2' title="bbox 226 194 1928 263; baseline -0.007 -4"><span class='ocrx_word' id='word_1_4' title='bbox 226 209 333 259; x_wconf 82' lang='lat' dir='ltr'>XC.</span> <span class='ocrx_word' id='word_1_5' title='bbox 364 208 423 257; x_wconf 79' lang='lat' dir='ltr'>B.</span> <span class='ocrx_word' id='word_1_6' title='bbox 456 204 568 252; x_wconf 84' lang='lat' dir='ltr'>Eam</span> <span class='ocrx_word' id='word_1_7' title='bbox 593 219 698 252; x_wconf 87' lang='lat' dir='ltr'>cum</span> <span class='ocrx_word' id='word_1_8' title='bbox 721 200 844 248; x_wconf 85' lang='lat' dir='ltr'>voles</span> <span class='ocrx_word' id='word_1_9' title='bbox 866 214 922 246; x_wconf 81' lang='lat' dir='ltr'>ex</span> <span class='ocrx_word' id='word_1_10' title='bbox 943 199 1077 263; x_wconf 82' lang='lat' dir='ltr'>Epist.</span> <span class='ocrx_word' id='word_1_11' title='bbox 1101 197 1249 259; x_wconf 83' lang='lat' dir='ltr'>priore</span> <span class='ocrx_word' id='word_1_12' title='bbox 1270 195 1402 243; x_wconf 85' lang='lat' dir='ltr'>Pauli</span> <span class='ocrx_word' id='word_1_13' title='bbox 1423 194 1483 243; x_wconf 87' lang='lat' dir='ltr'>ad</span> <span class='ocrx_word' id='word_1_14' title='bbox 1512 195 1615 243; x_wconf 81' lang='lat' dir='ltr'>Cor.</span> <span class='ocrx_word' id='word_1_15' title='bbox 1647 195 1729 244; x_wconf 87' lang='lat' dir='ltr'>tibi</span> <span class='ocrx_word' id='word_1_16' title='bbox 1752 197 1928 247; x_wconf 77' lang='lat' dir='ltr'>sumere</span> 
     </span>
     <span class='ocr_line' id='line_1_3' title="bbox 159 261 1926 331; baseline -0.007 -8"><span class='ocrx_word' id='word_1_17' title='bbox 159 272 321 328; x_wconf 64' lang='lat' dir='ltr'>licebit</span> <span class='ocrx_word' id='word_1_18' title='bbox 346 291 359 321; x_wconf 70' lang='grc' dir='ltr'>ι</span> <span class='ocrx_word' id='word_1_19' title='bbox 394 271 470 319; x_wconf 86' lang='lat' dir='ltr'>ubi</span> <span class='ocrx_word' id='word_1_20' title='bbox 498 268 737 331; x_wconf 79' lang='lat' dir='ltr'>Apostolus</span> <span class='ocrx_word' id='word_1_21' title='bbox 760 277 883 312; x_wconf 89' lang='lat' dir='ltr'>vetat</span> <span class='ocrx_word' id='word_1_22' title='bbox 922 265 1028 310; x_wconf 79' lang='lat' dir='ltr'>Cum</span> <span class='ocrx_word' id='word_1_23' title='bbox 1040 261 1193 326; x_wconf 85' lang='lat' dir='ltr'>palam</span> <span class='ocrx_word' id='word_1_24' title='bbox 1197 263 1451 327; x_wconf 79' lang='lat' dir='ltr'>facinorosts</span> <span class='ocrx_word' id='word_1_25' title='bbox 1469 261 1778 325; x_wconf 80' lang='lat' dir='ltr'>autflagitiofis</span> <span class='ocrx_word' id='word_1_26' title='bbox 1798 263 1926 312; x_wconf 81' lang='lat' dir='ltr'>ullum</span> 
     </span>
     <span class='ocr_line' id='line_1_4' title="bbox 161 325 1929 394; baseline -0.006 -8"><span class='ocrx_word' id='word_1_27' title='bbox 161 345 378 392; x_wconf 59' lang='lat' dir='ltr'>con-vibius</span> <span class='ocrx_word' id='word_1_28' title='bbox 398 347 473 384; x_wconf 88' lang='lat' dir='ltr'>aut</span> <span class='ocrx_word' id='word_1_29' title='bbox 481 334 682 394; x_wconf 62' lang='lat' dir='ltr'>sermonis</span> <span class='ocrx_word' id='word_1_30' title='bbox 703 328 855 377; x_wconf 72' lang='lat' dir='ltr'>habere</span> <span class='ocrx_word' id='word_1_31' title='bbox 874 334 1162 377; x_wconf 81' lang='lat' dir='ltr'><em>commercium.</em></span> <span class='ocrx_word' id='word_1_32' title='bbox 1230 326 1286 374; x_wconf 90' lang='lat' dir='ltr'>Id</span> <span class='ocrx_word' id='word_1_33' title='bbox 1328 326 1360 373; x_wconf 86' lang='lat' dir='ltr'><strong>fi</strong></span> <span class='ocrx_word' id='word_1_34' title='bbox 1401 326 1521 373; x_wconf 85' lang='lat' dir='ltr'>inter</span> <span class='ocrx_word' id='word_1_35' title='bbox 1543 325 1820 374; x_wconf 78' lang='lat' dir='ltr'>Christianos</span> <span class='ocrx_word' id='word_1_36' title='bbox 1842 330 1929 376; x_wconf 87' lang='lat' dir='ltr'>ob·</span> 
     </span>
     <span class='ocr_line' id='line_1_5' title="bbox 162 388 1934 456; baseline -0.008 -5"><span class='ocrx_word' id='word_1_37' title='bbox 162 404 426 456; x_wconf 85' lang='lat' dir='ltr'>servaretur,</span> <span class='ocrx_word' id='word_1_38' title='bbox 451 395 690 450; x_wconf 81' lang='lat' dir='ltr'>sceleratis,</span> <span class='ocrx_word' id='word_1_39' title='bbox 707 394 787 440; x_wconf 82' lang='lat' dir='ltr'>nisi</span> <span class='ocrx_word' id='word_1_40' title='bbox 809 391 1132 455; x_wconf 82' lang='lat' dir='ltr'>resipiscerent,</span> <span class='ocrx_word' id='word_1_41' title='bbox 1148 391 1293 443; x_wconf 79' lang='lat' dir='ltr'>fame.</span> <span class='ocrx_word' id='word_1_42' title='bbox 1311 388 1500 452; x_wconf 86' lang='lat' dir='ltr'>frigore,</span> <span class='ocrx_word' id='word_1_43' title='bbox 1520 395 1559 436; x_wconf 85' lang='lat'>&amp;</span> <span class='ocrx_word' id='word_1_44' title='bbox 1574 389 1779 438; x_wconf 82' lang='lat' dir='ltr'>nuditate</span> <span class='ocrx_word' id='word_1_45' title='bbox 1799 409 1934 455; x_wconf 88' lang='lat' dir='ltr'>pere.</span> 
     </span>
     <span class='ocr_line' id='line_1_6' title="bbox 167 453 1933 518; baseline -0.006 -4"><span class='ocrx_word' id='word_1_46' title='bbox 167 467 344 515; x_wconf 88' lang='lat' dir='ltr'>undum</span> <span class='ocrx_word' id='word_1_47' title='bbox 371 466 494 513; x_wconf 82' lang='lat' dir='ltr'>effet.</span> <span class='ocrx_word' id='word_1_48' title='bbox 560 462 630 508; x_wconf 89' lang='lat' dir='ltr'>M.</span> <span class='ocrx_word' id='word_1_49' title='bbox 654 458 823 507; x_wconf 88' lang='lat' dir='ltr'>Gravis</span> <span class='ocrx_word' id='word_1_50' title='bbox 843 455 1049 518; x_wconf 61' lang='lat' dir='ltr'>profecio</span> <span class='ocrx_word' id='word_1_51' title='bbox 1073 456 1292 504; x_wconf 87' lang='lat' dir='ltr'>sententia</span> <span class='ocrx_word' id='word_1_52' title='bbox 1315 471 1328 501; x_wconf 90' lang='lat'>:</span> <span class='ocrx_word' id='word_1_53' title='bbox 1361 455 1435 502; x_wconf 86' lang='lat' dir='ltr'>sed</span> <span class='ocrx_word' id='word_1_54' title='bbox 1459 453 1607 501; x_wconf 87' lang='lat' dir='ltr'>nescio</span> <span class='ocrx_word' id='word_1_55' title='bbox 1629 472 1686 509; x_wconf 86' lang='lat' dir='ltr'>an</span> <span class='ocrx_word' id='word_1_56' title='bbox 1708 457 1933 518; x_wconf 86' lang='lat' dir='ltr'>populus,</span> 
     </span>
     <span class='ocr_line' id='line_1_7' title="bbox 166 518 1938 594; baseline -0.008 -17"><span class='ocrx_word' id='word_1_57' title='bbox 166 530 250 594; x_wconf 89' lang='lat' dir='ltr'>qui</span> <span class='ocrx_word' id='word_1_58' title='bbox 272 541 448 577; x_wconf 84' lang='lat' dir='ltr'>tantum</span> <span class='ocrx_word' id='word_1_59' title='bbox 473 527 583 573; x_wconf 86' lang='lat' dir='ltr'>solet</span> <span class='ocrx_word' id='word_1_60' title='bbox 605 521 938 586; x_wconf 85' lang='lat' dir='ltr'>magistratibus</span> <span class='ocrx_word' id='word_1_61' title='bbox 963 521 1134 583; x_wconf 89' lang='lat' dir='ltr'>ubique</span> <span class='ocrx_word' id='word_1_62' title='bbox 1151 519 1367 573; x_wconf 85' lang='lat' dir='ltr'>tribuere,</span> <span class='ocrx_word' id='word_1_63' title='bbox 1392 519 1473 566; x_wconf 89' lang='lat' dir='ltr'>sub</span> <span class='ocrx_word' id='word_1_64' title='bbox 1507 518 1593 565; x_wconf 89' lang='lat' dir='ltr'>hac</span> <span class='ocrx_word' id='word_1_65' title='bbox 1625 519 1823 567; x_wconf 88' lang='lat' dir='ltr'>formula</span> <span class='ocrx_word' id='word_1_66' title='bbox 1844 523 1938 569; x_wconf 86' lang='lat' dir='ltr'>Re.</span> 
     </span>
     <span class='ocr_line' id='line_1_8' title="bbox 167 582 1943 658; baseline -0.009 -16"><span class='ocrx_word' id='word_1_67' title='bbox 167 612 248 658; x_wconf 85' lang='lat' dir='ltr'>ges</span> <span class='ocrx_word' id='word_1_68' title='bbox 271 594 408 641; x_wconf 88' lang='lat' dir='ltr'>etiam</span> <span class='ocrx_word' id='word_1_69' title='bbox 433 589 805 653; x_wconf 69' lang='lat' dir='ltr'>complec‘tendos</span> <span class='ocrx_word' id='word_1_70' title='bbox 826 585 996 636; x_wconf 84' lang='lat' dir='ltr'>credet.</span> <span class='ocrx_word' id='word_1_71' title='bbox 1054 587 1110 633; x_wconf 78' lang='lat' dir='ltr'>B.</span> <span class='ocrx_word' id='word_1_72' title='bbox 1137 586 1275 632; x_wconf 84' lang='lat' dir='ltr'>Certe</span> <span class='ocrx_word' id='word_1_73' title='bbox 1296 598 1468 632; x_wconf 79' lang='lat' dir='ltr'>veteres</span> <span class='ocrx_word' id='word_1_74' title='bbox 1491 584 1790 632; x_wconf 83' lang='lat' dir='ltr'>Ecclestastici</span> <span class='ocrx_word' id='word_1_75' title='bbox 1804 582 1943 649; x_wconf 82' lang='lat' dir='ltr'>scrip.</span> 
     </span>
     <span class='ocr_line' id='line_1_9' title="bbox 171 648 1944 707; baseline -0.004 -2"><span class='ocrx_word' id='word_1_76' title='bbox 171 672 291 706; x_wconf 87' lang='lat' dir='ltr'>tores</span> <span class='ocrx_word' id='word_1_77' title='bbox 314 658 377 707; x_wconf 87' lang='lat' dir='ltr'>ita</span> <span class='ocrx_word' id='word_1_78' title='bbox 399 658 456 703; x_wconf 86' lang='lat' dir='ltr'>ad</span> <span class='ocrx_word' id='word_1_79' title='bbox 489 669 629 702; x_wconf 86' lang='lat' dir='ltr'>unum</span> <span class='ocrx_word' id='word_1_80' title='bbox 653 651 784 699; x_wconf 85' lang='lat' dir='ltr'>Pauli</span> <span class='ocrx_word' id='word_1_81' title='bbox 806 650 1072 697; x_wconf 81' lang='lat' dir='ltr'>sententiam</span> <span class='ocrx_word' id='word_1_82' title='bbox 1094 649 1448 705; x_wconf 61' lang='lat' dir='ltr'>intellexerunt.⁴</span> <span class='ocrx_word' id='word_1_83' title='bbox 1501 648 1625 695; x_wconf 86' lang='lat' dir='ltr'>Nam</span> <span class='ocrx_word' id='word_1_84' title='bbox 1648 655 1690 695; x_wconf 76' lang='grc' dir='ltr'>δι</span> <span class='ocrx_word' id='word_1_85' title='bbox 1716 649 1944 698; x_wconf 80' lang='lat' dir='ltr'>Theodo-</span> 
     </span>
     <span class='ocr_line' id='line_1_10' title="bbox 173 712 1944 782; baseline -0.008 -12"><span class='ocrx_word' id='word_1_86' title='bbox 173 725 288 770; x_wconf 74' lang='lat' dir='ltr'>sium</span> <span class='ocrx_word' id='word_1_87' title='bbox 312 723 642 782; x_wconf 83' lang='lat' dir='ltr'>Imperatorem</span> <span class='ocrx_word' id='word_1_88' title='bbox 665 715 929 763; x_wconf 88' lang='lat' dir='ltr'>Ambrofius</span> <span class='ocrx_word' id='word_1_89' title='bbox 948 731 973 761; x_wconf 94' lang='lat' dir='ltr'>e</span> <span class='ocrx_word' id='word_1_90' title='bbox 990 727 1114 763; x_wconf 76' lang='lat' dir='ltr'>coetu</span> <span class='ocrx_word' id='word_1_91' title='bbox 1134 712 1495 769; x_wconf 80' lang='lat' dir='ltr'>Christianorum</span> <span class='ocrx_word' id='word_1_92' title='bbox 1516 714 1723 769; x_wconf 74' lang='lat' dir='ltr'>exclusit,</span> <span class='ocrx_word' id='word_1_93' title='bbox 1746 719 1787 760; x_wconf 77' lang='grc' dir='ltr'>δε</span> <span class='ocrx_word' id='word_1_94' title='bbox 1811 714 1944 768; x_wconf 82' lang='lat' dir='ltr'>The.</span> 
     </span>
     <span class='ocr_line' id='line_1_11' title="bbox 171 777 1944 847; baseline -0.003 -13"><span class='ocrx_word' id='word_1_95' title='bbox 171 787 355 837; x_wconf 79' lang='lat' dir='ltr'>odosius</span> <span class='ocrx_word' id='word_1_96' title='bbox 377 785 604 847; x_wconf 82' lang='lat' dir='ltr'>Episcopo</span> <span class='ocrx_word' id='word_1_97' title='bbox 626 782 793 844; x_wconf 57' lang='lat' dir='ltr'>paruit.</span> <span class='ocrx_word' id='word_1_98' title='bbox 861 779 966 825; x_wconf 88' lang='lat' dir='ltr'>Nec</span> <span class='ocrx_word' id='word_1_99' title='bbox 990 780 1144 834; x_wconf 73' lang='lat' dir='ltr'>ullius,</span> <span class='ocrx_word' id='word_1_100' title='bbox 1189 778 1314 840; x_wconf 86' lang='lat' dir='ltr'>quod</span> <span class='ocrx_word' id='word_1_101' title='bbox 1337 777 1490 834; x_wconf 86' lang='lat' dir='ltr'>sciam,</span> <span class='ocrx_word' id='word_1_102' title='bbox 1535 777 1750 840; x_wconf 80' lang='lat' dir='ltr'>Episcopi</span> <span class='ocrx_word' id='word_1_103' title='bbox 1770 778 1944 828; x_wconf 54' lang='lat' dir='ltr'>factum</span> 
     </span>
     <span class='ocr_line' id='line_1_12' title="bbox 171 841 1946 913; baseline -0.005 -15"><span class='ocrx_word' id='word_1_104' title='bbox 171 850 423 913; x_wconf 82' lang='lat' dir='ltr'>antiquitas</span> <span class='ocrx_word' id='word_1_105' title='bbox 444 847 690 910; x_wconf 84' lang='lat' dir='ltr'>majoribus</span> <span class='ocrx_word' id='word_1_106' title='bbox 705 846 769 892; x_wconf 85' lang='lat' dir='ltr'>est</span> <span class='ocrx_word' id='word_1_107' title='bbox 792 843 1002 891; x_wconf 83' lang='lat' dir='ltr'>laudibus</span> <span class='ocrx_word' id='word_1_108' title='bbox 1025 843 1261 906; x_wconf 87' lang='lat' dir='ltr'>prosecuta</span> <span class='ocrx_word' id='word_1_109' title='bbox 1303 859 1316 888; x_wconf 72' lang='grc' dir='ltr'>ε</span> <span class='ocrx_word' id='word_1_110' title='bbox 1354 858 1436 889; x_wconf 90' lang='lat' dir='ltr'>nec</span> <span class='ocrx_word' id='word_1_111' title='bbox 1481 841 1618 889; x_wconf 85' lang='lat' dir='ltr'>ullius</span> <span class='ocrx_word' id='word_1_112' title='bbox 1651 844 1946 905; x_wconf 84' lang='lat' dir='ltr'>Imperatoris</span> 
     </span>
     <span class='ocr_line' id='line_1_13' title="bbox 173 907 1947 976; baseline -0.003 -14"><span class='ocrx_word' id='word_1_113' title='bbox 173 914 393 964; x_wconf 84' lang='lat' dir='ltr'>modestia</span> <span class='ocrx_word' id='word_1_114' title='bbox 433 911 579 976; x_wconf 87' lang='lat' dir='ltr'>magis</span> <span class='ocrx_word' id='word_1_115' title='bbox 600 911 662 961; x_wconf 79' lang='lat' dir='ltr'>est</span> <span class='ocrx_word' id='word_1_116' title='bbox 683 910 1021 956; x_wconf 73' lang='lat' dir='ltr'>commendata.</span> <span class='ocrx_word' id='word_1_117' title='bbox 1089 907 1164 955; x_wconf 85' lang='lat' dir='ltr'>Ad</span> <span class='ocrx_word' id='word_1_118' title='bbox 1207 923 1301 954; x_wconf 86' lang='lat' dir='ltr'>rem</span> <span class='ocrx_word' id='word_1_119' title='bbox 1325 920 1477 953; x_wconf 88' lang='lat' dir='ltr'>autem</span> <span class='ocrx_word' id='word_1_120' title='bbox 1500 919 1724 971; x_wconf 66' lang='lat' dir='ltr'>quantum</span> <span class='ocrx_word' id='word_1_121' title='bbox 1747 907 1947 965; x_wconf 78' lang='lat' dir='ltr'>interest,</span> 
     </span>
     <span class='ocr_line' id='line_1_14' title="bbox 173 970 1948 1035; baseline -0.005 -8"><span class='ocrx_word' id='word_1_122' title='bbox 173 997 232 1027; x_wconf 84' lang='lat' dir='ltr'>an</span> <span class='ocrx_word' id='word_1_123' title='bbox 251 993 380 1026; x_wconf 87' lang='lat' dir='ltr'>extra</span> <span class='ocrx_word' id='word_1_124' title='bbox 399 978 633 1025; x_wconf 78' lang='lat' dir='ltr'>civitatem</span> <span class='ocrx_word' id='word_1_125' title='bbox 653 974 955 1024; x_wconf 79' lang='lat' dir='ltr'>Christianam</span> <span class='ocrx_word' id='word_1_126' title='bbox 974 972 1176 1034; x_wconf 69' lang='lat' dir='ltr'>pellaris,</span> <span class='ocrx_word' id='word_1_127' title='bbox 1196 988 1251 1017; x_wconf 86' lang='lat' dir='ltr'>an</span> <span class='ocrx_word' id='word_1_128' title='bbox 1274 970 1376 1035; x_wconf 83' lang='lat' dir='ltr'>igni</span> <span class='ocrx_word' id='word_1_129' title='bbox 1402 976 1445 1021; x_wconf 65' lang='lat' dir='ltr'>:Sc</span> <span class='ocrx_word' id='word_1_130' title='bbox 1464 988 1583 1034; x_wconf 75' lang='lat' dir='ltr'>aqua</span> <span class='ocrx_word' id='word_1_131' title='bbox 1605 972 1688 1017; x_wconf 88' lang='lat' dir='ltr'>tibi</span> <span class='ocrx_word' id='word_1_132' title='bbox 1702 972 1948 1019; x_wconf 82' lang='lat' dir='ltr'>interdica-</span> 
     </span>
     <span class='ocr_line' id='line_1_15' title="bbox 175 1035 1950 1105; baseline -0.003 -14"><span class='ocrx_word' id='word_1_133' title='bbox 175 1057 250 1091; x_wconf 86' lang='lat' dir='ltr'>tur</span> <span class='ocrx_word' id='word_1_134' title='bbox 293 1046 310 1090; x_wconf 83' lang='lat'>?</span> <span class='ocrx_word' id='word_1_135' title='bbox 348 1040 688 1105; x_wconf 79' lang='lat' dir='ltr'>Magistratibus</span> <span class='ocrx_word' id='word_1_136' title='bbox 714 1037 834 1084; x_wconf 89' lang='lat' dir='ltr'>enim</span> <span class='ocrx_word' id='word_1_137' title='bbox 863 1038 1076 1084; x_wconf 86' lang='lat' dir='ltr'>omnibus</span> <span class='ocrx_word' id='word_1_138' title='bbox 1099 1035 1305 1082; x_wconf 85' lang='lat' dir='ltr'>adversus</span> <span class='ocrx_word' id='word_1_139' title='bbox 1339 1051 1416 1082; x_wconf 90' lang='lat' dir='ltr'>eos</span> <span class='ocrx_word' id='word_1_140' title='bbox 1438 1039 1520 1097; x_wconf 80' lang='lat' dir='ltr'>qui</span> <span class='ocrx_word' id='word_1_141' title='bbox 1555 1035 1702 1083; x_wconf 81' lang='lat' dir='ltr'>facere</span> <span class='ocrx_word' id='word_1_142' title='bbox 1724 1036 1950 1098; x_wconf 83' lang='lat' dir='ltr'>imperata</span> 
     </span>
     <span class='ocr_line' id='line_1_16' title="bbox 176 1100 1948 1168; baseline -0.004 -12"><span class='ocrx_word' id='word_1_143' title='bbox 176 1107 401 1163; x_wconf 65' lang='lat' dir='ltr'>recusant,</span> <span class='ocrx_word' id='word_1_144' title='bbox 441 1114 531 1152; x_wconf 79' lang='lat' dir='ltr'>noc</span> <span class='ocrx_word' id='word_1_145' title='bbox 560 1102 863 1168; x_wconf 66' lang='lat' dir='ltr'>gravissimum</span> <span class='ocrx_word' id='word_1_146' title='bbox 887 1101 949 1147; x_wconf 87' lang='lat' dir='ltr'>est</span> <span class='ocrx_word' id='word_1_147' title='bbox 972 1100 1206 1147; x_wconf 84' lang='lat' dir='ltr'>decretu-m</span> <span class='ocrx_word' id='word_1_148' title='bbox 1244 1116 1256 1145; x_wconf 70' lang='grc' dir='ltr'><strong>ε</strong></span> <span class='ocrx_word' id='word_1_149' title='bbox 1290 1100 1476 1152; x_wconf 86' lang='lat' dir='ltr'>&amp;illud</span> <span class='ocrx_word' id='word_1_150' title='bbox 1517 1101 1948 1149; x_wconf 83' lang='lat' dir='ltr'>Eccleliasticorum.</span> 
     </span>
     <span class='ocr_line' id='line_1_17' title="bbox 177 1165 1948 1234; baseline -0.007 -11"><span class='ocrx_word' id='word_1_151' title='bbox 177 1171 606 1234; x_wconf 83' lang='lat' dir='ltr'>Utriusqueautem</span> <span class='ocrx_word' id='word_1_152' title='bbox 642 1165 825 1230; x_wconf 83' lang='lat' dir='ltr'>imperii</span> <span class='ocrx_word' id='word_1_153' title='bbox 847 1165 984 1228; x_wconf 84' lang='lat' dir='ltr'>spreti</span> <span class='ocrx_word' id='word_1_154' title='bbox 1009 1181 1148 1228; x_wconf 84' lang='lat' dir='ltr'>poena</span> <span class='ocrx_word' id='word_1_155' title='bbox 1179 1181 1300 1211; x_wconf 86' lang='lat' dir='ltr'>mors</span> <span class='ocrx_word' id='word_1_156' title='bbox 1322 1165 1383 1213; x_wconf 90' lang='lat' dir='ltr'>est</span> <span class='ocrx_word' id='word_1_157' title='bbox 1425 1182 1439 1219; x_wconf 91' lang='lat'>;</span> <span class='ocrx_word' id='word_1_158' title='bbox 1492 1165 1569 1212; x_wconf 81' lang='lat' dir='ltr'>sed</span> <span class='ocrx_word' id='word_1_159' title='bbox 1592 1165 1703 1211; x_wconf 88' lang='lat' dir='ltr'>alter</span> <span class='ocrx_word' id='word_1_160' title='bbox 1725 1165 1948 1228; x_wconf 87' lang='lat' dir='ltr'>corporis,</span> 
     </span>
     <span class='ocr_line' id='line_1_18' title="bbox 178 1228 1953 1291; baseline -0.006 -6"><span class='ocrx_word' id='word_1_161' title='bbox 178 1239 292 1285; x_wconf 83' lang='lat' dir='ltr'>alter</span> <span class='ocrx_word' id='word_1_162' title='bbox 315 1236 456 1282; x_wconf 87' lang='lat' dir='ltr'>totius</span> <span class='ocrx_word' id='word_1_163' title='bbox 479 1231 678 1281; x_wconf 77' lang='lat' dir='ltr'>hominis</span> <span class='ocrx_word' id='word_1_164' title='bbox 700 1230 937 1277; x_wconf 86' lang='lat' dir='ltr'>interitum</span> <span class='ocrx_word' id='word_1_165' title='bbox 960 1228 1222 1276; x_wconf 76' lang='lat' dir='ltr'>denunciat.</span> <span class='ocrx_word' id='word_1_166' title='bbox 1278 1230 1428 1291; x_wconf 74' lang='lat' dir='ltr'>Igitur</span> <span class='ocrx_word' id='word_1_167' title='bbox 1452 1229 1651 1276; x_wconf 72' lang='lat' dir='ltr'>Esclefia</span> <span class='ocrx_word' id='word_1_168' title='bbox 1676 1232 1800 1291; x_wconf 88' lang='lat' dir='ltr'>(quae</span> <span class='ocrx_word' id='word_1_169' title='bbox 1832 1231 1953 1276; x_wconf 87' lang='lat' dir='ltr'>mul-</span> 
     </span>
     <span class='ocr_line' id='line_1_19' title="bbox 183 1291 1954 1357; baseline -0.005 -7"><span class='ocrx_word' id='word_1_170' title='bbox 183 1316 231 1351; x_wconf 77' lang='lat' dir='ltr'>to</span> <span class='ocrx_word' id='word_1_171' title='bbox 253 1301 427 1351; x_wconf 77' lang='lat' dir='ltr'>leviora</span> <span class='ocrx_word' id='word_1_172' title='bbox 447 1296 640 1344; x_wconf 85' lang='lat' dir='ltr'>crimina</span> <span class='ocrx_word' id='word_1_173' title='bbox 661 1307 807 1343; x_wconf 87' lang='lat' dir='ltr'>morte</span> <span class='ocrx_word' id='word_1_174' title='bbox 829 1293 1062 1357; x_wconf 86' lang='lat' dir='ltr'>punienda</span> <span class='ocrx_word' id='word_1_175' title='bbox 1083 1291 1256 1351; x_wconf 82' lang='lat' dir='ltr'>censet)</span> <span class='ocrx_word' id='word_1_176' title='bbox 1273 1309 1411 1356; x_wconf 85' lang='lat' dir='ltr'>quem</span> <span class='ocrx_word' id='word_1_177' title='bbox 1434 1294 1590 1339; x_wconf 87' lang='lat' dir='ltr'>vivum</span> <span class='ocrx_word' id='word_1_178' title='bbox 1614 1312 1638 1340; x_wconf 92' lang='lat' dir='ltr'>e</span> <span class='ocrx_word' id='word_1_179' title='bbox 1661 1293 1954 1342; x_wconf 63' lang='lat' dir='ltr'>coetu‘bono·</span> 
     </span>
     <span class='ocr_line' id='line_1_20' title="bbox 180 1359 1955 1426; baseline -0.005 -12"><span class='ocrx_word' id='word_1_180' title='bbox 180 1383 282 1414; x_wconf 81' lang='lat' dir='ltr'>rum</span> <span class='ocrx_word' id='word_1_181' title='bbox 306 1363 515 1426; x_wconf 88' lang='lat' dir='ltr'>expellit,</span> <span class='ocrx_word' id='word_1_182' title='bbox 543 1372 774 1412; x_wconf 77' lang='lat' dir='ltr'>mortuum</span> <span class='ocrx_word' id='word_1_183' title='bbox 798 1360 846 1405; x_wconf 86' lang='lat' dir='ltr'>in</span> <span class='ocrx_word' id='word_1_184' title='bbox 865 1372 1038 1405; x_wconf 84' lang='lat' dir='ltr'>coetum</span> <span class='ocrx_word' id='word_1_185' title='bbox 1061 1359 1437 1415; x_wconf 79' lang='lat' dir='ltr'>cacodaemonum</span> <span class='ocrx_word' id='word_1_186' title='bbox 1479 1364 1671 1421; x_wconf 83' lang='lat' dir='ltr'>relegat,</span> <span class='ocrx_word' id='word_1_187' title='bbox 1714 1374 1809 1406; x_wconf 87' lang='lat' dir='ltr'>non</span> <span class='ocrx_word' id='word_1_188' title='bbox 1845 1373 1955 1406; x_wconf 80' lang='lat' dir='ltr'>eum</span> 
     </span>
     <span class='ocr_line' id='line_1_21' title="bbox 182 1422 878 1491; baseline -0.013 -13"><span class='ocrx_word' id='word_1_189' title='bbox 182 1444 329 1480; x_wconf 87' lang='lat' dir='ltr'>morte</span> <span class='ocrx_word' id='word_1_190' title='bbox 344 1428 537 1491; x_wconf 85' lang='lat' dir='ltr'>dignum</span> <span class='ocrx_word' id='word_1_191' title='bbox 563 1422 838 1471; x_wconf 77' lang='lat' dir='ltr'>existimabit</span> <span class='ocrx_word' id='word_1_192' title='bbox 861 1425 878 1469; x_wconf 78' lang='grc' dir='ltr'><strong><em>ἓ</em></strong></span> 
     </span>
    </p>

    <p class='ocr_par' dir='ltr' id='par_1_3' title="bbox 158 1484 1988 3474">
     <span class='ocr_line' id='line_1_22' title="bbox 255 1484 1959 1552; baseline -0.002 -12"><span class='ocrx_word' id='word_1_193' title='bbox 255 1494 385 1545; x_wconf 85' lang='lat' dir='ltr'><strong>XCI.</strong></span> <span class='ocrx_word' id='word_1_194' title='bbox 419 1493 506 1543; x_wconf 77' lang='lat' dir='ltr'>Pro</span> <span class='ocrx_word' id='word_1_195' title='bbox 530 1488 743 1552; x_wconf 72' lang='lat' dir='ltr'>aequitate</span> <span class='ocrx_word' id='word_1_196' title='bbox 784 1484 925 1539; x_wconf 63' lang='lat' dir='ltr'>causae</span> <span class='ocrx_word' id='word_1_197' title='bbox 959 1485 1060 1533; x_wconf 73' lang='lat' dir='ltr'>satis</span> <span class='ocrx_word' id='word_1_198' title='bbox 1084 1486 1228 1534; x_wconf 84' lang='lat' dir='ltr'>multa</span> <span class='ocrx_word' id='word_1_199' title='bbox 1262 1485 1378 1533; x_wconf 81' lang='lat' dir='ltr'>mihi</span> <span class='ocrx_word' id='word_1_200' title='bbox 1399 1485 1556 1534; x_wconf 76' lang='lat' dir='ltr'>dixisse</span> <span class='ocrx_word' id='word_1_201' title='bbox 1576 1485 1770 1537; x_wconf 87' lang='lat' dir='ltr'>videor:</span> <span class='ocrx_word' id='word_1_202' title='bbox 1802 1502 1903 1549; x_wconf 86' lang='lat' dir='ltr'>quae</span> <span class='ocrx_word' id='word_1_203' title='bbox 1925 1487 1959 1536; x_wconf 79' lang='lat' dir='ltr'>fi</span> 
     </span>
     <span class='ocr_line' id='line_1_23' title="bbox 184 1546 1960 1618; baseline -0.005 -11"><span class='ocrx_word' id='word_1_204' title='bbox 184 1573 442 1608; x_wconf 84' lang='lat' dir='ltr'>exterorum</span> <span class='ocrx_word' id='word_1_205' title='bbox 465 1553 738 1618; x_wconf 84' lang='lat' dir='ltr'>quibusdam</span> <span class='ocrx_word' id='word_1_206' title='bbox 761 1553 910 1599; x_wconf 86' lang='lat' dir='ltr'>minus</span> <span class='ocrx_word' id='word_1_207' title='bbox 935 1554 1164 1613; x_wconf 79' lang='lat' dir='ltr'>placeant,</span> <span class='ocrx_word' id='word_1_208' title='bbox 1188 1551 1487 1606; x_wconf 80' lang='lat' dir='ltr'>confiderent,</span> <span class='ocrx_word' id='word_1_209' title='bbox 1531 1568 1665 1615; x_wconf 86' lang='lat' dir='ltr'>rogo,</span> <span class='ocrx_word' id='word_1_210' title='bbox 1703 1546 1843 1614; x_wconf 70' lang='lat' dir='ltr'>quam</span> <span class='ocrx_word' id='word_1_211' title='bbox 1869 1552 1960 1598; x_wconf 65' lang='lat' dir='ltr'>ini·</span> 
     </span>
     <span class='ocr_line' id='line_1_24' title="bbox 186 1616 1959 1686; baseline -0.005 -16"><span class='ocrx_word' id='word_1_212' title='bbox 186 1640 277 1686; x_wconf 78' lang='lat' dir='ltr'>que</span> <span class='ocrx_word' id='word_1_213' title='bbox 303 1620 538 1669; x_wconf 89' lang='lat' dir='ltr'>nobiscum</span> <span class='ocrx_word' id='word_1_214' title='bbox 559 1630 715 1682; x_wconf 86' lang='lat' dir='ltr'>agant.</span> <span class='ocrx_word' id='word_1_215' title='bbox 783 1616 906 1663; x_wconf 72' lang='lat' dir='ltr'>Num</span> <span class='ocrx_word' id='word_1_216' title='bbox 931 1632 1034 1662; x_wconf 90' lang='lat' dir='ltr'>cum</span> <span class='ocrx_word' id='word_1_217' title='bbox 1062 1619 1301 1678; x_wconf 75' lang='lat' dir='ltr'>permultae</span> <span class='ocrx_word' id='word_1_218' title='bbox 1326 1632 1406 1677; x_wconf 82' lang='lat' dir='ltr'>per</span> <span class='ocrx_word' id='word_1_219' title='bbox 1428 1618 1658 1679; x_wconf 70' lang='lat' dir='ltr'>Europam</span> <span class='ocrx_word' id='word_1_220' title='bbox 1704 1620 1788 1662; x_wconf 77' lang='lat' dir='ltr'>lint</span> <span class='ocrx_word' id='word_1_221' title='bbox 1811 1618 1959 1662; x_wconf 81' lang='lat' dir='ltr'>natio-</span> 
     </span>
     <span class='ocr_line' id='line_1_25' title="bbox 187 1680 1960 1747; baseline -0.003 -14"><span class='ocrx_word' id='word_1_222' title='bbox 187 1705 267 1742; x_wconf 75' lang='lat' dir='ltr'>nes</span> <span class='ocrx_word' id='word_1_223' title='bbox 292 1691 331 1734; x_wconf 78' lang='grc' dir='ltr'>δι</span> <span class='ocrx_word' id='word_1_224' title='bbox 353 1700 531 1747; x_wconf 76' lang='lat' dir='ltr'>magnae</span> <span class='ocrx_word' id='word_1_225' title='bbox 554 1689 597 1731; x_wconf 71' lang='grc' dir='ltr'>ὅ(</span> <span class='ocrx_word' id='word_1_226' title='bbox 625 1682 877 1746; x_wconf 66' lang='lat' dir='ltr'>opulentae,</span> <span class='ocrx_word' id='word_1_227' title='bbox 900 1681 1078 1743; x_wconf 72' lang='lat' dir='ltr'>suaeque</span> <span class='ocrx_word' id='word_1_228' title='bbox 1101 1683 1267 1744; x_wconf 81' lang='lat' dir='ltr'>cuique</span> <span class='ocrx_word' id='word_1_229' title='bbox 1297 1685 1438 1742; x_wconf 75' lang='lat' dir='ltr'>legeS,</span> <span class='ocrx_word' id='word_1_230' title='bbox 1463 1692 1686 1744; x_wconf 74' lang='lat' dir='ltr'>arrogant</span> <span class='ocrx_word' id='word_1_231' title='bbox 1705 1696 1726 1726; x_wconf 92' lang='lat' dir='ltr'>r</span> <span class='ocrx_word' id='word_1_232' title='bbox 1763 1680 1960 1736; x_wconf 71' lang='lat' dir='ltr'>faciunt,</span> 
     </span>
     <span class='ocr_line' id='line_1_26' title="bbox 188 1743 1963 1814; baseline -0.003 -17"><span class='ocrx_word' id='word_1_233' title='bbox 188 1751 272 1814; x_wconf 75' lang='lat' dir='ltr'>qui</span> <span class='ocrx_word' id='word_1_234' title='bbox 295 1750 541 1796; x_wconf 82' lang='lat' dir='ltr'>formulam</span> <span class='ocrx_word' id='word_1_235' title='bbox 556 1746 780 1810; x_wconf 84' lang='lat' dir='ltr'>regnandi</span> <span class='ocrx_word' id='word_1_236' title='bbox 800 1761 939 1808; x_wconf 89' lang='lat' dir='ltr'>quam</span> <span class='ocrx_word' id='word_1_237' title='bbox 957 1745 1041 1806; x_wconf 78' lang='lat' dir='ltr'>ipfi</span> <span class='ocrx_word' id='word_1_238' title='bbox 1066 1743 1253 1799; x_wconf 88' lang='lat' dir='ltr'>habent,</span> <span class='ocrx_word' id='word_1_239' title='bbox 1275 1745 1488 1792; x_wconf 84' lang='lat' dir='ltr'>omnibus</span> <span class='ocrx_word' id='word_1_240' title='bbox 1508 1746 1818 1806; x_wconf 47' lang='lat' dir='ltr'>praescribunt.</span> <span class='ocrx_word' id='word_1_241' title='bbox 1842 1746 1963 1792; x_wconf 87' lang='lat' dir='ltr'>Hel-</span> 
     </span>
     <span class='ocr_line' id='line_1_27' title="bbox 190 1809 1964 1876; baseline -0.003 -13"><span class='ocrx_word' id='word_1_242' title='bbox 190 1816 301 1863; x_wconf 83' lang='lat' dir='ltr'>vetii</span> <span class='ocrx_word' id='word_1_243' title='bbox 321 1811 654 1876; x_wconf 74' lang='lat' dir='ltr'>rempublicam</span> <span class='ocrx_word' id='word_1_244' title='bbox 680 1811 849 1856; x_wconf 87' lang='lat' dir='ltr'>habent</span> <span class='ocrx_word' id='word_1_245' title='bbox 874 1828 884 1856; x_wconf 91' lang='lat'>:</span> <span class='ocrx_word' id='word_1_246' title='bbox 923 1809 1176 1855; x_wconf 83' lang='lat' dir='ltr'>Germania</span> <span class='ocrx_word' id='word_1_247' title='bbox 1198 1809 1383 1855; x_wconf 83' lang='lat' dir='ltr'>nornine</span> <span class='ocrx_word' id='word_1_248' title='bbox 1405 1809 1606 1872; x_wconf 87' lang='lat' dir='ltr'>imperii,</span> <span class='ocrx_word' id='word_1_249' title='bbox 1646 1825 1789 1871; x_wconf 74' lang='lat' dir='ltr'>regno</span> <span class='ocrx_word' id='word_1_250' title='bbox 1806 1809 1964 1873; x_wconf 85' lang='lat' dir='ltr'>legiti-</span> 
     </span>
     <span class='ocr_line' id='line_1_28' title="bbox 190 1873 1964 1936; baseline -0.004 -9"><span class='ocrx_word' id='word_1_251' title='bbox 190 1898 267 1936; x_wconf 72' lang='lat' dir='ltr'>mo</span> <span class='ocrx_word' id='word_1_252' title='bbox 293 1878 433 1926; x_wconf 88' lang='lat' dir='ltr'>utitur</span> <span class='ocrx_word' id='word_1_253' title='bbox 457 1895 468 1923; x_wconf 89' lang='lat'><strong>:</strong></span> <span class='ocrx_word' id='word_1_254' title='bbox 504 1877 711 1923; x_wconf 84' lang='lat' dir='ltr'>civitates</span> <span class='ocrx_word' id='word_1_255' title='bbox 738 1877 811 1936; x_wconf 88' lang='lat' dir='ltr'>(ut</span> <span class='ocrx_word' id='word_1_256' title='bbox 834 1873 994 1932; x_wconf 87' lang='lat' dir='ltr'>audio)</span> <span class='ocrx_word' id='word_1_257' title='bbox 1021 1874 1256 1920; x_wconf 79' lang='lat' dir='ltr'>nonnullae</span> <span class='ocrx_word' id='word_1_258' title='bbox 1280 1890 1359 1934; x_wconf 85' lang='lat' dir='ltr'>per</span> <span class='ocrx_word' id='word_1_259' title='bbox 1382 1873 1682 1924; x_wconf 79' lang='lat' dir='ltr'>Germaniam</span> <span class='ocrx_word' id='word_1_260' title='bbox 1705 1873 1964 1935; x_wconf 75' lang='lat' dir='ltr'>Optimati-</span> 
     </span>
     <span class='ocr_line' id='line_1_29' title="bbox 191 1938 1961 2006; baseline -0.003 -15"><span class='ocrx_word' id='word_1_261' title='bbox 191 1946 277 1992; x_wconf 88' lang='lat' dir='ltr'>bus</span> <span class='ocrx_word' id='word_1_262' title='bbox 299 1956 459 2006; x_wconf 86' lang='lat' dir='ltr'>parent</span> <span class='ocrx_word' id='word_1_263' title='bbox 485 1959 495 1988; x_wconf 91' lang='lat'><strong>:</strong></span> <span class='ocrx_word' id='word_1_264' title='bbox 531 1941 700 1988; x_wconf 88' lang='lat' dir='ltr'>Veneti</span> <span class='ocrx_word' id='word_1_265' title='bbox 722 1938 1011 1985; x_wconf 85' lang='lat' dir='ltr'>dominatum</span> <span class='ocrx_word' id='word_1_266' title='bbox 1035 1954 1091 1985; x_wconf 79' lang='lat' dir='ltr'>ex</span> <span class='ocrx_word' id='word_1_267' title='bbox 1115 1938 1184 1983; x_wconf 82' lang='lat' dir='ltr'>his</span> <span class='ocrx_word' id='word_1_268' title='bbox 1204 1938 1416 1984; x_wconf 85' lang='lat' dir='ltr'>omnibus</span> <span class='ocrx_word' id='word_1_269' title='bbox 1436 1938 1606 1984; x_wconf 81' lang='lat' dir='ltr'>habent</span> <span class='ocrx_word' id='word_1_270' title='bbox 1625 1951 1926 2000; x_wconf 78' lang='lat' dir='ltr'>temperatum</span> <span class='ocrx_word' id='word_1_271' title='bbox 1948 1956 1961 1985; x_wconf 74' lang='grc' dir='ltr'>ε</span> 
     </span>
     <span class='ocr_line' id='line_1_30' title="bbox 193 2001 1967 2069; baseline -0.003 -14"><span class='ocrx_word' id='word_1_272' title='bbox 193 2005 429 2060; x_wconf 74' lang='lat' dir='ltr'>Moscovia</span> <span class='ocrx_word' id='word_1_273' title='bbox 450 2005 692 2069; x_wconf 76' lang='lat' dir='ltr'>tyrannide</span> <span class='ocrx_word' id='word_1_274' title='bbox 715 2003 903 2065; x_wconf 85' lang='lat' dir='ltr'>gaudet.</span> <span class='ocrx_word' id='word_1_275' title='bbox 970 2002 1072 2048; x_wconf 88' lang='lat' dir='ltr'>Nos</span> <span class='ocrx_word' id='word_1_276' title='bbox 1095 2019 1287 2064; x_wconf 75' lang='lat' dir='ltr'>regnum</span> <span class='ocrx_word' id='word_1_277' title='bbox 1310 2001 1528 2066; x_wconf 76' lang='lat' dir='ltr'>exiguum</span> <span class='ocrx_word' id='word_1_278' title='bbox 1553 2002 1758 2064; x_wconf 46' lang='lat' dir='ltr'>quidem,</span> <span class='ocrx_word' id='word_1_279' title='bbox 1780 2001 1852 2050; x_wconf 87' lang='lat' dir='ltr'>sed</span> <span class='ocrx_word' id='word_1_280' title='bbox 1868 2003 1967 2064; x_wconf 59' lang='lat' dir='ltr'>jam</span> 
     </span>
     <span class='ocr_line' id='line_1_31' title="bbox 195 2066 1966 2130; baseline -0.002 -11"><span class='ocrx_word' id='word_1_281' title='bbox 195 2074 265 2119; x_wconf 86' lang='lat' dir='ltr'>bis</span> <span class='ocrx_word' id='word_1_282' title='bbox 292 2073 416 2119; x_wconf 89' lang='lat' dir='ltr'>mille</span> <span class='ocrx_word' id='word_1_283' title='bbox 455 2085 595 2116; x_wconf 87' lang='lat' dir='ltr'>annos</span> <span class='ocrx_word' id='word_1_284' title='bbox 634 2069 693 2114; x_wconf 82' lang='lat' dir='ltr'>ab</span> <span class='ocrx_word' id='word_1_285' title='bbox 733 2080 989 2114; x_wconf 80' lang='lat' dir='ltr'>exterarum</span> <span class='ocrx_word' id='word_1_286' title='bbox 1030 2068 1241 2130; x_wconf 78' lang='lat' dir='ltr'>gentium</span> <span class='ocrx_word' id='word_1_287' title='bbox 1282 2066 1478 2128; x_wconf 79' lang='lat' dir='ltr'>imperio</span> <span class='ocrx_word' id='word_1_288' title='bbox 1512 2067 1708 2113; x_wconf 75' lang='lat' dir='ltr'>liberum</span> <span class='ocrx_word' id='word_1_289' title='bbox 1743 2079 1966 2116; x_wconf 72' lang='lat' dir='ltr'>tenemus-</span> 
     </span>
     <span class='ocr_line' id='line_1_32' title="bbox 197 2130 1969 2199; baseline -0.003 -16"><span class='ocrx_word' id='word_1_290' title='bbox 197 2140 349 2199; x_wconf 86' lang='lat' dir='ltr'>Reges</span> <span class='ocrx_word' id='word_1_291' title='bbox 368 2133 600 2199; x_wconf 81' lang='lat' dir='ltr'>legitimos</span> <span class='ocrx_word' id='word_1_292' title='bbox 625 2133 682 2178; x_wconf 88' lang='lat' dir='ltr'>ab</span> <span class='ocrx_word' id='word_1_293' title='bbox 703 2130 838 2178; x_wconf 89' lang='lat' dir='ltr'>initio</span> <span class='ocrx_word' id='word_1_294' title='bbox 860 2130 1112 2178; x_wconf 88' lang='lat' dir='ltr'>creavimus</span> <span class='ocrx_word' id='word_1_295' title='bbox 1132 2150 1145 2186; x_wconf 89' lang='lat'>;</span> <span class='ocrx_word' id='word_1_296' title='bbox 1178 2133 1300 2193; x_wconf 86' lang='lat' dir='ltr'>leges</span> <span class='ocrx_word' id='word_1_297' title='bbox 1325 2137 1364 2177; x_wconf 73' lang='grc' dir='ltr'>δι</span> <span class='ocrx_word' id='word_1_298' title='bbox 1386 2130 1517 2178; x_wconf 70' lang='lat' dir='ltr'>nobis</span> <span class='ocrx_word' id='word_1_299' title='bbox 1534 2137 1572 2177; x_wconf 67' lang='grc' dir='ltr'><em>ἃ</em></span> <span class='ocrx_word' id='word_1_300' title='bbox 1593 2130 1686 2177; x_wconf 88' lang='lat' dir='ltr'>illis</span> <span class='ocrx_word' id='word_1_301' title='bbox 1704 2147 1855 2194; x_wconf 83' lang='lat' dir='ltr'>aequas</span> <span class='ocrx_word' id='word_1_302' title='bbox 1878 2130 1969 2179; x_wconf 87' lang='lat' dir='ltr'>im·</span> 
     </span>
     <span class='ocr_line' id='line_1_33' title="bbox 199 2195 1971 2266; baseline -0.004 -18"><span class='ocrx_word' id='word_1_303' title='bbox 199 2201 431 2266; x_wconf 80' lang='lat' dir='ltr'>posuimus</span> <span class='ocrx_word' id='word_1_304' title='bbox 457 2217 472 2251; x_wconf 61' lang='lat' dir='ltr'>z,</span> <span class='ocrx_word' id='word_1_305' title='bbox 502 2198 636 2249; x_wconf 80' lang='lat' dir='ltr'>utiles</span> <span class='ocrx_word' id='word_1_306' title='bbox 657 2195 784 2245; x_wconf 70' lang='lat' dir='ltr'>fuisse</span> <span class='ocrx_word' id='word_1_307' title='bbox 803 2196 1023 2258; x_wconf 85' lang='lat' dir='ltr'>temporis</span> <span class='ocrx_word' id='word_1_308' title='bbox 1044 2195 1319 2242; x_wconf 75' lang='lat' dir='ltr'>diuturnitas</span> <span class='ocrx_word' id='word_1_309' title='bbox 1341 2195 1662 2242; x_wconf 85' lang='lat' dir='ltr'>commonstrat</span> <span class='ocrx_word' id='word_1_310' title='bbox 1701 2214 1713 2243; x_wconf 69' lang='grc' dir='ltr'><strong><em>ε</em></strong></span> <span class='ocrx_word' id='word_1_311' title='bbox 1745 2211 1900 2243; x_wconf 87' lang='lat' dir='ltr'>earum</span> <span class='ocrx_word' id='word_1_312' title='bbox 1922 2212 1971 2241; x_wconf 86' lang='lat' dir='ltr'>e-</span> 
     </span>
     <span class='ocr_line' id='line_1_34' title="bbox 198 2259 1972 2324; baseline -0.003 -11"><span class='ocrx_word' id='word_1_313' title='bbox 198 2267 297 2314; x_wconf 86' lang='lat' dir='ltr'>nim</span> <span class='ocrx_word' id='word_1_314' title='bbox 319 2262 632 2317; x_wconf 83' lang='lat' dir='ltr'>observatione</span> <span class='ocrx_word' id='word_1_315' title='bbox 657 2260 803 2324; x_wconf 84' lang='lat' dir='ltr'>magis</span> <span class='ocrx_word' id='word_1_316' title='bbox 824 2276 962 2322; x_wconf 87' lang='lat' dir='ltr'>quam</span> <span class='ocrx_word' id='word_1_317' title='bbox 986 2260 1121 2306; x_wconf 86' lang='lat' dir='ltr'>armis</span> <span class='ocrx_word' id='word_1_318' title='bbox 1145 2259 1294 2307; x_wconf 89' lang='lat' dir='ltr'>adhuc</span> <span class='ocrx_word' id='word_1_319' title='bbox 1315 2262 1400 2305; x_wconf 89' lang='lat' dir='ltr'>hoc</span> <span class='ocrx_word' id='word_1_320' title='bbox 1424 2275 1620 2322; x_wconf 81' lang='lat' dir='ltr'>regnum</span> <span class='ocrx_word' id='word_1_321' title='bbox 1642 2261 1774 2306; x_wconf 82' lang='lat' dir='ltr'>stetit.</span> <span class='ocrx_word' id='word_1_322' title='bbox 1849 2260 1972 2324; x_wconf 81' lang='lat' dir='ltr'>Qae</span> 
     </span>
     <span class='ocr_line' id='line_1_35' title="bbox 198 2324 1973 2386; baseline -0.003 -10"><span class='ocrx_word' id='word_1_323' title='bbox 198 2331 383 2384; x_wconf 84' lang='lat' dir='ltr'>tandem</span> <span class='ocrx_word' id='word_1_324' title='bbox 405 2328 471 2374; x_wconf 87' lang='lat' dir='ltr'>ini</span> <span class='ocrx_word' id='word_1_325' title='bbox 512 2325 625 2372; x_wconf 64' lang='lat' dir='ltr'>uiuus</span> <span class='ocrx_word' id='word_1_326' title='bbox 646 2327 708 2372; x_wconf 91' lang='lat' dir='ltr'>est</span> <span class='ocrx_word' id='word_1_327' title='bbox 729 2326 846 2377; x_wconf 82' lang='lat' dir='ltr'>haec,</span> <span class='ocrx_word' id='word_1_328' title='bbox 885 2324 1003 2370; x_wconf 89' lang='lat' dir='ltr'>velle</span> <span class='ocrx_word' id='word_1_329' title='bbox 1029 2337 1076 2370; x_wconf 87' lang='lat' dir='ltr'>ut</span> <span class='ocrx_word' id='word_1_330' title='bbox 1099 2325 1241 2386; x_wconf 83' lang='lat' dir='ltr'>leges,</span> <span class='ocrx_word' id='word_1_331' title='bbox 1267 2341 1460 2386; x_wconf 83' lang='lat' dir='ltr'>quarum</span> <span class='ocrx_word' id='word_1_332' title='bbox 1487 2324 1730 2371; x_wconf 84' lang='lat' dir='ltr'>utilitatem</span> <span class='ocrx_word' id='word_1_333' title='bbox 1757 2336 1824 2370; x_wconf 88' lang='lat' dir='ltr'>tot</span> <span class='ocrx_word' id='word_1_334' title='bbox 1845 2325 1973 2371; x_wconf 89' lang='lat' dir='ltr'>secu-</span> 
     </span>
     <span class='ocr_line' id='line_1_36' title="bbox 200 2344 1975 2456; baseline -0.003 -15"><span class='ocrx_word' id='word_1_335' title='bbox 200 2396 256 2448; x_wconf 76' lang='lat' dir='ltr'>lis</span> <span class='ocrx_word' id='word_1_336' title='bbox 281 2392 458 2456; x_wconf 82' lang='lat' dir='ltr'>experti</span> <span class='ocrx_word' id='word_1_337' title='bbox 476 2344 649 2445; x_wconf 46' lang='lat' dir='ltr'>Rimas,</span> <span class='ocrx_word' id='word_1_338' title='bbox 674 2401 752 2435; x_wconf 88' lang='lat' dir='ltr'>aut</span> <span class='ocrx_word' id='word_1_339' title='bbox 773 2389 1066 2451; x_wconf 84' lang='lat' dir='ltr'>abrogemus,</span> <span class='ocrx_word' id='word_1_340' title='bbox 1105 2400 1183 2434; x_wconf 85' lang='lat' dir='ltr'>aut</span> <span class='ocrx_word' id='word_1_341' title='bbox 1203 2387 1489 2455; x_wconf 80' lang='lat' dir='ltr'>negligamus</span> <span class='ocrx_word' id='word_1_342' title='bbox 1534 2392 1553 2434; x_wconf 79' lang='grc' dir='ltr'>Ξ·</span> <span class='ocrx_word' id='word_1_343' title='bbox 1590 2401 1666 2434; x_wconf 86' lang='lat' dir='ltr'>aut</span> <span class='ocrx_word' id='word_1_344' title='bbox 1687 2405 1789 2452; x_wconf 84' lang='lat' dir='ltr'>quae</span> <span class='ocrx_word' id='word_1_345' title='bbox 1810 2390 1871 2436; x_wconf 91' lang='lat' dir='ltr'>est</span> <span class='ocrx_word' id='word_1_346' title='bbox 1893 2389 1975 2436; x_wconf 85' lang='lat' dir='ltr'>ista</span> 
     </span>
     <span class='ocr_line' id='line_1_37' title="bbox 204 2451 1974 2521; baseline -0.003 -15"><span class='ocrx_word' id='word_1_347' title='bbox 204 2456 515 2521; x_wconf 80' lang='lat' dir='ltr'>impudentia,</span> <span class='ocrx_word' id='word_1_348' title='bbox 541 2466 590 2501; x_wconf 86' lang='lat' dir='ltr'>ut</span> <span class='ocrx_word' id='word_1_349' title='bbox 607 2453 691 2517; x_wconf 88' lang='lat' dir='ltr'>qui</span> <span class='ocrx_word' id='word_1_350' title='bbox 711 2453 838 2499; x_wconf 88' lang='lat' dir='ltr'>suurn</span> <span class='ocrx_word' id='word_1_351' title='bbox 861 2451 1108 2515; x_wconf 82' lang='lat' dir='ltr'>imperium</span> <span class='ocrx_word' id='word_1_352' title='bbox 1128 2453 1243 2499; x_wconf 86' lang='lat' dir='ltr'>tueri</span> <span class='ocrx_word' id='word_1_353' title='bbox 1264 2451 1340 2498; x_wconf 83' lang='lat' dir='ltr'>vix</span> <span class='ocrx_word' id='word_1_354' title='bbox 1361 2453 1556 2514; x_wconf 72' lang='lat' dir='ltr'>possunt,</span> <span class='ocrx_word' id='word_1_355' title='bbox 1580 2452 1715 2499; x_wconf 89' lang='lat' dir='ltr'>alieni</span> <span class='ocrx_word' id='word_1_356' title='bbox 1741 2453 1872 2517; x_wconf 84' lang='lat' dir='ltr'>regni</span> <span class='ocrx_word' id='word_1_357' title='bbox 1892 2455 1974 2500; x_wconf 86' lang='lat' dir='ltr'>sta-</span> 
     </span>
     <span class='ocr_line' id='line_1_38' title="bbox 204 2517 1978 2580; baseline -0.003 -10"><span class='ocrx_word' id='word_1_358' title='bbox 204 2537 302 2570; x_wconf 82' lang='lat' dir='ltr'>tum</span> <span class='ocrx_word' id='word_1_359' title='bbox 328 2521 603 2572; x_wconf 80' lang='lat' dir='ltr'>&amp;ordinem</span> <span class='ocrx_word' id='word_1_360' title='bbox 638 2517 909 2566; x_wconf 68' lang='lat' dir='ltr'>labefaElare</span> <span class='ocrx_word' id='word_1_361' title='bbox 932 2529 1154 2564; x_wconf 84' lang='lat' dir='ltr'>conentur</span> <span class='ocrx_word' id='word_1_362' title='bbox 1186 2520 1204 2563; x_wconf 77' lang='grc' dir='ltr'><strong><em>ἓ</em></strong></span> <span class='ocrx_word' id='word_1_363' title='bbox 1255 2517 1400 2580; x_wconf 80' lang='lat' dir='ltr'>Qid,</span> <span class='ocrx_word' id='word_1_364' title='bbox 1442 2518 1569 2578; x_wconf 85' lang='lat' dir='ltr'>quod</span> <span class='ocrx_word' id='word_1_365' title='bbox 1588 2519 1736 2563; x_wconf 79' lang='lat' dir='ltr'>nostra</span> <span class='ocrx_word' id='word_1_366' title='bbox 1773 2517 1978 2565; x_wconf 74' lang='lat' dir='ltr'>instituta</span> 
     </span>
     <span class='ocr_line' id='line_1_39' title="bbox 205 2580 1976 2644; baseline -0.004 -9"><span class='ocrx_word' id='word_1_367' title='bbox 205 2604 298 2636; x_wconf 88' lang='lat' dir='ltr'>non</span> <span class='ocrx_word' id='word_1_368' title='bbox 319 2586 461 2633; x_wconf 88' lang='lat' dir='ltr'>modo</span> <span class='ocrx_word' id='word_1_369' title='bbox 480 2582 632 2639; x_wconf 65' lang='lat' dir='ltr'>nobiS,</span> <span class='ocrx_word' id='word_1_370' title='bbox 655 2582 729 2631; x_wconf 84' lang='lat' dir='ltr'>sed</span> <span class='ocrx_word' id='word_1_371' title='bbox 749 2580 909 2628; x_wconf 84' lang='lat' dir='ltr'>vicinis</span> <span class='ocrx_word' id='word_1_372' title='bbox 931 2582 1070 2627; x_wconf 88' lang='lat' dir='ltr'>etiam</span> <span class='ocrx_word' id='word_1_373' title='bbox 1093 2581 1195 2630; x_wconf 75' lang='lat' dir='ltr'>sunt</span> <span class='ocrx_word' id='word_1_374' title='bbox 1217 2582 1348 2630; x_wconf 85' lang='lat' dir='ltr'>utilia</span> <span class='ocrx_word' id='word_1_375' title='bbox 1383 2583 1400 2628; x_wconf 75' lang='grc' dir='ltr'><strong><em>ἒ</em></strong></span> <span class='ocrx_word' id='word_1_376' title='bbox 1436 2580 1564 2639; x_wconf 89' lang='lat' dir='ltr'>Quid</span> <span class='ocrx_word' id='word_1_377' title='bbox 1585 2583 1710 2628; x_wconf 76' lang='lat' dir='ltr'>enim</span> <span class='ocrx_word' id='word_1_378' title='bbox 1733 2583 1790 2629; x_wconf 70' lang='lat' dir='ltr'>ad</span> <span class='ocrx_word' id='word_1_379' title='bbox 1813 2596 1976 2644; x_wconf 80' lang='lat' dir='ltr'>pacem</span> 
     </span>
     <span class='ocr_line' id='line_1_40' title="bbox 206 2645 1976 2710; baseline -0.002 -12"><span class='ocrx_word' id='word_1_380' title='bbox 206 2668 314 2698; x_wconf 87' lang='lat' dir='ltr'>cum</span> <span class='ocrx_word' id='word_1_381' title='bbox 339 2648 544 2698; x_wconf 87' lang='lat' dir='ltr'>finitimis</span> <span class='ocrx_word' id='word_1_382' title='bbox 566 2646 848 2696; x_wconf 81' lang='lat' dir='ltr'>retinendam</span> <span class='ocrx_word' id='word_1_383' title='bbox 875 2645 1029 2697; x_wconf 85' lang='lat' dir='ltr'>utilius</span> <span class='ocrx_word' id='word_1_384' title='bbox 1049 2647 1133 2692; x_wconf 83' lang='lat' dir='ltr'>effe</span> <span class='ocrx_word' id='word_1_385' title='bbox 1147 2647 1308 2709; x_wconf 86' lang='lat' dir='ltr'>potest,</span> <span class='ocrx_word' id='word_1_386' title='bbox 1323 2662 1464 2710; x_wconf 82' lang='lat' dir='ltr'>quam</span> <span class='ocrx_word' id='word_1_387' title='bbox 1487 2648 1669 2709; x_wconf 86' lang='lat' dir='ltr'>Regum</span> <span class='ocrx_word' id='word_1_388' title='bbox 1691 2646 1976 2694; x_wconf 87' lang='lat' dir='ltr'>moderatio?</span> 
     </span>
     <span class='ocr_line' id='line_1_41' title="bbox 208 2709 1981 2774; baseline -0.004 -9"><span class='ocrx_word' id='word_1_389' title='bbox 208 2718 280 2769; x_wconf 78' lang='lat' dir='ltr'>Ex</span> <span class='ocrx_word' id='word_1_390' title='bbox 313 2731 472 2765; x_wconf 86' lang='lat' dir='ltr'>eorum</span> <span class='ocrx_word' id='word_1_391' title='bbox 512 2712 637 2760; x_wconf 87' lang='lat' dir='ltr'>enim</span> <span class='ocrx_word' id='word_1_392' title='bbox 660 2711 961 2758; x_wconf 88' lang='lat' dir='ltr'>immoderata</span> <span class='ocrx_word' id='word_1_393' title='bbox 982 2710 1176 2757; x_wconf 86' lang='lat' dir='ltr'>libidine</span> <span class='ocrx_word' id='word_1_394' title='bbox 1197 2710 1358 2772; x_wconf 87' lang='lat' dir='ltr'>injusta</span> <span class='ocrx_word' id='word_1_395' title='bbox 1388 2709 1509 2757; x_wconf 77' lang='lat' dir='ltr'>bella</span> <span class='ocrx_word' id='word_1_396' title='bbox 1531 2721 1702 2759; x_wconf 85' lang='lat' dir='ltr'>temere</span> <span class='ocrx_word' id='word_1_397' title='bbox 1726 2711 1981 2774; x_wconf 69' lang='lat' dir='ltr'>plerunque</span> 
     </span>
     <span class='ocr_line' id='line_1_42' title="bbox 209 2775 1982 2844; baseline -0.005 -15"><span class='ocrx_word' id='word_1_398' title='bbox 209 2781 531 2844; x_wconf 70' lang='lat' dir='ltr'>suscipiuntur,</span> <span class='ocrx_word' id='word_1_399' title='bbox 557 2776 767 2826; x_wconf 76' lang='lat' dir='ltr'>scelerate</span> <span class='ocrx_word' id='word_1_400' title='bbox 785 2787 1024 2839; x_wconf 84' lang='lat' dir='ltr'>geruntur,</span> <span class='ocrx_word' id='word_1_401' title='bbox 1047 2776 1242 2837; x_wconf 87' lang='lat' dir='ltr'>turpiter</span> <span class='ocrx_word' id='word_1_402' title='bbox 1261 2775 1563 2835; x_wconf 79' lang='lat' dir='ltr'>deponuntur.</span> <span class='ocrx_word' id='word_1_403' title='bbox 1604 2775 1731 2836; x_wconf 80' lang='lat' dir='ltr'>Qid</span> <span class='ocrx_word' id='word_1_404' title='bbox 1750 2791 1886 2838; x_wconf 89' lang='lat' dir='ltr'>porro</span> <span class='ocrx_word' id='word_1_405' title='bbox 1908 2776 1982 2822; x_wconf 86' lang='lat' dir='ltr'>in-</span> 
     </span>
     <span class='ocr_line' id='line_1_43' title="bbox 211 2838 1981 2903; baseline -0.003 -10"><span class='ocrx_word' id='word_1_406' title='bbox 211 2845 371 2894; x_wconf 76' lang='lat' dir='ltr'>utilius</span> <span class='ocrx_word' id='word_1_407' title='bbox 397 2843 479 2890; x_wconf 90' lang='lat' dir='ltr'>ulli</span> <span class='ocrx_word' id='word_1_408' title='bbox 501 2841 698 2896; x_wconf 80' lang='lat' dir='ltr'>civitati,</span> <span class='ocrx_word' id='word_1_409' title='bbox 741 2856 878 2903; x_wconf 88' lang='lat' dir='ltr'>quam</span> <span class='ocrx_word' id='word_1_410' title='bbox 906 2841 1037 2886; x_wconf 84' lang='lat' dir='ltr'>malae</span> <span class='ocrx_word' id='word_1_411' title='bbox 1059 2840 1181 2902; x_wconf 89' lang='lat' dir='ltr'>apud</span> <span class='ocrx_word' id='word_1_412' title='bbox 1205 2838 1424 2889; x_wconf 83' lang='lat' dir='ltr'>finitimos</span> <span class='ocrx_word' id='word_1_413' title='bbox 1446 2839 1588 2901; x_wconf 88' lang='lat' dir='ltr'>leges,</span> <span class='ocrx_word' id='word_1_414' title='bbox 1633 2856 1825 2901; x_wconf 87' lang='lat' dir='ltr'>quarum</span> <span class='ocrx_word' id='word_1_415' title='bbox 1865 2839 1981 2902; x_wconf 85' lang='lat' dir='ltr'>saepe</span> 
     </span>
     <span class='ocr_line' id='line_1_44' title="bbox 213 2903 1981 2972; baseline -0.004 -15"><span class='ocrx_word' id='word_1_416' title='bbox 213 2908 429 2972; x_wconf 86' lang='lat' dir='ltr'>contagio</span> <span class='ocrx_word' id='word_1_417' title='bbox 446 2904 777 2970; x_wconf 71' lang='lat' dir='ltr'>serpere&#39;latius</span> <span class='ocrx_word' id='word_1_418' title='bbox 794 2904 903 2955; x_wconf 88' lang='lat' dir='ltr'>solet</span> <span class='ocrx_word' id='word_1_419' title='bbox 946 2906 964 2950; x_wconf 80' lang='grc' dir='ltr'><strong><em>ἓ</em></strong></span> <span class='ocrx_word' id='word_1_420' title='bbox 1015 2907 1112 2951; x_wconf 87' lang='lat' dir='ltr'>Aut</span> <span class='ocrx_word' id='word_1_421' title='bbox 1132 2920 1212 2950; x_wconf 87' lang='lat' dir='ltr'>cur</span> <span class='ocrx_word' id='word_1_422' title='bbox 1233 2903 1364 2951; x_wconf 88' lang='lat' dir='ltr'>nobis</span> <span class='ocrx_word' id='word_1_423' title='bbox 1389 2903 1489 2950; x_wconf 82' lang='lat' dir='ltr'>unis</span> <span class='ocrx_word' id='word_1_424' title='bbox 1513 2904 1687 2951; x_wconf 84' lang='lat' dir='ltr'>molesti</span> <span class='ocrx_word' id='word_1_425' title='bbox 1713 2904 1831 2960; x_wconf 88' lang='lat' dir='ltr'>sunt,</span> <span class='ocrx_word' id='word_1_426' title='bbox 1874 2920 1981 2954; x_wconf 64' lang='lat' dir='ltr'>cusi</span> 
     </span>
     <span class='ocr_line' id='line_1_45' title="bbox 213 2967 1979 3031; baseline -0.003 -10"><span class='ocrx_word' id='word_1_427' title='bbox 213 2987 284 3025; x_wconf 78' lang='lat' dir='ltr'>tot</span> <span class='ocrx_word' id='word_1_428' title='bbox 300 2972 597 3021; x_wconf 82' lang='lat' dir='ltr'>circumcirca</span> <span class='ocrx_word' id='word_1_429' title='bbox 619 2970 824 3018; x_wconf 85' lang='lat' dir='ltr'>nationes</span> <span class='ocrx_word' id='word_1_430' title='bbox 845 2967 947 3016; x_wconf 85' lang='lat' dir='ltr'>aliis</span> <span class='ocrx_word' id='word_1_431' title='bbox 970 2981 1106 3031; x_wconf 86' lang='lat' dir='ltr'>atque</span> <span class='ocrx_word' id='word_1_432' title='bbox 1127 2968 1228 3014; x_wconf 86' lang='lat' dir='ltr'>aliis</span> <span class='ocrx_word' id='word_1_433' title='bbox 1246 2968 1426 3030; x_wconf 86' lang='lat' dir='ltr'>legibus</span> <span class='ocrx_word' id='word_1_434' title='bbox 1449 2971 1499 3016; x_wconf 66' lang='grc' dir='ltr'>δι</span> <span class='ocrx_word' id='word_1_435' title='bbox 1520 2968 1732 3015; x_wconf 86' lang='lat' dir='ltr'>institutis</span> <span class='ocrx_word' id='word_1_436' title='bbox 1759 2980 1979 3028; x_wconf 53' lang='lat' dir='ltr'>utantur:</span> 
     </span>
     <span class='ocr_line' id='line_1_46' title="bbox 213 3031 1984 3104; baseline -0.002 -19"><span class='ocrx_word' id='word_1_437' title='bbox 213 3038 398 3104; x_wconf 84' lang='lat' dir='ltr'>penitus</span> <span class='ocrx_word' id='word_1_438' title='bbox 421 3036 588 3091; x_wconf 73' lang='lat' dir='ltr'>eisdem</span> <span class='ocrx_word' id='word_1_439' title='bbox 612 3034 751 3081; x_wconf 87' lang='lat' dir='ltr'>nullae</span> <span class='ocrx_word' id='word_1_440' title='bbox 776 3037 793 3081; x_wconf 84' lang='lat'>?</span> <span class='ocrx_word' id='word_1_441' title='bbox 829 3035 925 3080; x_wconf 88' lang='lat' dir='ltr'>Aut</span> <span class='ocrx_word' id='word_1_442' title='bbox 946 3050 1027 3080; x_wconf 92' lang='lat' dir='ltr'>cur</span> <span class='ocrx_word' id='word_1_443' title='bbox 1046 3048 1166 3079; x_wconf 87' lang='lat' dir='ltr'>nunc</span> <span class='ocrx_word' id='word_1_444' title='bbox 1185 3034 1371 3079; x_wconf 86' lang='lat' dir='ltr'>demum</span> <span class='ocrx_word' id='word_1_445' title='bbox 1410 3031 1583 3079; x_wconf 86' lang='lat' dir='ltr'>molesti</span> <span class='ocrx_word' id='word_1_446' title='bbox 1607 3033 1707 3079; x_wconf 84' lang='lat' dir='ltr'>sunt</span> <span class='ocrx_word' id='word_1_447' title='bbox 1745 3048 1850 3078; x_wconf 90' lang='lat' dir='ltr'>cum</span> <span class='ocrx_word' id='word_1_448' title='bbox 1874 3035 1984 3083; x_wconf 88' lang='lat' dir='ltr'>novi</span> 
     </span>
     <span class='ocr_line' id='line_1_47' title="bbox 215 3097 1985 3160; baseline -0.001 -12"><span class='ocrx_word' id='word_1_449' title='bbox 215 3102 336 3155; x_wconf 83' lang='lat' dir='ltr'>nihil</span> <span class='ocrx_word' id='word_1_450' title='bbox 358 3102 620 3157; x_wconf 75' lang='lat' dir='ltr'>statuamuS,</span> <span class='ocrx_word' id='word_1_451' title='bbox 644 3098 720 3150; x_wconf 84' lang='lat' dir='ltr'>sed</span> <span class='ocrx_word' id='word_1_452' title='bbox 741 3115 789 3144; x_wconf 84' lang='lat' dir='ltr'>in</span> <span class='ocrx_word' id='word_1_453' title='bbox 812 3110 961 3145; x_wconf 89' lang='lat' dir='ltr'>vetere</span> <span class='ocrx_word' id='word_1_454' title='bbox 977 3098 1080 3159; x_wconf 90' lang='lat' dir='ltr'>jure</span> <span class='ocrx_word' id='word_1_455' title='bbox 1105 3099 1436 3160; x_wconf 83' lang='lat' dir='ltr'>perseveremus</span> <span class='ocrx_word' id='word_1_456' title='bbox 1481 3099 1499 3142; x_wconf 76' lang='grc' dir='ltr'><strong><em>ἓ</em></strong></span> <span class='ocrx_word' id='word_1_457' title='bbox 1532 3113 1635 3143; x_wconf 88' lang='lat' dir='ltr'>cum</span> <span class='ocrx_word' id='word_1_458' title='bbox 1663 3113 1744 3143; x_wconf 89' lang='lat' dir='ltr'>nec</span> <span class='ocrx_word' id='word_1_459' title='bbox 1767 3097 1865 3152; x_wconf 89' lang='lat' dir='ltr'>soli,</span> <span class='ocrx_word' id='word_1_460' title='bbox 1901 3114 1985 3146; x_wconf 89' lang='lat' dir='ltr'>nec</span> 
     </span>
     <span class='ocr_line' id='line_1_48' title="bbox 214 3161 1986 3231; baseline -0.003 -18"><span class='ocrx_word' id='word_1_461' title='bbox 214 3166 372 3231; x_wconf 87' lang='lat' dir='ltr'>primi,</span> <span class='ocrx_word' id='word_1_462' title='bbox 405 3180 490 3220; x_wconf 73' lang='lat' dir='ltr'>neq</span> <span class='ocrx_word' id='word_1_463' title='bbox 523 3179 644 3211; x_wconf 88' lang='lat' dir='ltr'>nunc</span> <span class='ocrx_word' id='word_1_464' title='bbox 667 3161 873 3225; x_wconf 88' lang='lat' dir='ltr'>primum</span> <span class='ocrx_word' id='word_1_465' title='bbox 895 3162 965 3207; x_wconf 87' lang='lat' dir='ltr'>his</span> <span class='ocrx_word' id='word_1_466' title='bbox 988 3161 1202 3211; x_wconf 80' lang='lat' dir='ltr'>institutis</span> <span class='ocrx_word' id='word_1_467' title='bbox 1226 3175 1406 3209; x_wconf 88' lang='lat' dir='ltr'>utamur</span> <span class='ocrx_word' id='word_1_468' title='bbox 1429 3162 1446 3207; x_wconf 80' lang='grc' dir='ltr'><strong><em>ἓ</em></strong></span> <span class='ocrx_word' id='word_1_469' title='bbox 1481 3161 1544 3206; x_wconf 91' lang='lat' dir='ltr'>At</span> <span class='ocrx_word' id='word_1_470' title='bbox 1563 3177 1653 3207; x_wconf 90' lang='lat' dir='ltr'>non</span> <span class='ocrx_word' id='word_1_471' title='bbox 1679 3163 1860 3223; x_wconf 72' lang='lat' dir='ltr'>placent</span> <span class='ocrx_word' id='word_1_472' title='bbox 1882 3165 1986 3223; x_wconf 69' lang='lat' dir='ltr'>qui-</span> 
     </span>
     <span class='ocr_line' id='line_1_49' title="bbox 222 3223 1987 3291; baseline -0.002 -14"><span class='ocrx_word' id='word_1_473' title='bbox 222 3231 408 3280; x_wconf 88' lang='lat' dir='ltr'>busdam</span> <span class='ocrx_word' id='word_1_474' title='bbox 435 3228 592 3282; x_wconf 67' lang='lat' dir='ltr'>nostrae</span> <span class='ocrx_word' id='word_1_475' title='bbox 615 3229 740 3291; x_wconf 86' lang='lat' dir='ltr'>leges</span> <span class='ocrx_word' id='word_1_476' title='bbox 783 3245 795 3273; x_wconf 74' lang='grc' dir='ltr'>ε</span> <span class='ocrx_word' id='word_1_477' title='bbox 829 3227 1023 3272; x_wconf 52' lang='lat' dir='ltr'>Foru-sse</span> <span class='ocrx_word' id='word_1_478' title='bbox 1047 3243 1128 3271; x_wconf 83' lang='lat' dir='ltr'>nec</span> <span class='ocrx_word' id='word_1_479' title='bbox 1149 3227 1251 3272; x_wconf 85' lang='lat' dir='ltr'>suae.</span> <span class='ocrx_word' id='word_1_480' title='bbox 1320 3223 1430 3271; x_wconf 89' lang='lat' dir='ltr'>Non</span> <span class='ocrx_word' id='word_1_481' title='bbox 1448 3223 1726 3287; x_wconf 70' lang='lat' dir='ltr'>‘inquirimus</span> <span class='ocrx_word' id='word_1_482' title='bbox 1744 3225 1916 3272; x_wconf 75' lang='lat' dir='ltr'>curiose</span> <span class='ocrx_word' id='word_1_483' title='bbox 1937 3232 1987 3275; x_wconf 56' lang='lat'>411</span> 
     </span>
     <span class='ocr_line' id='line_1_50' title="bbox 217 3290 1988 3353; baseline -0.003 -12"><span class='ocrx_word' id='word_1_484' title='bbox 217 3296 416 3348; x_wconf 78' lang='lat' dir='ltr'>aliorum</span> <span class='ocrx_word' id='word_1_485' title='bbox 434 3293 659 3349; x_wconf 67' lang='lat' dir='ltr'>instituta.</span> <span class='ocrx_word' id='word_1_486' title='bbox 723 3291 889 3353; x_wconf 77' lang='lat' dir='ltr'>Nostra</span> <span class='ocrx_word' id='word_1_487' title='bbox 911 3290 1041 3335; x_wconf 78' lang='lat' dir='ltr'>nobis</span> <span class='ocrx_word' id='word_1_488' title='bbox 1061 3291 1320 3350; x_wconf 77' lang='lat' dir='ltr'>relinquant</span> <span class='ocrx_word' id='word_1_489' title='bbox 1343 3301 1409 3335; x_wconf 70' lang='lat' dir='ltr'>tot</span> <span class='ocrx_word' id='word_1_490' title='bbox 1431 3305 1651 3335; x_wconf 83' lang='lat' dir='ltr'>annorum</span> <span class='ocrx_word' id='word_1_491' title='bbox 1674 3290 1988 3351; x_wconf 63' lang='lat' dir='ltr'>experimento</span> 
     </span>
     <span class='ocr_line' id='line_1_51' title="bbox 209 3355 1987 3422; baseline -0.001 -18"><span class='ocrx_word' id='word_1_492' title='bbox 209 3358 467 3422; x_wconf 59' lang='lat' dir='ltr'>perspet‘ja.</span> <span class='ocrx_word' id='word_1_493' title='bbox 532 3357 665 3403; x_wconf 89' lang='lat' dir='ltr'>Num</span> <span class='ocrx_word' id='word_1_494' title='bbox 685 3371 844 3408; x_wconf 81' lang='lat' dir='ltr'>eorum</span> <span class='ocrx_word' id='word_1_495' title='bbox 869 3355 1054 3407; x_wconf 60' lang='lat' dir='ltr'>consilia</span> <span class='ocrx_word' id='word_1_496' title='bbox 1077 3357 1310 3400; x_wconf 70' lang='lat' dir='ltr'>turbamus</span> <span class='ocrx_word' id='word_1_497' title='bbox 1330 3356 1349 3400; x_wconf 74' lang='grc' dir='ltr'><strong><em>ἓ</em></strong></span> <span class='ocrx_word' id='word_1_498' title='bbox 1381 3364 1460 3399; x_wconf 87' lang='lat' dir='ltr'>aut</span> <span class='ocrx_word' id='word_1_499' title='bbox 1481 3369 1573 3414; x_wconf 83' lang='lat' dir='ltr'>qua</span> <span class='ocrx_word' id='word_1_500' title='bbox 1594 3355 1777 3401; x_wconf 81' lang='lat' dir='ltr'>tandem</span> <span class='ocrx_word' id='word_1_501' title='bbox 1798 3355 1845 3400; x_wconf 88' lang='lat' dir='ltr'>in</span> <span class='ocrx_word' id='word_1_502' title='bbox 1861 3371 1908 3402; x_wconf 91' lang='lat' dir='ltr'>re</span> <span class='ocrx_word' id='word_1_503' title='bbox 1930 3357 1987 3402; x_wconf 87' lang='lat' dir='ltr'>il-</span> 
     </span>
     <span class='ocr_line' id='line_1_52' title="bbox 158 3419 678 3474; baseline -0.006 -6"><span class='ocrx_word' id='word_1_504' title='bbox 158 3424 160 3427; x_wconf 72' lang='grc'>’</span> <span class='ocrx_word' id='word_1_505' title='bbox 217 3422 272 3474; x_wconf 82' lang='lat' dir='ltr'>lis</span> <span class='ocrx_word' id='word_1_506' title='bbox 292 3420 465 3468; x_wconf 87' lang='lat' dir='ltr'>molesti</span> <span class='ocrx_word' id='word_1_507' title='bbox 485 3419 634 3468; x_wconf 83' lang='lat' dir='ltr'>sumus</span> <span class='ocrx_word' id='word_1_508' title='bbox 659 3422 678 3466; x_wconf 74' lang='grc' dir='ltr'><strong><em>ἒ</em></strong></span> 
     </span>
    </p>

    <p class='ocr_par' dir='ltr' id='par_1_4' title="bbox 220 3479 2004 3617">
     <span class='ocr_line' id='line_1_53' title="bbox 286 3479 2004 3546; baseline -0.001 -15"><span class='ocrx_word' id='word_1_509' title='bbox 286 3487 440 3532; x_wconf 84' lang='lat' dir='ltr'>XC11.</span> <span class='ocrx_word' id='word_1_510' title='bbox 478 3486 543 3532; x_wconf 91' lang='lat' dir='ltr'>At</span> <span class='ocrx_word' id='word_1_511' title='bbox 564 3482 761 3531; x_wconf 82' lang='lat' dir='ltr'>seditiosi</span> <span class='ocrx_word' id='word_1_512' title='bbox 781 3480 906 3536; x_wconf 66' lang='lat' dir='ltr'>estis,</span> <span class='ocrx_word' id='word_1_513' title='bbox 925 3480 1071 3530; x_wconf 87' lang='lat' dir='ltr'>aiunt.</span> <span class='ocrx_word' id='word_1_514' title='bbox 1137 3481 1309 3528; x_wconf 78' lang='lat' dir='ltr'>Possem</span> <span class='ocrx_word' id='word_1_515' title='bbox 1333 3479 1474 3526; x_wconf 88' lang='lat' dir='ltr'>libere</span> <span class='ocrx_word' id='word_1_516' title='bbox 1496 3479 1767 3544; x_wconf 83' lang='lat' dir='ltr'>respondere</span> <span class='ocrx_word' id='word_1_517' title='bbox 1798 3499 1811 3528; x_wconf 81' lang='lat' dir='ltr'>t</span> <span class='ocrx_word' id='word_1_518' title='bbox 1863 3484 2004 3546; x_wconf 73' lang='lat' dir='ltr'>Qid,</span> 
     </span>
     <span class='ocr_line' id='line_1_54' title="bbox 220 3546 1995 3617; baseline -0.003 -19"><span class='ocrx_word' id='word_1_519' title='bbox 220 3551 280 3602; x_wconf 73' lang='lat' dir='ltr'>ad</span> <span class='ocrx_word' id='word_1_520' title='bbox 304 3550 410 3599; x_wconf 87' lang='lat' dir='ltr'>illos</span> <span class='ocrx_word' id='word_1_521' title='bbox 437 3552 457 3604; x_wconf 72' lang='grc' dir='ltr'><strong><em>ἓ</em></strong></span> <span class='ocrx_word' id='word_1_522' title='bbox 483 3552 633 3604; x_wconf 73' lang='lat' dir='ltr'>nostro</span> <span class='ocrx_word' id='word_1_523' title='bbox 652 3547 1041 3617; x_wconf 60' lang='lat' dir='ltr'>periculomostro</span> <span class='ocrx_word' id='word_1_524' title='bbox 1065 3546 1235 3600; x_wconf 78' lang='lat' dir='ltr'>damno</span> <span class='ocrx_word' id='word_1_525' title='bbox 1259 3546 1607 3598; x_wconf 79' lang='lat' dir='ltr'>tumultuamur.</span> <span class='ocrx_word' id='word_1_526' title='bbox 1674 3549 1847 3596; x_wconf 75' lang='lat' dir='ltr'>Poil‘em</span> <span class='ocrx_word' id='word_1_527' title='bbox 1878 3564 1995 3594; x_wconf 83' lang='lat' dir='ltr'>enu-</span> 
     </span>
    </p>
   </div>
   <div class='ocr_carea' id='block_1_3' title="bbox 1897 3627 2001 3679">
    <p class='ocr_par' dir='ltr' id='par_1_5' title="bbox 1897 3627 2001 3679">
     <span class='ocr_line' id='line_1_55' title="bbox 1897 3627 2001 3679; baseline 0.01 -20"><span class='ocrx_word' id='word_1_528' title='bbox 1897 3627 2001 3679; x_wconf 56' lang='lat' dir='ltr'>meg</span> 
     </span>
    </p>
   </div>
  </div>
 </body>
</html>
