2096 3869
183 149 267 220 16
479 131 884 218 'RERUM
974 152 1668 229 Scor-‘reanum

177 244 484 301 Caledoniam
506 242 562 300 ad
586 253 833 301 duodecim
855 248 1003 298 millia
1023 249 1229 313 passuum
1250 249 1301 297 in
1321 252 1482 298 eadem
1503 253 1577 314 (ι)
1599 252 1759 301 dextra
1780 255 1960 320 ripaest

177 317 415 365 Petth-umt.
482 318 560 364 Ad
586 322 659 381 (2)
684 318 898 364 finisti-am
922 314 1070 376 ripam
1094 312 1175 360 sub
1197 315 1390 363 Atholia
1421 318 1478 363 ad
1512 316 1735 364 orientem
1759 319 1961 383 spectans

173 382 237 427 est
259 381 417 428 Gorea
438 382 748 429 frumentariis
781 379 955 442 campis
980 376 1164 424 nobilis.
1230 379 1292 424 Et
1311 378 1392 427 sub
1415 381 1501 426 hac
1524 380 1690 429 iterum
1713 382 1834 432 inter
1860 388 1959 434 Ta-

176 449 275 501 um,
293 451 334 493 δε
352 446 511 493 Escam
529 449 734 510 porrecta
753 443 970 506 Angusta,
990 443 1095 496 five,
1116 452 1166 488 ut
1187 440 1320 504 prisci
1339 444 1463 490 Scoti
1482 449 1752 509 loquuntur,
1771 449 1957 498 AEneia.

177 511 296 557 Sunt
315 511 396 574 qui
415 510 689 563 Horestiam‚
711 523 788 555 aut
805 509 939 569 juxta
963 507 1210 553 dialectum
1234 507 1497 570 Anglorum
1519 511 1762 558 Forestiam
1787 511 1961 562 dictam

177 587 361 638 putent.
430 577 483 622 In
506 590 557 620 ea
581 574 679 621 sunt
704 575 833 619 urbes
859 572 1090 633 Cuprum,
1116 576 1157 618 δε
1176 571 1303 634 quod
1326 569 1546 619 Boethius
1566 576 1726 637 patriae
1744 577 1833 623 suae
1857 594 1959 639 gra-

176 638 329 686 tulans
350 639 585 687 ambitiose
609 639 878 685 Deidonum
901 648 1049 683 vocat.
1120 637 1269 683 Vetus
1307 634 1431 682 enim
1468 653 1636 684 nomen
1672 629 1959 690 Taodunum

176 703 306 751 fnisse
328 721 445 760 reor,
470 721 495 749 a
534 704 691 756 Duno,
726 702 773 747 id
809 703 870 748 est
906 702 1024 748 colle
1062 701 1120 747 ad
1161 701 1317 747 Taum
1341 700 1438 755 sito,
1474 699 1555 746 sub
1576 702 1706 763 cujus
1729 704 1960 754 radicibus

179 768 406 833 oppidum
430 770 490 814 est
511 767 785 813 extrufhim.
832 769 973 814 Extra
996 766 1152 812 Taum
1172 765 1231 812 ad
1260 781 1316 828 14
1337 764 1485 811 millia
1505 767 1711 828 pass-’uum
1734 770 1855 814 redte
1880 771 1958 817 lit·

180 847 279 881 tore
309 833 509 879 occurrit
534 832 869 886 Abrebrothea‚
906 831 996 877 alio
1031 829 1219 876 nomine
1246 829 1464 876 Abrinca.
1534 830 1721 878 Deinde
1745 833 1959 883 Rubrum

180 897 543 961 promontorium
569 894 673 940 satis
693 895 832 959 longe
855 895 969 941 cons
996 894 1170 941 icuum.
1206 893 1316 940 Esca
1338 893 1504 940 fluvius
1524 909 1836 958 cognomento
1860 899 1957 945 Au-

179 963 319 1010 stralis
342 960 543 1007 mediam
567 959 683 1005 secat
720 978 731 1005 :
778 960 891 1006 alter
913 961 950 1005 E
971 973 1023 1004 ca
1046 956 1425 1019 Septentrionalis
1458 974 1557 1004 eam
1582 977 1608 1004 a
1633 960 1816 1008 Mernia
1837 962 1959 1009 divi-

180 1027 266 1073 dit.
293 1027 364 1087 (3)
389 1027 456 1072 Ea
475 1040 531 1071 ex
567 1040 734 1083 magna
756 1037 883 1088 parte
906 1022 998 1069 solo
1021 1023 1080 1069 est
1113 1019 1369 1084 campestri,
1411 1026 1452 1067 δε
1491 1023 1647 1083 plano,
1672 1023 1818 1071 donec
1843 1028 1961 1074 ultra

179 1090 543 1152 Fordunum‚(4)
566 1093 602 1134 δι
630 1089 895 1136 Dunotrum
919 1087 1118 1136 Comitis
1140 1084 1367 1132 Martialis
1390 1100 1538 1133 arcem
1557 1101 1766 1134 occurrat
1789 1089 1959 1137 Gram-

181 1155 287 1219 pius
307 1155 531 1217 paulatim
551 1153 591 1199 se
615 1152 878 1209 demittens,
900 1158 939 1200 δι
958 1153 1004 1200 in
1029 1167 1152 1198 mare
1172 1150 1417 1197 subsidens.

248 1219 426 1267 XXVI.
458 1219 596 1266 Ultra
616 1233 716 1264 eam
740 1218 798 1265 ad
833 1217 1157 1281 septentriones
1181 1216 1240 1262 est
1263 1215 1426 1269 Devae,
1451 1216 1596 1279 vulgo
1619 1217 1733 1263 Deae
1756 1216 1959 1265 flumini-s

181 1284 344 1334 ostium
372 1303 383 1331 :
408 1289 449 1331 δε
471 1284 574 1347 plus
595 1281 744 1329 minus
769 1282 897 1329 mille
919 1282 1063 1346 passus
1088 1279 1276 1327 ulterius
1303 1279 1457 1326 Dona.
1493 1282 1566 1326 Ad
1590 1282 1782 1327 alterum
1810 1281 1958 1330 Abre-

170 1345 322 1398 ‘donia
334 1351 394 1396 est
412 1348 663 1395 salmonum
679 1347 852 1410 piscatu
872 1346 1058 1400 nobilis,
1075 1346 1129 1391 ad
1154 1346 1345 1392 alterum
1370 1344 1584 1407 Episcopi
1605 1345 1743 1400 sedes,
1770 1351 1808 1392 δι
1828 1345 1957 1393 scho-

181 1416 239 1462 1ae
260 1413 460 1477 publicae
481 1412 692 1459 omnium
716 1413 1019 1476 ingenuarum
1043 1409 1209 1457 artium
1233 1409 1384 1456 studiis
1406 1411 1631 1456 florentes.
1713 1411 1785 1476 (5)
1820 1412 1959 1458 Hanc

181 1479 443 1526 citeriorem
460 1475 648 1524 invenio
669 1476 851 1538 vetustis
871 1493 975 1522 mon
985 1474 1179 1522 umentis
1199 1475 1455 1521 Abte-deam
1477 1475 1770 1538 appellatam.
1812 1475 1958 1522 Nunc

182 1557 414 1606 utrunque
434 1541 660 1605 oppidum
687 1541 956 1588 Abredonia
972 1540 1153 1587 Veteris
1179 1544 1218 1586 δι
1247 1539 1398 1586 Novae
1420 1538 1775 1601 cognominibus
1796 1539 1956 1589 distin-

183 1610 307 1656 (tum
328 1621 532 1655 vocatur.
601 1606 678 1653 Ab
699 1606 784 1653 hac
806 1619 895 1652 tam
921 1607 991 1667 (6)
1018 1605 1204 1667 angusta
1227 1603 1376 1651 fronte
1397 1603 1517 1650 inter
1539 1604 1636 1649 haec
1672 1604 1862 1650 flumina
1883 1605 1955 1651 in-

184 1673 298 1736 cipit
321 1672 512 1726 Marria,
532 1686 585 1718 ac
607 1670 692 1718 sese
715 1670 938 1734 paulatim
969 1669 1167 1716 dilatans
1189 1670 1245 1715 ad
1276 1668 1510 1731 sexaginta
1531 1666 1579 1714 in
1613 1668 1957 1732 longitudinem

183 1737 312 1785 milia
348 1738 391 1784 se
412 1736 647 1801 protendit
668 1735 985 1783 Badenacham
1006 1733 1160 1796 usque.
1211 1734 1276 1779 Ea
1297 1734 1426 1795 regio
1448 1743 1673 1796 perpetuo
1692 1732 1825 1779 dorso
1845 1749 1956 1780 con·

185 1803 372 1858 tinctur,
397 1808 437 1849 ετ
463 1803 532 1865 (7)
558 1801 604 1847 in
630 1815 860 1864 utrunque
887 1815 1009 1846 mare
1034 1797 1223 1845 flumina
1243 1795 1439 1860 evergit.
1507 1797 1790 1843 Badenachae
1812 1798 1955 1845 confi-

182 1865 255 1914 nis
280 1868 341 1914 est
363 1865 524 1920 Abria,
549 1865 605 1912 ad
628 1881 751 1912 mare
774 1862 1176 1911 Deucaledonium
1200 1861 1382 1909 modice
1402 1875 1565 1933 prona,
1589 1860 1720 1924 regio
1745 1865 1816 1922 (ut
1837 1862 1959 1910 inter

184 1932 367 1982 scotos}
405 1929 634 1993 imprimis
673 1929 854 1992 copiosa
876 1927 1134 1982 maritimis,
1161 1932 1202 1973 δε
1225 1926 1502 1973 terrestribus
1539 1924 1813 1973 commodis.
1880 1928 1957 1976 Est

182 1997 309 2044 enim
345 2001 386 2043 δι
424 1994 683 2048 frumentis,
719 2001 758 2041 δε
791 1993 963 2057 pascuis
986 1991 1215 2055 imprimis
1248 1989 1378 2045 felix,
1404 1995 1443 2037 &
1466 2002 1684 2053 praeterea
1714 2005 1955 2039 nemorum

182 2060 376 2116 umbris,
401 2065 442 2107 ἀ
465 2060 715 2106 rivulorum
741 2057 1031 2121 fontiumque
1059 2055 1324 2102 amoenitate
1340 2055 1560 2116 jucunda.
1630 2054 1824 2101 Piscium
1845 2072 1957 2103 vero

182 2136 408 2190 proventu
427 2126 542 2171 adeo
560 2122 738 2178 fertiliS,
755 2138 804 2170 ut
826 2124 943 2170 nulii
966 2138 1109 2186 prope
1133 2121 1299 2167 Scotiae
1318 2118 1497 2183 regioni
1515 2119 1662 2165 cedat.
1692 2119 1818 2166 Nam
1836 2135 1955 2192 prae-

185 2202 253 2236 ter
277 2188 565 2237 fluviatilium
590 2190 770 2251 copiam
793 2204 933 2250 quam
952 2200 1020 2234 tot
1037 2186 1124 2233 rivi
1144 2184 1383 2238 sufficiunt,
1406 2200 1528 2230 mare
1547 2184 1689 2256 longo
1707 2184 1855 2230 canali
1872 2199 1956 2255 pet

182 2255 373 2316 planum
395 2253 541 2301 solum
565 2252 761 2300 infusum
785 2265 994 2316 penetrat
1014 2270 1025 2298 :
1059 2249 1219 2313 ibique
1251 2263 1379 2296 terrae
1402 2250 1540 2311 paulo
1563 2248 1725 2295 altiore
1747 2264 1957 2312 margine

183 2318 433 2365 coercitum
459 2318 500 2365 se
521 2318 657 2365 latius
679 2319 915 2372 diffundit,
939 2331 991 2364 ac
1014 2315 1210 2379 speciem
1233 2313 1393 2377 stagni,
1418 2326 1496 2359 aut
1513 2311 1663 2358 verius
1686 2313 1813 2359 lacus
1836 2329 1954 2375 prae·

183 2381 262 2429 bet
283 2402 294 2430 :
333 2384 453 2431 unde
478 2382 685 2435 Abdum,
705 2383 751 2429 id
775 2384 833 2429 est
858 2383 1112 2436 stationem,
1134 2379 1283 2442 patrio
1304 2379 1506 2424 sermone
1527 2376 1777 2439 appellant.
1824 2376 1954 2424 Idem

183 2461 372 2510 quoque
394 2464 561 2494 nomen
601 2447 779 2510 regioni
801 2448 972 2493 circum
997 2445 1117 2493 circa
1139 2444 1299 2491 vicinae
1322 2443 1448 2489 dant.
1529 2440 1627 2503 Qi
1660 2439 1860 2504 Anglice
1882 2442 1953 2488 Io·

182 2522 350 2559 eantur
371 2524 608 2574 utranque,
631 2512 718 2558 hoc
739 2512 799 2558 est
822 2514 938 2571 &(8)
966 2512 1107 2558 smum
1130 2509 1263 2556 illum
1288 2506 1442 2561 maris,
1467 2512 1508 2553 δι
1530 2504 1765 2567 regionem
1787 2521 1952 2568 perpe·

183 2586 298 2630 ram,
324 2581 364 2624 δι
391 2578 464 2642 (9)
488 2577 678 2625 absurde
720 2576 1024 2622 Lochabriam
1065 2587 1243 2621 vocant.
1333 2573 1422 2619 Hae
1446 2583 1533 2618 tres
1555 2569 1769 2633 regiones
1787 2568 1953 2625 Abria,

183 2640 472 2698 Badenacha,
496 2644 547 2691 &
579 2640 753 2688 Marria
772 2640 1062 2695 latitudinem
1098 2638 1263 2686 Scotiae
1284 2636 1404 2684 inter
1423 2635 1517 2683 duo
1540 2633 1682 2681 maria
1718 2635 1953 2698 complec-

182 2715 356 2754 tantur.
475 2742 482 2748 -
1985 2713 1990 2722 ’

247 2769 452 2819 XXVII.
473 2771 550 2818 Ad
566 2771 751 2834 plagam
770 2769 1168 2831 septentrionalem
1188 2765 1397 2831 proxima
1414 2762 1599 2811 Marriae
1617 2763 1678 2810 est
1696 2760 1951 2818 Ruebania,

181 2830 322 2882 Dona
365 2833 508 2883 fluvio
545 2836 604 2883 ab
640 2851 693 2881 ea
715 2833 872 2881 divisa.
909 2834 975 2880 Ea
995 2833 1202 2879 omnium
1228 2829 1394 2877 Scotiae
1429 2828 1671 2892 regionum
1695 2823 1953 2890 longiffime

180 2897 224 2944 se
243 2898 293 2946 in
313 2912 438 2948 mare
454 2899 787 2948 Germanicum
809 2897 1082 2961 exporrigit.
1132 2896 1328 2949 Fasceis,
1349 2892 1600 2953 oviumque
1623 2903 1848 2954 proventu
1870 2890 1952 2937 adf-

183 2964 374 3012 modum
396 2964 524 3020 felix,
549 2963 811 3026 caeterisque
830 2963 1083 3009 commodis
1103 2962 1160 3007 ad
1177 2960 1321 3007 vitam·
1337 2955 1587 3004 necessariis
1611 2953 1694 3002 fibi
1712 2954 1951 3002 sufficiens.

182 3027 338 3076 fluvii
353 3029 449 3091 ejus
469 3043 575 3076 cum
594 3026 872 3076 salmonibus
891 3025 1142 3080 abundent,
1162 3026 1346 3071 Ratram
1363 3035 1544 3068 amnem
1563 3032 1714 3066 tamen
1736 3018 1784 3066 id
1806 3033 1953 3084 genus

180 3091 315 3156 piscis
337 3110 430 3141 non
450 3093 723 3159 ingreditur.
786 3090 861 3139 Est
881 3090 931 3137 in
952 3089 1048 3151 ejus
1070 3089 1224 3136 littore
1248 3087 1475 3151 spelunca,
1501 3087 1629 3146 cujus
1653 3096 1814 3131 natura
1833 3098 1951 3148 prae-

235 3210 300 3262 (ι)
325 3212 553 3251 &meh-west
565 3214 650 3251 side.
1107 3250 1111 3253 ,
1152 3206 1214 3257 (6)
1242 3206 1406 3243 Betwixt
1418 3205 1496 3242 Dee
1511 3206 1580 3241 and
1595 3203 1681 3241 Don
1694 3202 1827 3241 distat
1839 3199 1953 3240 about

236 3263 299 3316 (2)
326 3265 414 3303 Th·
432 3267 501 3304 left
519 3266 621 3304 bank
648 3266 692 3304 of
702 3265 768 3304 the
788 3263 884 3303 river
901 3262 932 3300 is
951 3261 1036 3306 that
1097 3273 1118 3298 a
1133 3261 1240 3298 mile.
1726 3270 1732 3284 .

178 3315 315 3356 whic'b
330 3318 361 3356 ie
372 3332 452 3357 ona
471 3319 630 3368 person's
642 3320 713 3358 lest
725 3319 839 3364 hand,
854 3317 967 3355 when
983 3315 1037 3353 he
1152 3312 1213 3361 (7)
1243 3313 1306 3350 To
1323 3310 1389 3349 the
1408 3311 1479 3349 east
1498 3310 1568 3347 and
1588 3309 1675 3346 west
1690 3306 1762 3345 sea.

183 3369 316 3408 faileth
334 3373 443 3408 down
458 3372 522 3409 the
543 3373 653 3410 same.
1151 3365 1217 3417 (S)
1248 3366 1370 3409 Sinus,
1391 3378 1410 3400 a
1431 3364 1497 3412 lay
1518 3376 1559 3400 or
1587 3356 1714 3399 bosom
1730 3356 1776 3396 of
1794 3357 1859 3396 the
1879 3356 1952 3404 sea,

257 3422 299 3474 3)
325 3423 414 3462 MS.
442 3426 496 3462 Ea
515 3436 647 3474 magna
664 3439 708 3463 ex
1098 3420 1183 3458 that
1198 3418 1307 3468 goeth
1327 3432 1375 3466 up
1396 3415 1549 3454 betwixt
1567 3423 1642 3453 wo
1658 3414 1777 3450 lande.

233 3424 295 3526 ἃ)
322 3476 411 3515 MS.
440 3479 539 3515 addit
556 3479 748 3528 oppidum.
1152 3474 1218 3524 (9)
1259 3474 1327 3509 For
1345 3470 1447 3508 Aber
1464 3468 1497 3508 is
1513 3467 1630 3509 called
1648 3479 1674 3506 a
1687 3464 1774 3506 loch
1788 3477 1831 3504 or
1847 3465 1953 3513 large

236 3529 297 3581 (5)
325 3530 422 3567 New
440 3531 634 3568 Aberdeen
652 3544 727 3568 was
755 3530 800 3568 os
824 3531 889 3568 old
914 3530 1032 3567 called
1097 3525 1233 3568 mouth
1249 3525 1291 3567 of
1303 3538 1323 3565 a
1340 3524 1450 3564 river.

181 3581 333 3620 Devana
346 3584 417 3620 and
431 3583 767 3633 Abredea,because
781 3583 812 3622 it
829 3583 860 3622 is
878 3582 1030 3622 fituated
1231 3579 1239 3587 '

180 3648 234 3674 on
249 3635 314 3676 the
326 3635 422 3674 river
438 3636 530 3676 Dee.
1898 3648 1909 3656 “

1831 3684 1949 3725 tere·
