2043 3864
552 151 880 218 LIBER
969 148 1390 216 SEXTUS.
1736 175 1860 237 157

100 255 299 307 desertae.
367 251 494 301 Dani
514 250 647 298 rebus
677 262 770 295 tam
791 246 1000 311 prospere
1031 249 1296 296 cedentibus
1316 247 1366 295 in
1389 247 1599 297 Moravia
1631 254 1859 300 confidere

98 321 314 369 statuunt.
379 317 533 364 Naves
562 316 753 360 domum
777 327 828 359 ut
860 314 1044 368 liberos,
1077 320 1115 360 &
1141 331 1303 360 uxores
1332 313 1575 369 advehant,
1603 315 1856 366 dimittunt.

102 385 301 432 Nullum
318 382 490 427 interea
509 373 733 425 servitutis
751 376 1006 439 asperrimae
1024 380 1286 439 exemplum
1306 378 1355 425 in
1373 378 1574 442 captivos
1593 383 1861 442 praetermis-

101 450 215 496 sum.
282 444 614 492 Milcolumbus
637 453 687 488 ut
708 457 867 488 eorum
885 443 1120 488 conatibus
1144 443 1327 489 obviam
1349 442 1452 498 iret,
1485 443 1673 505 majore,
1711 450 1750 490 &-
1785 447 1859 492 fir-

103 514 249 562 miore
270 509 489 562 exercitu,
510 523 646 570 quam
670 522 801 553 antea
819 504 882 551 eis
896 506 991 567 jam
1010 506 1058 552 in
1076 507 1297 553 Marriam
1320 509 1553 571 progreffis
1575 509 1632 555 ad
1657 509 1863 557 Mur-thi-

100 581 251 626 lacum
273 573 490 627 occurrit,
513 588 606 619 non
628 571 718 618 fine
737 587 909 633 magno
930 570 1160 633 utriusque
1179 572 1316 633 partis
1336 571 1518 628 timore,
1535 573 1681 620 Scotis
1699 575 1861 622 crude-

98 642 276 689 litatem
294 639 552 692 Danorum,
577 635 722 683 Danis
743 636 905 698 ignota
925 635 1027 681 loca
1047 637 1206 697 procul
1225 653 1250 681 a
1277 637 1414 693 mari,
1435 637 1671 685 &insidiis
1692 655 1865 702 oppor-

29 757 31 759 ,
97 719 213 752 tuna
233 703 395 766 magis,
415 718 555 766 quarn
577 701 748 746 hostem
770 699 1139 747 formidantibus.
1190 700 1336 746 Scotis
1358 702 1407 748 in
1431 703 1664 766 congressu
1687 717 1861 750 metum

100 769 230 818 auxit
265 767 404 816 trium
421 767 625 812 virorum
648 763 854 818 fortium,
879 765 1115 811 Kennethi
1146 763 1410 822 insularum,
1436 767 1591 814 Grimi
1613 768 1793 823 lerniae,
1819 773 1861 816 δε

104 831 351 882 Dumbarii
372 831 613 878 Lothianae
636 829 908 875 Thanorum
931 828 1195 875 continuata
1215 829 1378 878 caedes.
1454 831 1604 896 Igitur
1623 832 1726 879 loco
1751 832 1866 880 moti

103 899 154 946 in
178 898 434 958 antiquum,
458 896 585 958 quod
607 911 633 941 a
655 908 785 958 tergo
807 905 903 940 erat
923 892 1182 956 praefidium
1200 895 1334 957 pulfi.
1358 894 1431 942 Ibi
1452 897 1592 950 vallo,
1618 903 1657 943 δε
1680 897 1805 952 fossa,
1822 901 1865 945 gc

103 964 175 1025 (1)
191 962 404 1008 arborum
419 960 709 1007 concaedibus
739 957 1009 1005 circumdati
1025 958 1074 1005 in
1092 959 1279 1022 angusto
1293 959 1394 1006 loco
1410 971 1589 1022 aequata
1604 961 1752 1008 fronte
1763 961 1866 1008 hos-

99 1026 225 1073 tibus
247 1026 518 1073 restiterunt.
547 1023 778 1086 Qosdam
801 1040 960 1070 eorum
980 1024 1106 1069 velut
1120 1036 1249 1087 parta
1261 1022 1451 1070 victoria
1466 1025 1693 1072 incautius
1711 1026 1866 1088 invec-

102 1102 171 1138 tos
194 1091 608 1143 circumvenerunt,
644 1088 754 1134 caeso
776 1088 896 1133 inter
916 1088 999 1133 hos
1030 1104 1121 1133 uno
1144 1088 1168 1134 ἐ·
1191 1087 1385 1135 ducibus
1407 1090 1575 1136 Eneco.
1643 1091 1710 1136 Ea
1730 1107 1798 1136 res
1817 1102 1868 1139 ut

103 1156 261 1203 Danos
283 1156 343 1200 ad
363 1169 568 1218 pugnam
590 1151 814 1215 segniores
838 1151 966 1204 fecit,
989 1150 1055 1197 ita
1077 1152 1221 1198 Scotis
1243 1168 1360 1214 pene
1383 1153 1636 1216 profligatis
1659 1153 1868 1203 alacrita-

105 1232 199 1267 tem
215 1218 409 1266 addidit.
453 1217 602 1281 Igitur
623 1232 738 1279 pene
760 1228 996 1262 momento
1018 1216 1234 1277 temporis
1253 1225 1429 1263 mutata
1449 1216 1631 1265 fortuna
1652 1219 1777 1266 Dani
1795 1220 1870 1268 fu-

93 1284 256 1348 giunt,
281 1284 407 1330 Semi
429 1281 714 1346 fugientibus
735 1280 914 1327 instant.
984 1281 1157 1327 Olavus
1178 1281 1507 1341 imperatorum
1525 1284 1639 1329 alter
1656 1286 1810 1330 nastus
1828 1284 1868 1329 i·

103 1347 262 1395 tineris
285 1349 422 1394 duces
440 1362 546 1393 cum
569 1346 723 1409 paucis
744 1345 793 1392 in
816 1344 1079 1391 Moraviam
1101 1361 1154 1392 ea
1174 1346 1579 1411 no&ecentendit.
1646 1347 1700 1393 Id
1724 1365 1870 1410 quan-

104 1429 244 1476 quam
274 1411 607 1459 Milcolumhus
641 1427 734 1457 non
768 1411 1017 1473 ignoraret,
1053 1423 1206 1457 tamen
1240 1410 1571 1474 promptiffimo
1605 1428 1799 1474 quoque
1820 1412 1871 1460 in

103 1477 265 1539 praelio
286 1476 416 1531 caeso,
436 1492 487 1522 ac
507 1475 717 1539 plurimis
734 1473 983 1522 vulneratis
1004 1474 1062 1521 ab
1083 1475 1208 1522 hoste
1223 1474 1539 1539 persequendo
1556 1468 1739 1523 destitit.

181 1542 239 1589 L.
269 1543 383 1605 Eam
402 1541 579 1588 cladem
601 1540 659 1586 ad
681 1540 723 1586 se
743 1538 792 1585 in
814 1538 1037 1603 Angliam
1054 1539 1252 1587 delatam
1268 1556 1438 1602 magno
1459 1539 1614 1587 animo
1632 1542 1738 1588 tulit
1760 1543 1872 1589 Sue·
1889 1578 1905 1582 ffi-

105 1621 166 1652 no
191 1625 203 1652 :
237 1622 287 1653 ac
309 1605 476 1669 partim
494 1606 519 1652 ὲ
541 1604 782 1659 veteranis,
802 1606 969 1667 partim
988 1604 1012 1650 ἐ
1035 1603 1166 1650 novis
1187 1604 1392 1651 subsidiis
1411 1602 1550 1651 domo
1567 1605 1766 1653 adveffls
1784 1608 1872 1654 du-

101 1686 156 1717 ce
179 1672 326 1717 Camo
348 1670 407 1717 ad
435 1671 635 1716 veterem
656 1667 960 1731 supplendum
988 1667 1239 1715 exercitum
1260 1667 1396 1715 misit.
1463 1670 1508 1715 Is
1536 1668 1738 1735 primum
1760 1672 1873 1721 For-

107 1735 197 1780 thae
217 1734 468 1781 aestuarium
485 1734 708 1786 invectus,
744 1747 849 1778 cum
867 1732 925 1778 ab
947 1732 1115 1778 accolis
1149 1732 1303 1794 paffirn
1335 1733 1394 1780 ad
1416 1748 1575 1780 omnes
1597 1733 1692 1795 ejus
1716 1749 1869 1784 motus

106 1798 448 1846 occurrentibus
465 1797 732 1844 descendere
749 1796 1086 1858 prohiberetur,
1107 1798 1164 1846 ad
1181 1798 1394 1844 Rubrum
1417 1798 1632 1861 Angusxae
1649 1815 1871 1861 promon-

108 1862 276 1910 torium
299 1865 400 1909 vela
421 1861 546 1908 fecit.
614 1860 686 1907 Ibi
705 1860 928 1906 militibus
946 1861 994 1906 in
1017 1873 1182 1906 terram
1211 1862 1441 1924 expositis,
1466 1878 1519 1908 ac
1551 1863 1663 1909 locis
1693 1864 1872 1928 aliquot

114 1926 277 1972 frustra
299 1926 480 1972 tentatis
494 1926 552 1971 ad
568 1925 865 1988 praedandum
883 1924 925 1970 se
939 1924 1179 1971 convertit.
1209 1927 1331 1972 Cum
1343 1927 1402 1972 ad
1418 1926 1799 1983 Balbridum,hoc
1809 1931 1871 1977 est

105 1989 305 2052 Brigidae
318 2006 486 2052 pagum
499 1990 685 2035 haberet
699 1987 1020 2042 castra‚didicit
1032 1989 1089 2034 de
1101 1990 1730 2052 exploratoribus,Scotorum
1742 1995 1872 2057 copi-

95 2068 153 2100 ·as
170 2054 244 2100 vix
262 2055 354 2100 duo
369 2053 515 2101 millia
530 2055 733 2115 passuum
752 2053 910 2099 abesse.
931 2053 1141 2115 Uterque
1152 2070 1238 2116 pro
1253 2067 1459 2117 tempore
1477 2055 1575 2101 suos
1590 2057 1648 2103 ad
1661 2073 1871 2122 pugnam

104 2112 275 2166 hortati
296 2118 395 2168 sunt
416 2137 425 2164 :
461 2134 512 2164 ac
534 2117 747 2180 postridie
768 2133 954 2180 quoque
976 2118 1138 2164 eodem
1161 2134 1308 2182 prope
1329 2134 1565 2167 momento
1586 2120 1636 2167 in
1658 2122 1870 2184 procinc-

106 2198 155 2230 tu
177 2184 406 2237 steterunt,
437 2185 700 2245 Pugnatum
717 2183 777 2227 est
796 2182 931 2229 tertio
950 2182 1023 2228 die
1042 2195 1166 2229 tanta
1187 2183 1459 2247 pertinacia,
1484 2197 1700 2248 quantam
1721 2192 1762 2248 ὃς
1784 2205 1869 2235 no-

105 2264 164 2292 va
185 2247 298 2310 spes,
344 2252 384 2293 δε
417 2259 550 2294 vetus
587 2247 747 2293 odium
776 2247 953 2293 efficere
974 2254 1169 2310 poterat.
1237 2249 1452 2295 Tandem
1479 2252 1548 2311 (2)
1580 2250 1872 2300 vincentibus

107 2311 252 2358 Scotis
275 2313 444 2358 Carnus
459 2311 674 2374 reliquias
692 2311 915 2372 exercitus
933 2313 980 2357 in
1004 2325 1199 2365 monte3‚
1212 2328 1304 2374 qua
1323 2314 1411 2360 iter
1431 2313 1480 2361 in
1496 2314 1755 2362 Moraviam
1778 2317 1865 2364 effe

102 2377 392 2423 intellexerat
420 2376 669 2423 subducere
691 2388 916 2431 conatus,
956 2389 1059 2422 ante
1086 2392 1224 2438 quarn
1248 2378 1343 2423 duo
1372 2378 1518 2425 millia
1539 2379 1742 2440 passuum
1765 2381 1871 2429 esset

104 2442 356 2504 progress'us
379 2458 405 2487 a
425 2441 714 2503 sequentibus
736 2439 1072 2486 circumventus
1094 2457 1200 2488 cum
1222 2440 1309 2488 suis
1331 2443 1546 2490 omnibus
1568 2443 1720 2507 periit.
1762 2447 1872 2492 Hu-

99 2508 173 2566 jus
191 2504 393 2552 vi&oriae
416 2517 714 2552 monumenta
730 2518 887 2551 extant
900 2504 1140 2560 obeliscus,
1161 2511 1202 2552 δε
1224 2508 1294 2568 (3)
1315 2506 1444 2554 vicus
1462 2509 1698 2571 proximus
1719 2510 1874 2559 adhuc

106 2570 371 2615 memoriam
392 2569 590 2615 nominis
610 2568 747 2615 Carni
768 2569 983 2625 retinens».
1035 2570 1145 2616 Alia
1167 2588 1326 2617 manus
1344 2589 1435 2618 non
1459 2574 1619 2635 procul
1641 2590 1666 2619 a
1683 2575 1871 2623 Brechi-

108 2649 169 2678 no
191 2633 364 2695 oppido
394 2632 584 2680 interiit.
652 2632 726 2678 lbi
747 2650 931 2696 quoque
962 2634 1182 2682 obeliscus
1206 2636 1320 2682 alter
1343 2639 1514 2684 erefitus
1537 2632 1613 2683 est.
1684 2640 1874 2703 Reliqui

95 2695 242 2760 -pauci
262 2697 512 2744 admodum
535 2713 724 2744 numero
748 2699 945 2744 tenebris
981 2701 1255 2762 propinquae
1277 2701 1421 2747 noritis
1439 2701 1633 2765 proteffl
1655 2704 1713 2749 ad
1734 2721 1872 2752 naves

104 2773 340 2824 penetrare
363 2761 514 2808 conati
534 2761 649 2808 sunt.
701 2760 771 2808 Hi
791 2763 895 2808 cum
916 2763 1064 2808 ventis
1087 2764 1280 2810 adversis
1317 2767 1495 2829 aliquot
1524 2766 1620 2812 dies
1640 2766 1872 2817 saeviffimo

106 2825 220 2872 mari
237 2824 393 2886 jaftati
414 2825 611 2879 fuissent,
644 2826 828 2872 tandem
851 2827 909 2874 ad
932 2827 1177 2874 Euchaniae
1199 2828 1306 2875 litus
1328 2829 1660 2893 importuosum
1695 2833 1871 2895 appulsi

104 2888 266 2936 tandiu
287 2888 354 2934 ibi
374 2890 565 2937 adversis
588 2890 928 2953 tempestatibus
951 2892 1126 2938 detenti
1147 2893 1204 2939 ad
1227 2894 1446 2941 anchoras
1467 2896 1699 2954 steterunt,
1723 2898 1873 2944 donec

103 2969 222 3017 pene
240 2952 448 2999 omnium
467 2967 616 3001 rerum
638 2954 798 3017 inopes
817 2956 961 3002 coacti
983 2955 1084 3002 sunt
1100 2957 1281 3005 circiter
1300 2958 1577 3022 quingentos
1598 2960 1622 3006 ὲ
1645 2960 1729 3005 suis
1752 2977 1871 3022 prae-

105 3019 265 3064 datum
282 3018 328 3062 in
352 3017 635 3081 propinquos
664 3034 798 3085 agros
821 3020 1003 3066 mittere
1031 3038 1043 3067 ε
1076 3037 1192 3084 quos
1226 3023 1478 3069 Mernanus
1500 3023 1592 3068 loci
1619 3024 1810 3071 Thanus
1843 3026 1872 3074 a

106 3081 220 3128 mari
237 3081 438 3128 exclusos
460 3082 507 3128 in
531 3083 758 3128 tumulum
778 3082 878 3130 satis
901 3084 1094 3130 arduum
1112 3086 1294 3149 coegit.-
1317 3087 1393 3134 Ibi
1414 3102 1520 3134 cum
1538 3087 1618 3138 diu
1636 3088 1723 3134 loci
1743 3105 1871 3136 com-

105 3145 327 3203 moditate
349 3145 494 3207 adjuti
515 3144 555 3191 se
577 3145 690 3192 saxis
712 3147 1027 3203 defenderent,
1063 3163 1115 3194 ac
1137 3152 1307 3196 multos
1336 3164 1505 3196 temere
1527 3150 1765 3199 subeuntes
1800 3153 1871 3200 af*

44 3262 53 3264 -
105 3209 342 3272 fligerent,
353 3209 538 3257 tandem
560 3210 685 3257 Scoti
701 3210 781 3257 alii
799 3211 910 3258 alios
932 3212 1159 3260 cohortati
1175 3213 1359 3264 diversis
1381 3214 1586 3277 partibus
1609 3216 1872 3265 multitudi-

160 3328 220 3378 (ι)
242 3329 376 3367 Cutted
389 3328 543 3376 timber,
554 3341 596 3365 or
606 3328 739 3367 timber
755 3329 799 3367 fit
811 3330 870 3368 for
883 3338 966 3367 cut·
1021 3330 1202 3379 assuming
1215 3345 1230 3368 a
1247 3331 1429 3379 surname,
1445 3328 1517 3371 §vas
1536 3334 1747 3375 theauthor
1758 3338 1802 3375 of
1810 3337 1876 3376 the

103 3381 204 3429 ting.
1014 3384 1125 3420 noble
1144 3385 1276 3436 family
1294 3386 1338 3422 of
1352 3384 1487 3424 Keit'n.

160 3433 222 3481 (2)
252 3433 350 3472 This
365 3434 507 3484 vistory
533 3448 608 3472 was
632 3432 808 3486 procured
825 3434 958 3485 especi·
1069 3438 1132 3487 (3)
1164 3439 1199 3473 It
1226 3438 1256 3474 is
1274 3440 1393 3476 called
1413 3441 1625 3488 Cam-eston,
1645 3444 1715 3480 and
1745 3443 1810 3481 the
1831 3458 1873 3482 0-

107 3487 180 3536 ally
199 3488 244 3535 by
263 3481 327 3525 the
352 3489 482 3525 valour
498 3487 543 3525 of
561 3501 581 3525 a
600 3489 828 3536 gentleman,
857 3488 959 3533 who,
1015 3487 1130 3526 belisk
1146 3491 1458 3530 Camellon-cross
1479 3507 1487 3529 :
1520 3495 1675 3532 Obelisk
1689 3496 1720 3532 is
1739 3510 1757 3532 a
1773 3507 1879 3544 great

33 3533 52 3567 Ὗ
107 3539 166 3576 for
193 3540 252 3576 his
281 3543 370 3588 good
391 3541 539 3588 service,
560 3554 632 3578 was
649 3542 846 3591 ‚rewarded
868 3541 960 3578 with
1016 3543 1103 3590 long
1122 3545 1220 3580 stone
1240 3545 1388 3594 pirched
1407 3547 1446 3582 in
1459 3546 1522 3583 the
1537 3550 1676 3594 ground
1694 3563 1790 3598 upon
1810 3550 1876 3588 the

107 3591 171 3632 the
189 3593 290 3632 lands
301 3594 347 3632 of
353 3593 475 3632 Keith
495 3594 533 3633 in
548 3593 728 3642 Lot‘hian,
743 3596 815 3632 and
833 3594 967 3633 thence
1022 3597 1106 3645 end,
1124 3610 1158 3638 as
1178 3610 1193 3634 ἢ
1216 3606 1440 3638 monument
1452 3599 1495 3646 of
1509 3599 1606 3638 some
1621 3610 1721 3650 great
1737 3602 1875 3642 astion.

1820 3700 1878 3731 ne
