<?xml version="1.0" encoding="UTF-8"?>
<!DOCTYPE html PUBLIC "-//W3C//DTD XHTML 1.0 Transitional//EN"
    "http://www.w3.org/TR/xhtml1/DTD/xhtml1-transitional.dtd">
<html xmlns="http://www.w3.org/1999/xhtml" xml:lang="en" lang="en">
 <head>
  <title>
</title>
<meta http-equiv="Content-Type" content="text/html;charset=utf-8" />
  <meta name='ocr-system' content='tesseract 3.04.00' />
  <meta name='ocr-capabilities' content='ocr_page ocr_carea ocr_par ocr_line ocrx_word'/>
</head>
<body>
  <div class='ocr_page' id='page_1' title='image "./rerumscoticarumh00buch_0757.png"; bbox 0 0 2037 3837; ppageno 0'>
   <div class='ocr_carea' id='block_1_1' title="bbox 431 112 1909 199">
    <p class='ocr_par' dir='ltr' id='par_1_1' title="bbox 431 112 1909 199">
     <span class='ocr_line' id='line_1_1' title="bbox 431 112 1909 199; baseline -0.013 -13"><span class='ocrx_word' id='word_1_1' title='bbox 431 115 843 186; x_wconf 60' lang='lat' dir='ltr'><em>APUD</em></span> <span class='ocrx_word' id='word_1_2' title='bbox 966 112 1525 182; x_wconf 76' lang='lat' dir='ltr'><em>SCOTOS.</em></span> <span class='ocrx_word' id='word_1_3' title='bbox 1822 136 1909 199; x_wconf 61' lang='lat'>39,</span> 
     </span>
    </p>
   </div>
   <div class='ocr_carea' id='block_1_2' title="bbox 141 213 1964 3644">
    <p class='ocr_par' dir='ltr' id='par_1_2' title="bbox 141 213 1939 1829">
     <span class='ocr_line' id='line_1_2' title="bbox 141 213 1910 285; baseline -0.005 -14"><span class='ocrx_word' id='word_1_4' title='bbox 141 221 363 285; x_wconf 76' lang='lat' dir='ltr'>experiar.</span> <span class='ocrx_word' id='word_1_5' title='bbox 433 221 503 267; x_wconf 89' lang='lat' dir='ltr'>Ac</span> <span class='ocrx_word' id='word_1_6' title='bbox 518 234 734 282; x_wconf 84' lang='lat' dir='ltr'>tanquam</span> <span class='ocrx_word' id='word_1_7' title='bbox 766 233 871 264; x_wconf 89' lang='lat' dir='ltr'>cum</span> <span class='ocrx_word' id='word_1_8' title='bbox 890 215 979 262; x_wconf 88' lang='lat' dir='ltr'>illis</span> <span class='ocrx_word' id='word_1_9' title='bbox 1003 215 1107 278; x_wconf 76' lang='lat' dir='ltr'>ipsis</span> <span class='ocrx_word' id='word_1_10' title='bbox 1130 216 1211 279; x_wconf 90' lang='lat' dir='ltr'>qui</span> <span class='ocrx_word' id='word_1_11' title='bbox 1233 215 1318 263; x_wconf 89' lang='lat' dir='ltr'>tibi</span> <span class='ocrx_word' id='word_1_12' title='bbox 1340 216 1577 278; x_wconf 85' lang='lat' dir='ltr'>negotium</span> <span class='ocrx_word' id='word_1_13' title='bbox 1599 213 1805 264; x_wconf 67' lang='lat' dir='ltr'>facessere</span> <span class='ocrx_word' id='word_1_14' title='bbox 1827 234 1910 262; x_wconf 81' lang='lat' dir='ltr'>vo-</span> 
     </span>
     <span class='ocr_line' id='line_1_3' title="bbox 143 280 1915 350; baseline -0.003 -16"><span class='ocrx_word' id='word_1_15' title='bbox 143 290 256 341; x_wconf 87' lang='lat' dir='ltr'>lent,</span> <span class='ocrx_word' id='word_1_16' title='bbox 290 301 490 350; x_wconf 81' lang='lat' dir='ltr'>agerem,</span> <span class='ocrx_word' id='word_1_17' title='bbox 530 283 731 346; x_wconf 87' lang='lat' dir='ltr'>primum</span> <span class='ocrx_word' id='word_1_18' title='bbox 752 282 870 328; x_wconf 88' lang='lat' dir='ltr'>illud</span> <span class='ocrx_word' id='word_1_19' title='bbox 911 296 1044 344; x_wconf 85' lang='lat' dir='ltr'>rogo,</span> <span class='ocrx_word' id='word_1_20' title='bbox 1079 282 1194 344; x_wconf 88' lang='lat' dir='ltr'>quid</span> <span class='ocrx_word' id='word_1_21' title='bbox 1215 281 1275 327; x_wconf 92' lang='lat' dir='ltr'>est</span> <span class='ocrx_word' id='word_1_22' title='bbox 1298 285 1424 342; x_wconf 80' lang='lat' dir='ltr'>quod</span> <span class='ocrx_word' id='word_1_23' title='bbox 1468 280 1544 326; x_wconf 89' lang='lat' dir='ltr'>hic</span> <span class='ocrx_word' id='word_1_24' title='bbox 1566 281 1915 341; x_wconf 76' lang='lat' dir='ltr'>reprehensione</span> 
     </span>
     <span class='ocr_line' id='line_1_4' title="bbox 144 343 1914 415; baseline -0.003 -17"><span class='ocrx_word' id='word_1_25' title='bbox 144 351 337 415; x_wconf 88' lang='lat' dir='ltr'>dignum</span> <span class='ocrx_word' id='word_1_26' title='bbox 362 347 646 396; x_wconf 75' lang='lat' dir='ltr'>arbitramini</span> <span class='ocrx_word' id='word_1_27' title='bbox 668 351 688 393; x_wconf 70' lang='grc' dir='ltr'><strong><em>ἓ</em></strong></span> <span class='ocrx_word' id='word_1_28' title='bbox 719 345 955 392; x_wconf 86' lang='lat' dir='ltr'>causamne</span> <span class='ocrx_word' id='word_1_29' title='bbox 978 361 1058 390; x_wconf 90' lang='lat' dir='ltr'>cur</span> <span class='ocrx_word' id='word_1_30' title='bbox 1095 345 1281 408; x_wconf 81' lang='lat' dir='ltr'>quaefita</span> <span class='ocrx_word' id='word_1_31' title='bbox 1317 346 1378 391; x_wconf 86' lang='lat' dir='ltr'>est</span> <span class='ocrx_word' id='word_1_32' title='bbox 1421 348 1439 391; x_wconf 69' lang='grc' dir='ltr'>Β</span> <span class='ocrx_word' id='word_1_33' title='bbox 1475 361 1530 391; x_wconf 86' lang='lat' dir='ltr'>an</span> <span class='ocrx_word' id='word_1_34' title='bbox 1553 344 1703 408; x_wconf 84' lang='lat' dir='ltr'>legem</span> <span class='ocrx_word' id='word_1_35' title='bbox 1726 343 1866 406; x_wconf 83' lang='lat' dir='ltr'>ipsam</span> <span class='ocrx_word' id='word_1_36' title='bbox 1891 349 1914 392; x_wconf 70' lang='grc' dir='ltr'>ἓ·</span> 
     </span>
     <span class='ocr_line' id='line_1_5' title="bbox 146 408 1916 479; baseline -0.003 -18"><span class='ocrx_word' id='word_1_37' title='bbox 146 415 335 479; x_wconf 72' lang='lat' dir='ltr'>quaesita</span> <span class='ocrx_word' id='word_1_38' title='bbox 355 413 416 461; x_wconf 85' lang='lat' dir='ltr'>est</span> <span class='ocrx_word' id='word_1_39' title='bbox 439 414 561 460; x_wconf 89' lang='lat' dir='ltr'>enim</span> <span class='ocrx_word' id='word_1_40' title='bbox 583 412 642 457; x_wconf 86' lang='lat' dir='ltr'>ad</span> <span class='ocrx_word' id='word_1_41' title='bbox 663 410 966 458; x_wconf 84' lang='lat' dir='ltr'>coercendum</span> <span class='ocrx_word' id='word_1_42' title='bbox 988 408 1171 471; x_wconf 77' lang='lat' dir='ltr'>injustas</span> <span class='ocrx_word' id='word_1_43' title='bbox 1193 411 1375 472; x_wconf 75' lang='lat' dir='ltr'>Regum</span> <span class='ocrx_word' id='word_1_44' title='bbox 1397 408 1630 457; x_wconf 74' lang='lat' dir='ltr'><strong>libidines,</strong></span> <span class='ocrx_word' id='word_1_45' title='bbox 1700 410 1806 456; x_wconf 87' lang='lat' dir='ltr'>Hoc</span> <span class='ocrx_word' id='word_1_46' title='bbox 1829 412 1916 470; x_wconf 84' lang='lat' dir='ltr'>qui</span> 
     </span>
     <span class='ocr_line' id='line_1_6' title="bbox 146 473 1917 537; baseline -0.003 -10"><span class='ocrx_word' id='word_1_47' title='bbox 146 482 352 532; x_wconf 88' lang='lat' dir='ltr'>damnat,</span> <span class='ocrx_word' id='word_1_48' title='bbox 375 478 535 524; x_wconf 87' lang='lat' dir='ltr'>eadem</span> <span class='ocrx_word' id='word_1_49' title='bbox 558 493 696 537; x_wconf 88' lang='lat' dir='ltr'>opera</span> <span class='ocrx_word' id='word_1_50' title='bbox 717 490 873 520; x_wconf 81' lang='lat' dir='ltr'>omnes</span> <span class='ocrx_word' id='word_1_51' title='bbox 896 473 1106 520; x_wconf 89' lang='lat' dir='ltr'>omnium</span> <span class='ocrx_word' id='word_1_52' title='bbox 1128 475 1334 537; x_wconf 82' lang='lat' dir='ltr'>gentium</span> <span class='ocrx_word' id='word_1_53' title='bbox 1358 475 1482 537; x_wconf 84' lang='lat' dir='ltr'>leges</span> <span class='ocrx_word' id='word_1_54' title='bbox 1507 475 1696 523; x_wconf 73' lang='lat' dir='ltr'>damnet</span> <span class='ocrx_word' id='word_1_55' title='bbox 1715 487 1917 534; x_wconf 71' lang='lat' dir='ltr'>oportet,</span> 
     </span>
     <span class='ocr_line' id='line_1_7' title="bbox 145 538 1921 602; baseline -0.005 -11"><span class='ocrx_word' id='word_1_56' title='bbox 145 545 338 596; x_wconf 83' lang='lat' dir='ltr'>eandem</span> <span class='ocrx_word' id='word_1_57' title='bbox 362 542 485 588; x_wconf 90' lang='lat' dir='ltr'>enim</span> <span class='ocrx_word' id='word_1_58' title='bbox 507 541 568 587; x_wconf 91' lang='lat' dir='ltr'>ob</span> <span class='ocrx_word' id='word_1_59' title='bbox 594 539 770 586; x_wconf 88' lang='lat' dir='ltr'>causam</span> <span class='ocrx_word' id='word_1_60' title='bbox 790 555 949 587; x_wconf 86' lang='lat' dir='ltr'>omnes</span> <span class='ocrx_word' id='word_1_61' title='bbox 967 538 1180 600; x_wconf 82' lang='lat' dir='ltr'>expetitae</span> <span class='ocrx_word' id='word_1_62' title='bbox 1202 539 1318 586; x_wconf 88' lang='lat' dir='ltr'>sunt.</span> <span class='ocrx_word' id='word_1_63' title='bbox 1386 543 1462 588; x_wconf 84' lang='lat' dir='ltr'>An</span> <span class='ocrx_word' id='word_1_64' title='bbox 1501 541 1651 602; x_wconf 85' lang='lat' dir='ltr'>legem</span> <span class='ocrx_word' id='word_1_65' title='bbox 1673 538 1814 600; x_wconf 86' lang='lat' dir='ltr'>ipsam</span> <span class='ocrx_word' id='word_1_66' title='bbox 1849 555 1921 584; x_wconf 87' lang='lat' dir='ltr'>re-</span> 
     </span>
     <span class='ocr_line' id='line_1_8' title="bbox 145 602 1925 672; baseline -0.003 -18"><span class='ocrx_word' id='word_1_67' title='bbox 145 606 448 672; x_wconf 83' lang='lat' dir='ltr'>prehenditis,</span> <span class='ocrx_word' id='word_1_68' title='bbox 488 604 728 671; x_wconf 81' lang='lat' dir='ltr'>Regesque</span> <span class='ocrx_word' id='word_1_69' title='bbox 749 604 859 650; x_wconf 86' lang='lat' dir='ltr'>solvi</span> <span class='ocrx_word' id='word_1_70' title='bbox 882 603 1063 666; x_wconf 85' lang='lat' dir='ltr'>legibus</span> <span class='ocrx_word' id='word_1_71' title='bbox 1088 620 1269 666; x_wconf 82' lang='lat' dir='ltr'>aequum</span> <span class='ocrx_word' id='word_1_72' title='bbox 1292 603 1555 650; x_wconf 82' lang='lat' dir='ltr'>existimatis</span> <span class='ocrx_word' id='word_1_73' title='bbox 1602 609 1619 650; x_wconf 84' lang='lat'>?</span> <span class='ocrx_word' id='word_1_74' title='bbox 1666 602 1714 648; x_wconf 90' lang='lat' dir='ltr'>id</span> <span class='ocrx_word' id='word_1_75' title='bbox 1737 619 1925 665; x_wconf 88' lang='lat' dir='ltr'>quoque</span> 
     </span>
     <span class='ocr_line' id='line_1_9' title="bbox 148 668 1928 733; baseline -0.004 -12"><span class='ocrx_word' id='word_1_76' title='bbox 148 675 204 721; x_wconf 80' lang='lat' dir='ltr'>an</span> <span class='ocrx_word' id='word_1_77' title='bbox 230 672 445 733; x_wconf 84' lang='lat' dir='ltr'>expediat</span> <span class='ocrx_word' id='word_1_78' title='bbox 479 669 733 721; x_wconf 71' lang='lat' dir='ltr'>videamus·</span> <span class='ocrx_word' id='word_1_79' title='bbox 800 669 873 714; x_wconf 84' lang='lat' dir='ltr'>Ac</span> <span class='ocrx_word' id='word_1_80' title='bbox 896 669 1069 730; x_wconf 89' lang='lat' dir='ltr'>populo</span> <span class='ocrx_word' id='word_1_81' title='bbox 1090 668 1278 729; x_wconf 81' lang='lat' dir='ltr'>quidem</span> <span class='ocrx_word' id='word_1_82' title='bbox 1305 683 1352 715; x_wconf 83' lang='lat' dir='ltr'>ut</span> <span class='ocrx_word' id='word_1_83' title='bbox 1371 685 1462 715; x_wconf 87' lang='lat' dir='ltr'>non</span> <span class='ocrx_word' id='word_1_84' title='bbox 1484 669 1701 730; x_wconf 78' lang='lat' dir='ltr'>expedire</span> <span class='ocrx_word' id='word_1_85' title='bbox 1716 668 1928 730; x_wconf 80' lang='lat' dir='ltr'>probem,</span> 
     </span>
     <span class='ocr_line' id='line_1_10' title="bbox 146 732 1934 797; baseline -0.003 -13"><span class='ocrx_word' id='word_1_86' title='bbox 146 753 240 784; x_wconf 83' lang='lat' dir='ltr'>non</span> <span class='ocrx_word' id='word_1_87' title='bbox 264 736 418 781; x_wconf 85' lang='lat' dir='ltr'>multis</span> <span class='ocrx_word' id='word_1_88' title='bbox 442 751 558 797; x_wconf 89' lang='lat' dir='ltr'>opus</span> <span class='ocrx_word' id='word_1_89' title='bbox 581 735 640 780; x_wconf 87' lang='lat' dir='ltr'>est</span> <span class='ocrx_word' id='word_1_90' title='bbox 661 732 828 779; x_wconf 79' lang='lat' dir='ltr'>verbis·</span> <span class='ocrx_word' id='word_1_91' title='bbox 895 733 1021 779; x_wconf 86' lang='lat' dir='ltr'>Nam</span> <span class='ocrx_word' id='word_1_92' title='bbox 1061 733 1091 778; x_wconf 78' lang='lat' dir='ltr'><strong>fi</strong></span> <span class='ocrx_word' id='word_1_93' title='bbox 1115 732 1234 780; x_wconf 68' lang='lat' dir='ltr'>recte</span> <span class='ocrx_word' id='word_1_94' title='bbox 1256 733 1484 796; x_wconf 81' lang='lat' dir='ltr'><strong>superiore</strong></span> <span class='ocrx_word' id='word_1_95' title='bbox 1521 733 1726 779; x_wconf 80' lang='lat' dir='ltr'><strong>sermone</strong></span> <span class='ocrx_word' id='word_1_96' title='bbox 1749 732 1934 779; x_wconf 72' lang='lat' dir='ltr'>medico,</span> 
     </span>
     <span class='ocr_line' id='line_1_11' title="bbox 147 798 1923 863; baseline -0.002 -16"><span class='ocrx_word' id='word_1_97' title='bbox 147 802 326 863; x_wconf 78' lang='lat' dir='ltr'>Regem</span> <span class='ocrx_word' id='word_1_98' title='bbox 348 799 713 861; x_wconf 80' lang='lat' dir='ltr'>comparavimus</span> <span class='ocrx_word' id='word_1_99' title='bbox 751 817 765 853; x_wconf 91' lang='lat'>;</span> <span class='ocrx_word' id='word_1_100' title='bbox 800 809 848 843; x_wconf 88' lang='lat' dir='ltr'>ut</span> <span class='ocrx_word' id='word_1_101' title='bbox 881 813 972 842; x_wconf 88' lang='lat' dir='ltr'>non</span> <span class='ocrx_word' id='word_1_102' title='bbox 998 798 1185 859; x_wconf 79' lang='lat' dir='ltr'>expedit</span> <span class='ocrx_word' id='word_1_103' title='bbox 1208 798 1400 860; x_wconf 62' lang='lat' dir='ltr'>popum,</span> <span class='ocrx_word' id='word_1_104' title='bbox 1435 798 1757 859; x_wconf 80' lang='lat' dir='ltr'>impunitatem</span> <span class='ocrx_word' id='word_1_105' title='bbox 1781 813 1923 860; x_wconf 84' lang='lat' dir='ltr'>quem</span> 
     </span>
     <span class='ocr_line' id='line_1_12' title="bbox 146 860 1928 925; baseline -0.003 -13"><span class='ocrx_word' id='word_1_106' title='bbox 146 867 260 913; x_wconf 87' lang='lat' dir='ltr'>velit</span> <span class='ocrx_word' id='word_1_107' title='bbox 277 860 519 911; x_wconf 82' lang='lat' dir='ltr'>occidendi</span> <span class='ocrx_word' id='word_1_108' title='bbox 557 863 739 925; x_wconf 82' lang='lat' dir='ltr'>medico</span> <span class='ocrx_word' id='word_1_109' title='bbox 775 861 996 923; x_wconf 78' lang='lat' dir='ltr'>permitti,</span> <span class='ocrx_word' id='word_1_110' title='bbox 1041 863 1106 908; x_wconf 87' lang='lat' dir='ltr'>ita</span> <span class='ocrx_word' id='word_1_111' title='bbox 1128 878 1211 909; x_wconf 86' lang='lat' dir='ltr'>nec</span> <span class='ocrx_word' id='word_1_112' title='bbox 1233 862 1419 924; x_wconf 85' lang='lat' dir='ltr'>publice</span> <span class='ocrx_word' id='word_1_113' title='bbox 1439 863 1499 908; x_wconf 84' lang='lat' dir='ltr'>est</span> <span class='ocrx_word' id='word_1_114' title='bbox 1522 863 1648 915; x_wconf 87' lang='lat' dir='ltr'>utile,</span> <span class='ocrx_word' id='word_1_115' title='bbox 1694 863 1738 907; x_wconf 89' lang='lat' dir='ltr'>in</span> <span class='ocrx_word' id='word_1_116' title='bbox 1765 878 1928 907; x_wconf 72' lang='lat' dir='ltr'>omnes</span> 
     </span>
     <span class='ocr_line' id='line_1_13' title="bbox 147 925 1926 992; baseline -0.002 -16"><span class='ocrx_word' id='word_1_117' title='bbox 147 930 452 992; x_wconf 79' lang='lat' dir='ltr'>promiscuam</span> <span class='ocrx_word' id='word_1_118' title='bbox 475 927 698 990; x_wconf 83' lang='lat' dir='ltr'>graffandi</span> <span class='ocrx_word' id='word_1_119' title='bbox 719 927 953 979; x_wconf 70' lang='lat' dir='ltr'>licentiam</span> <span class='ocrx_word' id='word_1_120' title='bbox 977 926 1183 990; x_wconf 83' lang='lat' dir='ltr'>Regibus</span> <span class='ocrx_word' id='word_1_121' title='bbox 1206 927 1382 973; x_wconf 82' lang='lat' dir='ltr'>donari.</span> <span class='ocrx_word' id='word_1_122' title='bbox 1451 928 1630 988; x_wconf 78' lang='lat' dir='ltr'>Populo</span> <span class='ocrx_word' id='word_1_123' title='bbox 1648 925 1806 989; x_wconf 84' lang='lat' dir='ltr'>igitur,</span> <span class='ocrx_word' id='word_1_124' title='bbox 1845 942 1926 972; x_wconf 90' lang='lat' dir='ltr'>cu-</span> 
     </span>
     <span class='ocr_line' id='line_1_14' title="bbox 145 991 1930 1056; baseline -0.003 -15"><span class='ocrx_word' id='word_1_125' title='bbox 145 996 222 1054; x_wconf 79' lang='lat' dir='ltr'>jus</span> <span class='ocrx_word' id='word_1_126' title='bbox 241 995 301 1040; x_wconf 89' lang='lat' dir='ltr'>est</span> <span class='ocrx_word' id='word_1_127' title='bbox 320 996 366 1040; x_wconf 85' lang='lat' dir='ltr'>in</span> <span class='ocrx_word' id='word_1_128' title='bbox 385 994 563 1056; x_wconf 66' lang='lat' dir='ltr'>legibus</span> <span class='ocrx_word' id='word_1_129' title='bbox 588 992 794 1040; x_wconf 76' lang='lat' dir='ltr'>ferundis</span> <span class='ocrx_word' id='word_1_130' title='bbox 813 992 985 1037; x_wconf 85' lang='lat' dir='ltr'>summa</span> <span class='ocrx_word' id='word_1_131' title='bbox 1007 993 1215 1053; x_wconf 79' lang='lat' dir='ltr'>potestas,</span> <span class='ocrx_word' id='word_1_132' title='bbox 1238 1009 1328 1037; x_wconf 87' lang='lat' dir='ltr'>non</span> <span class='ocrx_word' id='word_1_133' title='bbox 1348 993 1407 1038; x_wconf 82' lang='lat' dir='ltr'>est</span> <span class='ocrx_word' id='word_1_134' title='bbox 1426 991 1552 1054; x_wconf 83' lang='lat' dir='ltr'>quod</span> <span class='ocrx_word' id='word_1_135' title='bbox 1573 991 1930 1046; x_wconf 57' lang='lat' dir='ltr'>succenseamus,</span> 
     </span>
     <span class='ocr_line' id='line_1_15' title="bbox 150 1055 1930 1121; baseline -0.003 -13"><span class='ocrx_word' id='word_1_136' title='bbox 150 1060 183 1108; x_wconf 83' lang='lat' dir='ltr'>fi</span> <span class='ocrx_word' id='word_1_137' title='bbox 207 1058 600 1121; x_wconf 83' lang='lat' dir='ltr'>quemadmodum</span> <span class='ocrx_word' id='word_1_138' title='bbox 623 1059 802 1121; x_wconf 85' lang='lat' dir='ltr'>Regem</span> <span class='ocrx_word' id='word_1_139' title='bbox 841 1056 1012 1102; x_wconf 83' lang='lat' dir='ltr'>bonum</span> <span class='ocrx_word' id='word_1_140' title='bbox 1055 1056 1152 1111; x_wconf 83' lang='lat' dir='ltr'>fibi,</span> <span class='ocrx_word' id='word_1_141' title='bbox 1194 1057 1257 1103; x_wconf 89' lang='lat' dir='ltr'>ita</span> <span class='ocrx_word' id='word_1_142' title='bbox 1300 1056 1419 1119; x_wconf 81' lang='lat' dir='ltr'>Regi</span> <span class='ocrx_word' id='word_1_143' title='bbox 1463 1072 1553 1101; x_wconf 85' lang='lat' dir='ltr'>non</span> <span class='ocrx_word' id='word_1_144' title='bbox 1576 1055 1753 1118; x_wconf 81' lang='lat' dir='ltr'>optimo</span> <span class='ocrx_word' id='word_1_145' title='bbox 1774 1056 1930 1119; x_wconf 87' lang='lat' dir='ltr'>legem</span> 
     </span>
     <span class='ocr_line' id='line_1_16' title="bbox 151 1119 1930 1186; baseline -0.002 -17"><span class='ocrx_word' id='word_1_146' title='bbox 151 1123 358 1186; x_wconf 70' lang='lat' dir='ltr'>praeeesse</span> <span class='ocrx_word' id='word_1_147' title='bbox 380 1122 509 1169; x_wconf 86' lang='lat' dir='ltr'>velit.</span> <span class='ocrx_word' id='word_1_148' title='bbox 578 1124 719 1182; x_wconf 86' lang='lat' dir='ltr'>Quod</span> <span class='ocrx_word' id='word_1_149' title='bbox 741 1123 770 1166; x_wconf 79' lang='lat' dir='ltr'>si</span> <span class='ocrx_word' id='word_1_150' title='bbox 795 1119 914 1182; x_wconf 82' lang='lat' dir='ltr'><strong>Regi</strong></span> <span class='ocrx_word' id='word_1_151' title='bbox 939 1121 1038 1167; x_wconf 79' lang='lat' dir='ltr'>haec</span> <span class='ocrx_word' id='word_1_152' title='bbox 1061 1122 1134 1168; x_wconf 84' lang='lat' dir='ltr'>lex</span> <span class='ocrx_word' id='word_1_153' title='bbox 1153 1137 1243 1167; x_wconf 93' lang='lat' dir='ltr'>non</span> <span class='ocrx_word' id='word_1_154' title='bbox 1268 1121 1320 1167; x_wconf 81' lang='lat' dir='ltr'>fit</span> <span class='ocrx_word' id='word_1_155' title='bbox 1344 1121 1483 1174; x_wconf 83' lang='lat' dir='ltr'>utilis,</span> <span class='ocrx_word' id='word_1_156' title='bbox 1517 1120 1751 1168; x_wconf 82' lang='lat' dir='ltr'>videamus</span> <span class='ocrx_word' id='word_1_157' title='bbox 1770 1137 1830 1168; x_wconf 89' lang='lat' dir='ltr'>an</span> <span class='ocrx_word' id='word_1_158' title='bbox 1852 1121 1930 1183; x_wconf 82' lang='lat' dir='ltr'>agi</span> 
     </span>
     <span class='ocr_line' id='line_1_17' title="bbox 154 1184 1930 1250; baseline -0.001 -16"><span class='ocrx_word' id='word_1_159' title='bbox 154 1205 259 1239; x_wconf 87' lang='lat' dir='ltr'>cum</span> <span class='ocrx_word' id='word_1_160' title='bbox 283 1187 460 1250; x_wconf 85' lang='lat' dir='ltr'>populo</span> <span class='ocrx_word' id='word_1_161' title='bbox 479 1185 665 1241; x_wconf 75' lang='lat' dir='ltr'>debeat,</span> <span class='ocrx_word' id='word_1_162' title='bbox 683 1202 729 1232; x_wconf 87' lang='lat' dir='ltr'>ut</span> <span class='ocrx_word' id='word_1_163' title='bbox 752 1184 924 1246; x_wconf 81' lang='lat' dir='ltr'>aliquid</span> <span class='ocrx_word' id='word_1_164' title='bbox 943 1186 999 1230; x_wconf 88' lang='lat' dir='ltr'>de</span> <span class='ocrx_word' id='word_1_165' title='bbox 1023 1185 1100 1232; x_wconf 90' lang='lat' dir='ltr'>suo</span> <span class='ocrx_word' id='word_1_166' title='bbox 1116 1186 1316 1232; x_wconf 81' lang='lat' dir='ltr'>remittat</span> <span class='ocrx_word' id='word_1_167' title='bbox 1332 1186 1451 1246; x_wconf 87' lang='lat' dir='ltr'>jure,</span> <span class='ocrx_word' id='word_1_168' title='bbox 1473 1188 1522 1234; x_wconf 83' lang='lat'>&amp;</span> <span class='ocrx_word' id='word_1_169' title='bbox 1554 1186 1609 1231; x_wconf 87' lang='lat' dir='ltr'>de</span> <span class='ocrx_word' id='word_1_170' title='bbox 1633 1202 1685 1231; x_wconf 81' lang='lat' dir='ltr'>ea</span> <span class='ocrx_word' id='word_1_171' title='bbox 1702 1186 1930 1248; x_wconf 84' lang='lat' dir='ltr'>abrogan-</span> 
     </span>
     <span class='ocr_line' id='line_1_18' title="bbox 154 1248 1933 1313; baseline -0.003 -13"><span class='ocrx_word' id='word_1_172' title='bbox 154 1252 212 1301; x_wconf 89' lang='lat' dir='ltr'>da</span> <span class='ocrx_word' id='word_1_173' title='bbox 238 1269 329 1299; x_wconf 87' lang='lat' dir='ltr'>non</span> <span class='ocrx_word' id='word_1_174' title='bbox 352 1252 399 1298; x_wconf 90' lang='lat' dir='ltr'>in</span> <span class='ocrx_word' id='word_1_175' title='bbox 425 1251 762 1304; x_wconf 82' lang='lat' dir='ltr'>trinundinum,</span> <span class='ocrx_word' id='word_1_176' title='bbox 789 1249 862 1295; x_wconf 85' lang='lat' dir='ltr'>sed</span> <span class='ocrx_word' id='word_1_177' title='bbox 885 1264 1013 1298; x_wconf 85' lang='lat' dir='ltr'>more</span> <span class='ocrx_word' id='word_1_178' title='bbox 1036 1253 1184 1296; x_wconf 87' lang='lat' dir='ltr'>nostro</span> <span class='ocrx_word' id='word_1_179' title='bbox 1207 1251 1254 1299; x_wconf 79' lang='lat' dir='ltr'>in</span> <span class='ocrx_word' id='word_1_180' title='bbox 1278 1250 1675 1313; x_wconf 76' lang='lat' dir='ltr'>quadragesimum</span> <span class='ocrx_word' id='word_1_181' title='bbox 1708 1248 1832 1296; x_wconf 84' lang='lat' dir='ltr'>diem</span> <span class='ocrx_word' id='word_1_182' title='bbox 1856 1250 1933 1295; x_wconf 85' lang='lat' dir='ltr'>in·</span> 
     </span>
     <span class='ocr_line' id='line_1_19' title="bbox 156 1314 1932 1369; baseline -0.001 -8"><span class='ocrx_word' id='word_1_183' title='bbox 156 1317 364 1369; x_wconf 76' lang='lat' dir='ltr'>dicamus</span> <span class='ocrx_word' id='word_1_184' title='bbox 387 1316 590 1361; x_wconf 81' lang='lat' dir='ltr'>comitia.</span> <span class='ocrx_word' id='word_1_185' title='bbox 658 1314 869 1367; x_wconf 82' lang='lat' dir='ltr'>Interim,</span> <span class='ocrx_word' id='word_1_186' title='bbox 896 1327 946 1360; x_wconf 85' lang='lat' dir='ltr'>ut</span> <span class='ocrx_word' id='word_1_187' title='bbox 967 1315 1023 1359; x_wconf 89' lang='lat' dir='ltr'>de</span> <span class='ocrx_word' id='word_1_188' title='bbox 1045 1317 1204 1361; x_wconf 84' lang='lat' dir='ltr'>eadem</span> <span class='ocrx_word' id='word_1_189' title='bbox 1228 1315 1304 1361; x_wconf 78' lang='lat' dir='ltr'>hic</span> <span class='ocrx_word' id='word_1_190' title='bbox 1326 1314 1445 1360; x_wconf 87' lang='lat' dir='ltr'>inter</span> <span class='ocrx_word' id='word_1_191' title='bbox 1469 1331 1548 1359; x_wconf 81' lang='lat' dir='ltr'>nos</span> <span class='ocrx_word' id='word_1_192' title='bbox 1571 1315 1932 1368; x_wconf 42' lang='lat' dir='ltr'>diffitemur-undio</span> 
     </span>
     <span class='ocr_line' id='line_1_20' title="bbox 153 1377 1929 1445; baseline -0.002 -18"><span class='ocrx_word' id='word_1_193' title='bbox 153 1381 286 1436; x_wconf 82' lang='lat' dir='ltr'>mihi,</span> <span class='ocrx_word' id='word_1_194' title='bbox 321 1381 415 1445; x_wconf 82' lang='lat' dir='ltr'>Qi</span> <span class='ocrx_word' id='word_1_195' title='bbox 436 1379 643 1426; x_wconf 83' lang='lat' dir='ltr'>insanum</span> <span class='ocrx_word' id='word_1_196' title='bbox 664 1378 856 1424; x_wconf 80' lang='lat' dir='ltr'>vinculis</span> <span class='ocrx_word' id='word_1_197' title='bbox 879 1377 1061 1433; x_wconf 79' lang='lat' dir='ltr'>liberat,</span> <span class='ocrx_word' id='word_1_198' title='bbox 1085 1378 1444 1424; x_wconf 79' lang='lat' dir='ltr'>commodumne</span> <span class='ocrx_word' id='word_1_199' title='bbox 1465 1377 1727 1424; x_wconf 78' lang='lat' dir='ltr'>insanientis</span> <span class='ocrx_word' id='word_1_200' title='bbox 1748 1379 1833 1423; x_wconf 82' lang='lat' dir='ltr'>tibi</span> <span class='ocrx_word' id='word_1_201' title='bbox 1857 1395 1929 1425; x_wconf 70' lang='lat' dir='ltr'>re-</span> 
     </span>
     <span class='ocr_line' id='line_1_21' title="bbox 155 1440 1932 1507; baseline -0.001 -17"><span class='ocrx_word' id='word_1_202' title='bbox 155 1446 324 1507; x_wconf 69' lang='lat' dir='ltr'>ljpicere</span> <span class='ocrx_word' id='word_1_203' title='bbox 347 1445 530 1490; x_wconf 71' lang='lat' dir='ltr'>vid-etur</span> <span class='ocrx_word' id='word_1_204' title='bbox 573 1447 590 1489; x_wconf 82' lang='lat'>?</span> <span class='ocrx_word' id='word_1_205' title='bbox 626 1449 694 1492; x_wconf 70' lang='lat' dir='ltr'>As.</span> <span class='ocrx_word' id='word_1_206' title='bbox 722 1440 937 1488; x_wconf 80' lang='lat' dir='ltr'>Minime.</span> <span class='ocrx_word' id='word_1_207' title='bbox 1016 1448 1063 1489; x_wconf 68' lang='lat' dir='ltr'>H.</span> <span class='ocrx_word' id='word_1_208' title='bbox 1102 1443 1248 1503; x_wconf 77' lang='lat' dir='ltr'>Qid,</span> <span class='ocrx_word' id='word_1_209' title='bbox 1284 1443 1365 1504; x_wconf 89' lang='lat' dir='ltr'>qui</span> <span class='ocrx_word' id='word_1_210' title='bbox 1405 1442 1531 1488; x_wconf 80' lang='lat' dir='ltr'>febre</span> <span class='ocrx_word' id='word_1_211' title='bbox 1553 1441 1778 1489; x_wconf 76' lang='lat' dir='ltr'>laboranti</span> <span class='ocrx_word' id='word_1_212' title='bbox 1796 1443 1860 1488; x_wconf 82' lang='lat' dir='ltr'>ita</span> <span class='ocrx_word' id='word_1_213' title='bbox 1883 1455 1932 1489; x_wconf 87' lang='lat' dir='ltr'>ut</span> 
     </span>
     <span class='ocr_line' id='line_1_22' title="bbox 156 1505 1939 1569; baseline 0.001 -15"><span class='ocrx_word' id='word_1_214' title='bbox 156 1526 248 1555; x_wconf 79' lang='lat' dir='ltr'>non</span> <span class='ocrx_word' id='word_1_215' title='bbox 277 1510 472 1555; x_wconf 83' lang='lat' dir='ltr'>multum</span> <span class='ocrx_word' id='word_1_216' title='bbox 505 1509 619 1553; x_wconf 78' lang='lat' dir='ltr'>abiit</span> <span class='ocrx_word' id='word_1_217' title='bbox 652 1507 709 1554; x_wconf 89' lang='lat' dir='ltr'>ab</span> <span class='ocrx_word' id='word_1_218' title='bbox 731 1506 918 1560; x_wconf 79' lang='lat' dir='ltr'>insania,</span> <span class='ocrx_word' id='word_1_219' title='bbox 961 1505 1180 1569; x_wconf 76' lang='lat' dir='ltr'>frigidam</span> <span class='ocrx_word' id='word_1_220' title='bbox 1220 1506 1384 1553; x_wconf 85' lang='lat' dir='ltr'>affidue</span> <span class='ocrx_word' id='word_1_221' title='bbox 1419 1508 1592 1569; x_wconf 86' lang='lat' dir='ltr'>petenti</span> <span class='ocrx_word' id='word_1_222' title='bbox 1616 1509 1730 1554; x_wconf 88' lang='lat' dir='ltr'>det:</span> <span class='ocrx_word' id='word_1_223' title='bbox 1764 1523 1939 1555; x_wconf 84' lang='lat' dir='ltr'>eumne-</span> 
     </span>
     <span class='ocr_line' id='line_1_23' title="bbox 162 1571 1930 1644; baseline -0.003 -21"><span class='ocrx_word' id='word_1_224' title='bbox 162 1574 279 1623; x_wconf 85' lang='lat' dir='ltr'>bene</span> <span class='ocrx_word' id='word_1_225' title='bbox 300 1573 460 1621; x_wconf 86' lang='lat' dir='ltr'>mereri</span> <span class='ocrx_word' id='word_1_226' title='bbox 486 1574 542 1618; x_wconf 84' lang='lat' dir='ltr'>de</span> <span class='ocrx_word' id='word_1_227' title='bbox 567 1586 817 1634; x_wconf 77' lang='lat' dir='ltr'>aegrotante</span> <span class='ocrx_word' id='word_1_228' title='bbox 841 1573 1004 1633; x_wconf 81' lang='lat' dir='ltr'>putas?</span> <span class='ocrx_word' id='word_1_229' title='bbox 1030 1573 1098 1618; x_wconf 79' lang='lat' dir='ltr'>M,</span> <span class='ocrx_word' id='word_1_230' title='bbox 1125 1575 1289 1635; x_wconf 83' lang='lat' dir='ltr'>Atego</span> <span class='ocrx_word' id='word_1_231' title='bbox 1314 1573 1370 1617; x_wconf 90' lang='lat' dir='ltr'>de</span> <span class='ocrx_word' id='word_1_232' title='bbox 1391 1571 1504 1618; x_wconf 81' lang='lat' dir='ltr'>sanis</span> <span class='ocrx_word' id='word_1_233' title='bbox 1522 1572 1727 1644; x_wconf 76' lang='lat' dir='ltr'>Regibus</span> <span class='ocrx_word' id='word_1_234' title='bbox 1749 1572 1930 1634; x_wconf 57' lang='lat' dir='ltr'>loquor.</span> 
     </span>
     <span class='ocr_line' id='line_1_24' title="bbox 158 1635 1934 1698; baseline -0.002 -13"><span class='ocrx_word' id='word_1_235' title='bbox 158 1639 218 1691; x_wconf 81' lang='lat' dir='ltr'>Et</span> <span class='ocrx_word' id='word_1_236' title='bbox 238 1641 357 1685; x_wconf 70' lang='lat' dir='ltr'>reEte</span> <span class='ocrx_word' id='word_1_237' title='bbox 378 1637 633 1686; x_wconf 73' lang='lat' dir='ltr'>valentibus</span> <span class='ocrx_word' id='word_1_238' title='bbox 665 1635 912 1689; x_wconf 82' lang='lat' dir='ltr'>medicina,</span> <span class='ocrx_word' id='word_1_239' title='bbox 947 1642 986 1681; x_wconf 72' lang='grc' dir='ltr'>δε</span> <span class='ocrx_word' id='word_1_240' title='bbox 1020 1636 1136 1682; x_wconf 80' lang='lat' dir='ltr'>sanis</span> <span class='ocrx_word' id='word_1_241' title='bbox 1161 1636 1367 1698; x_wconf 81' lang='lat' dir='ltr'>Regibus</span> <span class='ocrx_word' id='word_1_242' title='bbox 1390 1653 1505 1698; x_wconf 87' lang='lat' dir='ltr'>opus</span> <span class='ocrx_word' id='word_1_243' title='bbox 1544 1638 1627 1682; x_wconf 87' lang='lat' dir='ltr'>esse</span> <span class='ocrx_word' id='word_1_244' title='bbox 1651 1636 1831 1698; x_wconf 84' lang='lat' dir='ltr'>legibus</span> <span class='ocrx_word' id='word_1_245' title='bbox 1854 1653 1934 1682; x_wconf 87' lang='lat' dir='ltr'>ne-</span> 
     </span>
     <span class='ocr_line' id='line_1_25' title="bbox 159 1700 1937 1765; baseline 0 -17"><span class='ocrx_word' id='word_1_246' title='bbox 159 1720 238 1765; x_wconf 81' lang='lat' dir='ltr'>go.</span> <span class='ocrx_word' id='word_1_247' title='bbox 307 1703 386 1749; x_wconf 87' lang='lat' dir='ltr'>Tu</span> <span class='ocrx_word' id='word_1_248' title='bbox 419 1702 526 1748; x_wconf 80' lang='lat' dir='ltr'>vero</span> <span class='ocrx_word' id='word_1_249' title='bbox 565 1702 718 1765; x_wconf 79' lang='lat' dir='ltr'>Reges</span> <span class='ocrx_word' id='word_1_250' title='bbox 756 1716 916 1747; x_wconf 85' lang='lat' dir='ltr'>omnes</span> <span class='ocrx_word' id='word_1_251' title='bbox 955 1700 1098 1747; x_wconf 85' lang='lat' dir='ltr'>malos</span> <span class='ocrx_word' id='word_1_252' title='bbox 1121 1700 1269 1749; x_wconf 86' lang='lat' dir='ltr'>videri</span> <span class='ocrx_word' id='word_1_253' title='bbox 1291 1701 1379 1755; x_wconf 73' lang='lat' dir='ltr'>vis²</span> <span class='ocrx_word' id='word_1_254' title='bbox 1419 1700 1634 1746; x_wconf 84' lang='lat' dir='ltr'>omnibus</span> <span class='ocrx_word' id='word_1_255' title='bbox 1664 1702 1788 1747; x_wconf 85' lang='lat' dir='ltr'>enim</span> <span class='ocrx_word' id='word_1_256' title='bbox 1811 1702 1937 1764; x_wconf 81' lang='lat' dir='ltr'>leges</span> 
     </span>
     <span class='ocr_line' id='line_1_26' title="bbox 156 1767 375 1829; baseline -0.018 -14"><span class='ocrx_word' id='word_1_257' title='bbox 156 1767 375 1829; x_wconf 75' lang='lat' dir='ltr'>imponis.</span> 
     </span>
    </p>

    <p class='ocr_par' dir='ltr' id='par_1_3' title="bbox 159 1827 1946 2346">
     <span class='ocr_line' id='line_1_27' title="bbox 225 1827 1938 1893; baseline -0.001 -15"><span class='ocrx_word' id='word_1_258' title='bbox 225 1832 422 1882; x_wconf 86' lang='lat' dir='ltr'><strong>LXXV.</strong></span> <span class='ocrx_word' id='word_1_259' title='bbox 462 1835 518 1878; x_wconf 81' lang='lat' dir='ltr'>B.</span> <span class='ocrx_word' id='word_1_260' title='bbox 550 1827 753 1881; x_wconf 81' lang='lat' dir='ltr'>Minime</span> <span class='ocrx_word' id='word_1_261' title='bbox 775 1827 964 1890; x_wconf 87' lang='lat' dir='ltr'>quidem</span> <span class='ocrx_word' id='word_1_262' title='bbox 990 1845 1148 1877; x_wconf 84' lang='lat' dir='ltr'>omnes</span> <span class='ocrx_word' id='word_1_263' title='bbox 1175 1849 1186 1877; x_wconf 90' lang='lat'><strong>:</strong></span> <span class='ocrx_word' id='word_1_264' title='bbox 1226 1830 1300 1876; x_wconf 85' lang='lat' dir='ltr'>sed</span> <span class='ocrx_word' id='word_1_265' title='bbox 1324 1847 1406 1878; x_wconf 91' lang='lat' dir='ltr'>nec</span> <span class='ocrx_word' id='word_1_266' title='bbox 1431 1829 1686 1878; x_wconf 82' lang='lat' dir='ltr'>universum</span> <span class='ocrx_word' id='word_1_267' title='bbox 1713 1830 1938 1893; x_wconf 87' lang='lat' dir='ltr'>populum</span> 
     </span>
     <span class='ocr_line' id='line_1_28' title="bbox 159 1893 1940 1956; baseline 0 -13"><span class='ocrx_word' id='word_1_268' title='bbox 159 1896 368 1950; x_wconf 76' lang='lat' dir='ltr'>existimo</span> <span class='ocrx_word' id='word_1_269' title='bbox 392 1896 582 1949; x_wconf 88' lang='lat' dir='ltr'>malum,</span> <span class='ocrx_word' id='word_1_270' title='bbox 628 1902 667 1941; x_wconf 77' lang='grc' dir='ltr'>δε</span> <span class='ocrx_word' id='word_1_271' title='bbox 694 1906 845 1940; x_wconf 85' lang='lat' dir='ltr'>tamen</span> <span class='ocrx_word' id='word_1_272' title='bbox 868 1893 941 1941; x_wconf 81' lang='lat' dir='ltr'>lex</span> <span class='ocrx_word' id='word_1_273' title='bbox 967 1894 1222 1942; x_wconf 81' lang='lat' dir='ltr'>universum</span> <span class='ocrx_word' id='word_1_274' title='bbox 1248 1912 1336 1941; x_wconf 89' lang='lat' dir='ltr'>una</span> <span class='ocrx_word' id='word_1_275' title='bbox 1357 1911 1469 1945; x_wconf 87' lang='lat' dir='ltr'>voce</span> <span class='ocrx_word' id='word_1_276' title='bbox 1491 1895 1757 1956; x_wconf 69' lang='lat' dir='ltr'>alloquitur.</span> <span class='ocrx_word' id='word_1_277' title='bbox 1823 1897 1940 1944; x_wconf 83' lang='lat' dir='ltr'>Eam</span> 
     </span>
     <span class='ocr_line' id='line_1_29' title="bbox 161 1957 1941 2020; baseline -0.001 -13"><span class='ocrx_word' id='word_1_278' title='bbox 161 1974 317 2016; x_wconf 77' lang='lat' dir='ltr'>autem</span> <span class='ocrx_word' id='word_1_279' title='bbox 338 1976 500 2007; x_wconf 87' lang='lat' dir='ltr'>vocem</span> <span class='ocrx_word' id='word_1_280' title='bbox 525 1959 636 2005; x_wconf 84' lang='lat' dir='ltr'>mali</span> <span class='ocrx_word' id='word_1_281' title='bbox 659 1957 908 2005; x_wconf 81' lang='lat' dir='ltr'>formidant</span> <span class='ocrx_word' id='word_1_282' title='bbox 933 1977 947 2012; x_wconf 78' lang='lat'>3</span> <span class='ocrx_word' id='word_1_283' title='bbox 983 1958 1091 2004; x_wconf 82' lang='lat' dir='ltr'>boni</span> <span class='ocrx_word' id='word_1_284' title='bbox 1123 1961 1184 2009; x_wconf 72' lang='lat' dir='ltr'>ad</span> <span class='ocrx_word' id='word_1_285' title='bbox 1208 1959 1250 2005; x_wconf 87' lang='lat' dir='ltr'>se</span> <span class='ocrx_word' id='word_1_286' title='bbox 1275 1960 1391 2006; x_wconf 82' lang='lat' dir='ltr'>nihil</span> <span class='ocrx_word' id='word_1_287' title='bbox 1414 1959 1604 2005; x_wconf 82' lang='lat' dir='ltr'>attinere</span> <span class='ocrx_word' id='word_1_288' title='bbox 1629 1972 1808 2020; x_wconf 78' lang='lat' dir='ltr'>putant.</span> <span class='ocrx_word' id='word_1_289' title='bbox 1870 1964 1941 2005; x_wconf 79' lang='lat' dir='ltr'>lta</span> 
     </span>
     <span class='ocr_line' id='line_1_30' title="bbox 162 2020 1941 2087; baseline -0.002 -15"><span class='ocrx_word' id='word_1_290' title='bbox 162 2042 248 2072; x_wconf 83' lang='lat' dir='ltr'>nec</span> <span class='ocrx_word' id='word_1_291' title='bbox 271 2027 423 2087; x_wconf 82' lang='lat' dir='ltr'>Reges</span> <span class='ocrx_word' id='word_1_292' title='bbox 448 2024 559 2074; x_wconf 74' lang='lat' dir='ltr'>boni</span> <span class='ocrx_word' id='word_1_293' title='bbox 580 2025 705 2086; x_wconf 90' lang='lat' dir='ltr'>quod</span> <span class='ocrx_word' id='word_1_294' title='bbox 722 2023 1031 2086; x_wconf 67' lang='lat' dir='ltr'>indignentur</span> <span class='ocrx_word' id='word_1_295' title='bbox 1053 2024 1160 2070; x_wconf 91' lang='lat' dir='ltr'>huic</span> <span class='ocrx_word' id='word_1_296' title='bbox 1184 2025 1278 2087; x_wconf 85' lang='lat' dir='ltr'>legi</span> <span class='ocrx_word' id='word_1_297' title='bbox 1301 2020 1473 2070; x_wconf 75' lang='lat' dir='ltr'>habent¹</span> <span class='ocrx_word' id='word_1_298' title='bbox 1515 2042 1527 2078; x_wconf 94' lang='lat'>;</span> <span class='ocrx_word' id='word_1_299' title='bbox 1563 2029 1601 2068; x_wconf 73' lang='grc' dir='ltr'>δε</span> <span class='ocrx_word' id='word_1_300' title='bbox 1627 2024 1737 2069; x_wconf 65' lang='lat' dir='ltr'>mali</span> <span class='ocrx_word' id='word_1_301' title='bbox 1763 2027 1788 2069; x_wconf 70' lang='lat' dir='ltr'>fi</span> <span class='ocrx_word' id='word_1_302' title='bbox 1818 2025 1941 2086; x_wconf 74' lang='lat' dir='ltr'>sape-</span> 
     </span>
     <span class='ocr_line' id='line_1_31' title="bbox 164 2087 1944 2153; baseline -0.001 -17"><span class='ocrx_word' id='word_1_303' title='bbox 164 2103 284 2143; x_wconf 81' lang='lat' dir='ltr'>rent,</span> <span class='ocrx_word' id='word_1_304' title='bbox 310 2088 554 2153; x_wconf 82' lang='lat' dir='ltr'>legissatori</span> <span class='ocrx_word' id='word_1_305' title='bbox 577 2087 771 2150; x_wconf 79' lang='lat' dir='ltr'>gratiam</span> <span class='ocrx_word' id='word_1_306' title='bbox 795 2089 1031 2142; x_wconf 82' lang='lat' dir='ltr'>haberent,</span> <span class='ocrx_word' id='word_1_307' title='bbox 1056 2089 1155 2150; x_wconf 82' lang='lat' dir='ltr'>qui,</span> <span class='ocrx_word' id='word_1_308' title='bbox 1181 2089 1308 2152; x_wconf 78' lang='lat' dir='ltr'>quod</span> <span class='ocrx_word' id='word_1_309' title='bbox 1331 2087 1435 2151; x_wconf 77' lang='lat' dir='ltr'>ipsis</span> <span class='ocrx_word' id='word_1_310' title='bbox 1458 2087 1620 2133; x_wconf 83' lang='lat' dir='ltr'>inutile</span> <span class='ocrx_word' id='word_1_311' title='bbox 1643 2087 1848 2138; x_wconf 81' lang='lat' dir='ltr'>futurum</span> <span class='ocrx_word' id='word_1_312' title='bbox 1870 2090 1944 2135; x_wconf 86' lang='lat' dir='ltr'>in·</span> 
     </span>
     <span class='ocr_line' id='line_1_32' title="bbox 168 2151 1945 2218; baseline -0.003 -18"><span class='ocrx_word' id='word_1_313' title='bbox 168 2154 428 2217; x_wconf 79' lang='lat' dir='ltr'>telligebat,</span> <span class='ocrx_word' id='word_1_314' title='bbox 448 2153 497 2199; x_wconf 88' lang='lat' dir='ltr'>id</span> <span class='ocrx_word' id='word_1_315' title='bbox 519 2169 575 2199; x_wconf 89' lang='lat' dir='ltr'>ne</span> <span class='ocrx_word' id='word_1_316' title='bbox 588 2152 652 2198; x_wconf 85' lang='lat' dir='ltr'>eis</span> <span class='ocrx_word' id='word_1_317' title='bbox 680 2153 856 2207; x_wconf 80' lang='lat' dir='ltr'>liceret,</span> <span class='ocrx_word' id='word_1_318' title='bbox 881 2151 1046 2198; x_wconf 81' lang='lat' dir='ltr'>statuit.</span> <span class='ocrx_word' id='word_1_319' title='bbox 1104 2155 1245 2218; x_wconf 83' lang='lat' dir='ltr'>Qod</span> <span class='ocrx_word' id='word_1_320' title='bbox 1265 2154 1467 2215; x_wconf 64' lang='lat' dir='ltr'>prol&#39;eelO</span> <span class='ocrx_word' id='word_1_321' title='bbox 1489 2152 1675 2206; x_wconf 72' lang='lat' dir='ltr'>facient,</span> <span class='ocrx_word' id='word_1_322' title='bbox 1700 2154 1729 2199; x_wconf 83' lang='lat' dir='ltr'><strong>fi</strong></span> <span class='ocrx_word' id='word_1_323' title='bbox 1750 2156 1806 2199; x_wconf 87' lang='lat' dir='ltr'>ad</span> <span class='ocrx_word' id='word_1_324' title='bbox 1829 2153 1945 2199; x_wconf 72' lang='lat' dir='ltr'>sani-r</span> 
     </span>
     <span class='ocr_line' id='line_1_33' title="bbox 164 2215 1944 2281; baseline -0.001 -16"><span class='ocrx_word' id='word_1_325' title='bbox 164 2231 304 2268; x_wconf 74' lang='lat' dir='ltr'>tatem</span> <span class='ocrx_word' id='word_1_326' title='bbox 330 2217 580 2281; x_wconf 80' lang='lat' dir='ltr'>aliquando</span> <span class='ocrx_word' id='word_1_327' title='bbox 602 2216 846 2266; x_wconf 73' lang='lat' dir='ltr'>redibuntt</span> <span class='ocrx_word' id='word_1_328' title='bbox 880 2234 972 2263; x_wconf 90' lang='lat' dir='ltr'>non</span> <span class='ocrx_word' id='word_1_329' title='bbox 995 2215 1120 2268; x_wconf 77' lang='lat' dir='ltr'>secus</span> <span class='ocrx_word' id='word_1_330' title='bbox 1144 2234 1196 2264; x_wconf 85' lang='lat' dir='ltr'>ac</span> <span class='ocrx_word' id='word_1_331' title='bbox 1220 2216 1382 2264; x_wconf 86' lang='lat' dir='ltr'>morbo</span> <span class='ocrx_word' id='word_1_332' title='bbox 1407 2217 1544 2263; x_wconf 70' lang='lat' dir='ltr'>levati</span> <span class='ocrx_word' id='word_1_333' title='bbox 1570 2216 1752 2264; x_wconf 79' lang='lat' dir='ltr'>&#39;medico</span> <span class='ocrx_word' id='word_1_334' title='bbox 1774 2217 1944 2280; x_wconf 75' lang='lat' dir='ltr'>gratias</span> 
     </span>
     <span class='ocr_line' id='line_1_34' title="bbox 169 2281 1946 2346; baseline -0.001 -16"><span class='ocrx_word' id='word_1_335' title='bbox 169 2297 331 2346; x_wconf 83' lang='lat' dir='ltr'>agunt,</span> <span class='ocrx_word' id='word_1_336' title='bbox 354 2299 494 2344; x_wconf 87' lang='lat' dir='ltr'>quem</span> <span class='ocrx_word' id='word_1_337' title='bbox 516 2282 644 2345; x_wconf 87' lang='lat' dir='ltr'>quod</span> <span class='ocrx_word' id='word_1_338' title='bbox 663 2282 983 2344; x_wconf 83' lang='lat' dir='ltr'>aegrotantium</span> <span class='ocrx_word' id='word_1_339' title='bbox 1007 2282 1336 2346; x_wconf 86' lang='lat' dir='ltr'>cupiditatibus</span> <span class='ocrx_word' id='word_1_340' title='bbox 1355 2299 1447 2328; x_wconf 90' lang='lat' dir='ltr'>non</span> <span class='ocrx_word' id='word_1_341' title='bbox 1470 2281 1810 2345; x_wconf 79' lang='lat' dir='ltr'>obsequeretur,</span> <span class='ocrx_word' id='word_1_342' title='bbox 1835 2283 1946 2328; x_wconf 85' lang='lat' dir='ltr'>ode·</span> 
     </span>
    </p>

    <p class='ocr_par' dir='ltr' id='par_1_4' title="bbox 146 2345 1964 2859">
     <span class='ocr_line' id='line_1_35' title="bbox 146 2345 1946 2409; baseline -0.006 -12"><span class='ocrx_word' id='word_1_343' title='bbox 146 2351 149 2356; x_wconf 76' lang='grc'><strong>’</strong></span> <span class='ocrx_word' id='word_1_344' title='bbox 169 2361 288 2397; x_wconf 69' lang='lat' dir='ltr'>xant.</span> <span class='ocrx_word' id='word_1_345' title='bbox 361 2346 437 2394; x_wconf 69' lang='lat' dir='ltr'>Sin</span> <span class='ocrx_word' id='word_1_346' title='bbox 463 2347 510 2393; x_wconf 87' lang='lat' dir='ltr'>in</span> <span class='ocrx_word' id='word_1_347' title='bbox 535 2345 917 2407; x_wconf 79' lang='lat' dir='ltr'>suaperseverent</span> <span class='ocrx_word' id='word_1_348' title='bbox 938 2347 1088 2409; x_wconf 81' lang='lat' dir='ltr'>Reges</span> <span class='ocrx_word' id='word_1_349' title='bbox 1110 2346 1298 2400; x_wconf 86' lang='lat' dir='ltr'>insania,</span> <span class='ocrx_word' id='word_1_350' title='bbox 1324 2347 1404 2408; x_wconf 78' lang='lat' dir='ltr'>qui</span> <span class='ocrx_word' id='word_1_351' title='bbox 1428 2346 1624 2392; x_wconf 82' lang='lat' dir='ltr'>maxime</span> <span class='ocrx_word' id='word_1_352' title='bbox 1647 2347 1711 2392; x_wconf 79' lang='lat' dir='ltr'>eis</span> <span class='ocrx_word' id='word_1_353' title='bbox 1735 2346 1946 2409; x_wconf 76' lang='lat' dir='ltr'>obsequi..</span> 
     </span>
     <span class='ocr_line' id='line_1_36' title="bbox 167 2410 1948 2473; baseline 0 -16"><span class='ocrx_word' id='word_1_354' title='bbox 167 2425 259 2466; x_wconf 75' lang='lat' dir='ltr'>tur,</span> <span class='ocrx_word' id='word_1_355' title='bbox 287 2411 324 2456; x_wconf 86' lang='lat' dir='ltr'>is</span> <span class='ocrx_word' id='word_1_356' title='bbox 349 2411 546 2460; x_wconf 83' lang='lat' dir='ltr'>maxime</span> <span class='ocrx_word' id='word_1_357' title='bbox 562 2410 840 2471; x_wconf 80' lang='lat' dir='ltr'>judicandus</span> <span class='ocrx_word' id='word_1_358' title='bbox 863 2410 1170 2460; x_wconf 75' lang='lat' dir='ltr'>est&#39;inimicus.</span> <span class='ocrx_word' id='word_1_359' title='bbox 1239 2411 1292 2458; x_wconf 90' lang='lat' dir='ltr'>In</span> <span class='ocrx_word' id='word_1_360' title='bbox 1323 2411 1413 2457; x_wconf 88' lang='lat' dir='ltr'>hoc</span> <span class='ocrx_word' id='word_1_361' title='bbox 1429 2427 1594 2473; x_wconf 83' lang='lat' dir='ltr'>genere</span> <span class='ocrx_word' id='word_1_362' title='bbox 1617 2412 1718 2457; x_wconf 81' lang='lat' dir='ltr'>sunt</span> <span class='ocrx_word' id='word_1_363' title='bbox 1738 2413 1948 2457; x_wconf 53' lang='lat' dir='ltr'>adulato-</span> 
     </span>
     <span class='ocr_line' id='line_1_37' title="bbox 167 2472 1948 2539; baseline 0.001 -18"><span class='ocrx_word' id='word_1_364' title='bbox 167 2472 237 2525; x_wconf 65' lang='lat' dir='ltr'>res</span> <span class='ocrx_word' id='word_1_365' title='bbox 264 2495 278 2531; x_wconf 91' lang='lat'>;</span> <span class='ocrx_word' id='word_1_366' title='bbox 309 2474 520 2539; x_wconf 88' lang='lat' dir='ltr'>quidum</span> <span class='ocrx_word' id='word_1_367' title='bbox 541 2490 701 2521; x_wconf 86' lang='lat' dir='ltr'>eorum</span> <span class='ocrx_word' id='word_1_368' title='bbox 745 2474 857 2521; x_wconf 88' lang='lat' dir='ltr'>vitia</span> <span class='ocrx_word' id='word_1_369' title='bbox 900 2474 1185 2522; x_wconf 81' lang='lat' dir='ltr'>blandiendo</span> <span class='ocrx_word' id='word_1_370' title='bbox 1222 2474 1398 2530; x_wconf 89' lang='lat' dir='ltr'>fovent,</span> <span class='ocrx_word' id='word_1_371' title='bbox 1441 2479 1648 2522; x_wconf 85' lang='lat' dir='ltr'>morbum</span> <span class='ocrx_word' id='word_1_372' title='bbox 1682 2489 1867 2538; x_wconf 79' lang='lat' dir='ltr'>augent,</span> <span class='ocrx_word' id='word_1_373' title='bbox 1895 2492 1948 2523; x_wconf 86' lang='lat' dir='ltr'>ac</span> 
     </span>
     <span class='ocr_line' id='line_1_38' title="bbox 168 2537 1964 2603; baseline 0.001 -17"><span class='ocrx_word' id='word_1_374' title='bbox 168 2541 355 2589; x_wconf 84' lang='lat' dir='ltr'>taudem</span> <span class='ocrx_word' id='word_1_375' title='bbox 388 2557 477 2587; x_wconf 83' lang='lat' dir='ltr'>una</span> <span class='ocrx_word' id='word_1_376' title='bbox 511 2539 605 2590; x_wconf 83' lang='lat' dir='ltr'>fere</span> <span class='ocrx_word' id='word_1_377' title='bbox 628 2555 733 2585; x_wconf 88' lang='lat' dir='ltr'>cum</span> <span class='ocrx_word' id='word_1_378' title='bbox 775 2537 984 2601; x_wconf 82' lang='lat' dir='ltr'>Regibus</span> <span class='ocrx_word' id='word_1_379' title='bbox 1012 2539 1272 2602; x_wconf 70' lang='lat' dir='ltr'>‘&#39;praecipites</span> <span class='ocrx_word' id='word_1_380' title='bbox 1296 2552 1450 2586; x_wconf 83' lang='lat' dir='ltr'>ruunt.</span> <span class='ocrx_word' id='word_1_381' title='bbox 1521 2547 1586 2587; x_wconf 58' lang='grc' dir='ltr'>Λ-ἐ.</span> <span class='ocrx_word' id='word_1_382' title='bbox 1618 2540 1803 2603; x_wconf 85' lang='lat' dir='ltr'>Negare</span> <span class='ocrx_word' id='word_1_383' title='bbox 1826 2551 1964 2587; x_wconf 72' lang='lat' dir='ltr'>certe‘</span> 
     </span>
     <span class='ocr_line' id='line_1_39' title="bbox 170 2602 1950 2668; baseline 0.001 -18"><span class='ocrx_word' id='word_1_384' title='bbox 170 2620 264 2657; x_wconf 77' lang='lat' dir='ltr'>non</span> <span class='ocrx_word' id='word_1_385' title='bbox 283 2605 472 2666; x_wconf 76' lang='lat' dir='ltr'>possum,</span> <span class='ocrx_word' id='word_1_386' title='bbox 491 2603 606 2666; x_wconf 85' lang='lat' dir='ltr'>quin</span> <span class='ocrx_word' id='word_1_387' title='bbox 627 2603 736 2654; x_wconf 85' lang='lat' dir='ltr'>tales</span> <span class='ocrx_word' id='word_1_388' title='bbox 751 2602 987 2664; x_wconf 85' lang='lat' dir='ltr'>Principes</span> <span class='ocrx_word' id='word_1_389' title='bbox 1000 2604 1158 2668; x_wconf 86' lang='lat' dir='ltr'>legum</span> <span class='ocrx_word' id='word_1_390' title='bbox 1175 2604 1368 2652; x_wconf 83' lang='lat' dir='ltr'>vinculis</span> <span class='ocrx_word' id='word_1_391' title='bbox 1387 2602 1557 2654; x_wconf 82' lang='lat' dir='ltr'>fuerint</span> <span class='ocrx_word' id='word_1_392' title='bbox 1575 2606 1713 2651; x_wconf 78' lang='lat' dir='ltr'>&amp;lint</span> <span class='ocrx_word' id='word_1_393' title='bbox 1731 2605 1950 2651; x_wconf 82' lang='lat' dir='ltr'>constrin-</span> 
     </span>
     <span class='ocr_line' id='line_1_40' title="bbox 172 2667 1949 2732; baseline -0.001 -17"><span class='ocrx_word' id='word_1_394' title='bbox 172 2669 332 2731; x_wconf 83' lang='lat' dir='ltr'>gendi.</span> <span class='ocrx_word' id='word_1_395' title='bbox 399 2669 599 2719; x_wconf 86' lang='lat' dir='ltr'>Nullum</span> <span class='ocrx_word' id='word_1_396' title='bbox 622 2669 744 2714; x_wconf 87' lang='lat' dir='ltr'>enirn</span> <span class='ocrx_word' id='word_1_397' title='bbox 785 2669 1032 2715; x_wconf 82' lang='lat' dir='ltr'>monstrum</span> <span class='ocrx_word' id='word_1_398' title='bbox 1067 2671 1127 2716; x_wconf 91' lang='lat' dir='ltr'>est</span> <span class='ocrx_word' id='word_1_399' title='bbox 1156 2668 1405 2716; x_wconf 85' lang='lat' dir='ltr'>violentius</span> <span class='ocrx_word' id='word_1_400' title='bbox 1429 2675 1468 2715; x_wconf 77' lang='grc' dir='ltr'>δε</span> <span class='ocrx_word' id='word_1_401' title='bbox 1505 2671 1648 2732; x_wconf 77' lang='lat' dir='ltr'>magis</span> <span class='ocrx_word' id='word_1_402' title='bbox 1690 2667 1949 2731; x_wconf 81' lang='lat' dir='ltr'>pestiferum</span> 
     </span>
     <span class='ocr_line' id='line_1_41' title="bbox 172 2730 1952 2796; baseline 0 -17"><span class='ocrx_word' id='word_1_403' title='bbox 172 2735 380 2790; x_wconf 68' lang='lat' dir='ltr'>homine,</span> <span class='ocrx_word' id='word_1_404' title='bbox 407 2733 485 2780; x_wconf 88' lang='lat' dir='ltr'>ubi</span> <span class='ocrx_word' id='word_1_405' title='bbox 511 2737 582 2794; x_wconf 88' lang='lat' dir='ltr'>(ut</span> <span class='ocrx_word' id='word_1_406' title='bbox 603 2730 650 2779; x_wconf 86' lang='lat' dir='ltr'>in</span> <span class='ocrx_word' id='word_1_407' title='bbox 673 2734 914 2795; x_wconf 66' lang='lat' dir='ltr'>poetarum</span> <span class='ocrx_word' id='word_1_408' title='bbox 947 2733 1114 2780; x_wconf 86' lang='lat' dir='ltr'>fabulis</span> <span class='ocrx_word' id='word_1_409' title='bbox 1145 2734 1225 2793; x_wconf 84' lang='lat' dir='ltr'>est)</span> <span class='ocrx_word' id='word_1_410' title='bbox 1249 2732 1386 2783; x_wconf 78' lang='lat' dir='ltr'>semel</span> <span class='ocrx_word' id='word_1_411' title='bbox 1406 2733 1452 2780; x_wconf 90' lang='lat' dir='ltr'>in</span> <span class='ocrx_word' id='word_1_412' title='bbox 1478 2733 1678 2780; x_wconf 81' lang='lat' dir='ltr'>belluam</span> <span class='ocrx_word' id='word_1_413' title='bbox 1701 2735 1952 2796; x_wconf 83' lang='lat' dir='ltr'>degenera-</span> 
     </span>
     <span class='ocr_line' id='line_1_42' title="bbox 172 2812 1856 2859; baseline -0.001 -15"><span class='ocrx_word' id='word_1_414' title='bbox 172 2812 306 2845; x_wconf 76' lang='lat' dir='ltr'>verit.</span> <span class='ocrx_word' id='word_1_415' title='bbox 1849 2855 1856 2859; x_wconf 24' lang='grc' dir='ltr'><strong><em>Ρ</em></strong></span> 
     </span>
    </p>

    <p class='ocr_par' dir='ltr' id='par_1_5' title="bbox 142 2859 1959 3644">
     <span class='ocr_line' id='line_1_43' title="bbox 237 2859 1952 2925; baseline 0.001 -17"><span class='ocrx_word' id='word_1_416' title='bbox 237 2862 467 2920; x_wconf 75' lang='lat' dir='ltr'><strong>LXXVI.</strong></span> <span class='ocrx_word' id='word_1_417' title='bbox 503 2865 559 2909; x_wconf 83' lang='lat' dir='ltr'>B.</span> <span class='ocrx_word' id='word_1_418' title='bbox 586 2862 696 2909; x_wconf 90' lang='lat' dir='ltr'>Hoc</span> <span class='ocrx_word' id='word_1_419' title='bbox 736 2874 784 2908; x_wconf 91' lang='lat' dir='ltr'>tu</span> <span class='ocrx_word' id='word_1_420' title='bbox 809 2862 958 2909; x_wconf 85' lang='lat' dir='ltr'>multo</span> <span class='ocrx_word' id='word_1_421' title='bbox 993 2861 1139 2925; x_wconf 86' lang='lat' dir='ltr'>magis</span> <span class='ocrx_word' id='word_1_422' title='bbox 1162 2860 1305 2915; x_wconf 54' lang='lat' dir='ltr'>dicae,</span> <span class='ocrx_word' id='word_1_423' title='bbox 1331 2863 1358 2908; x_wconf 80' lang='lat' dir='ltr'>si</span> <span class='ocrx_word' id='word_1_424' title='bbox 1397 2859 1772 2915; x_wconf 76' lang='lat' dir='ltr'>animadverteris</span> <span class='ocrx_word' id='word_1_425' title='bbox 1811 2863 1952 2922; x_wconf 69' lang='lat' dir='ltr'>quam</span> 
     </span>
     <span class='ocr_line' id='line_1_44' title="bbox 177 2924 1949 2989; baseline 0 -15"><span class='ocrx_word' id='word_1_426' title='bbox 177 2927 424 2988; x_wconf 83' lang='lat' dir='ltr'>multiplex</span> <span class='ocrx_word' id='word_1_427' title='bbox 457 2924 627 2977; x_wconf 84' lang='lat' dir='ltr'>animal</span> <span class='ocrx_word' id='word_1_428' title='bbox 666 2926 719 2972; x_wconf 78' lang='lat' dir='ltr'>fit</span> <span class='ocrx_word' id='word_1_429' title='bbox 756 2927 917 2982; x_wconf 88' lang='lat' dir='ltr'>homo,</span> <span class='ocrx_word' id='word_1_430' title='bbox 959 2931 1009 2977; x_wconf 75' lang='grc' dir='ltr'>δε</span> <span class='ocrx_word' id='word_1_431' title='bbox 1031 2927 1172 2989; x_wconf 74' lang='lat' dir='ltr'>quam</span> <span class='ocrx_word' id='word_1_432' title='bbox 1197 2927 1379 2975; x_wconf 70' lang='lat' dir='ltr'>e&#39;variis</span> <span class='ocrx_word' id='word_1_433' title='bbox 1403 2927 1610 2973; x_wconf 85' lang='lat' dir='ltr'>monstris</span> <span class='ocrx_word' id='word_1_434' title='bbox 1631 2927 1949 2988; x_wconf 61' lang='lat' dir='ltr'>compositum.</span> 
     </span>
     <span class='ocr_line' id='line_1_45' title="bbox 177 2988 1953 3054; baseline 0.001 -18"><span class='ocrx_word' id='word_1_435' title='bbox 177 2988 339 3052; x_wconf 74' lang='lat' dir='ltr'>Qam&#39;</span> <span class='ocrx_word' id='word_1_436' title='bbox 354 3007 451 3036; x_wconf 89' lang='lat' dir='ltr'>rem</span> <span class='ocrx_word' id='word_1_437' title='bbox 475 3002 648 3036; x_wconf 90' lang='lat' dir='ltr'>veteres</span> <span class='ocrx_word' id='word_1_438' title='bbox 670 2993 820 3052; x_wconf 80' lang='lat' dir='ltr'>poe&#39;tae</span> <span class='ocrx_word' id='word_1_439' title='bbox 844 2997 884 3038; x_wconf 72' lang='grc' dir='ltr'>ὅτ</span> <span class='ocrx_word' id='word_1_440' title='bbox 907 2991 1040 3037; x_wconf 75' lang='lat' dir='ltr'>acute</span> <span class='ocrx_word' id='word_1_441' title='bbox 1064 2991 1377 3053; x_wconf 87' lang='lat' dir='ltr'>perviderunt,</span> <span class='ocrx_word' id='word_1_442' title='bbox 1404 2995 1453 3040; x_wconf 74' lang='grc' dir='ltr'>δε</span> <span class='ocrx_word' id='word_1_443' title='bbox 1476 2991 1709 3054; x_wconf 88' lang='lat' dir='ltr'>eleganter</span> <span class='ocrx_word' id='word_1_444' title='bbox 1731 2994 1953 3052; x_wconf 56' lang='lat' dir='ltr'>expresse-</span> 
     </span>
     <span class='ocr_line' id='line_1_46' title="bbox 176 3054 1955 3118; baseline -0.001 -15"><span class='ocrx_word' id='word_1_445' title='bbox 176 3067 300 3108; x_wconf 78' lang='lat' dir='ltr'>runt,</span> <span class='ocrx_word' id='word_1_446' title='bbox 324 3055 427 3102; x_wconf 73' lang='lat' dir='ltr'>cum</span> <span class='ocrx_word' id='word_1_447' title='bbox 453 3054 726 3106; x_wconf 82' lang='lat' dir='ltr'>Promethea</span> <span class='ocrx_word' id='word_1_448' title='bbox 749 3056 934 3102; x_wconf 86' lang='lat' dir='ltr'>tradunt</span> <span class='ocrx_word' id='word_1_449' title='bbox 955 3055 1003 3102; x_wconf 88' lang='lat' dir='ltr'>in</span> <span class='ocrx_word' id='word_1_450' title='bbox 1021 3054 1208 3102; x_wconf 88' lang='lat' dir='ltr'>homine</span> <span class='ocrx_word' id='word_1_451' title='bbox 1232 3055 1448 3118; x_wconf 84' lang='lat' dir='ltr'>fingendo</span> <span class='ocrx_word' id='word_1_452' title='bbox 1470 3055 1496 3101; x_wconf 78' lang='lat' dir='ltr'>e</span> <span class='ocrx_word' id='word_1_453' title='bbox 1522 3056 1706 3118; x_wconf 73' lang='lat' dir='ltr'>singulis</span> <span class='ocrx_word' id='word_1_454' title='bbox 1744 3057 1955 3103; x_wconf 81' lang='lat' dir='ltr'>animan-</span> 
     </span>
     <span class='ocr_line' id='line_1_47' title="bbox 177 3118 1954 3183; baseline 0.001 -19"><span class='ocrx_word' id='word_1_455' title='bbox 177 3118 302 3179; x_wconf 58' lang='lat' dir='ltr'>tibug</span> <span class='ocrx_word' id='word_1_456' title='bbox 323 3118 524 3182; x_wconf 87' lang='lat' dir='ltr'>aliquam</span> <span class='ocrx_word' id='word_1_457' title='bbox 550 3120 819 3181; x_wconf 80' lang='lat' dir='ltr'>particulam</span> <span class='ocrx_word' id='word_1_458' title='bbox 842 3120 889 3165; x_wconf 90' lang='lat' dir='ltr'>in</span> <span class='ocrx_word' id='word_1_459' title='bbox 911 3136 1018 3166; x_wconf 84' lang='lat' dir='ltr'>eum</span> <span class='ocrx_word' id='word_1_460' title='bbox 1047 3119 1300 3168; x_wconf 80' lang='lat' dir='ltr'>eontulisse.</span> <span class='ocrx_word' id='word_1_461' title='bbox 1369 3119 1594 3171; x_wconf 85' lang='lat' dir='ltr'>Omnium</span> <span class='ocrx_word' id='word_1_462' title='bbox 1631 3120 1859 3183; x_wconf 70' lang='lat' dir='ltr'>tigillatim</span> <span class='ocrx_word' id='word_1_463' title='bbox 1883 3139 1954 3168; x_wconf 88' lang='lat' dir='ltr'>re-</span> 
     </span>
     <span class='ocr_line' id='line_1_48' title="bbox 181 3182 1954 3236; baseline 0.002 -8"><span class='ocrx_word' id='word_1_464' title='bbox 181 3182 299 3229; x_wconf 86' lang='lat' dir='ltr'>ferre</span> <span class='ocrx_word' id='word_1_465' title='bbox 321 3190 500 3229; x_wconf 81' lang='lat' dir='ltr'>naturas</span> <span class='ocrx_word' id='word_1_466' title='bbox 522 3182 752 3232; x_wconf 87' lang='lat' dir='ltr'>infinitum</span> <span class='ocrx_word' id='word_1_467' title='bbox 778 3184 883 3236; x_wconf 83' lang='lat' dir='ltr'>effet</span> <span class='ocrx_word' id='word_1_468' title='bbox 908 3202 918 3231; x_wconf 93' lang='lat'><strong>:</strong></span> <span class='ocrx_word' id='word_1_469' title='bbox 953 3184 1072 3235; x_wconf 77' lang='lat' dir='ltr'>certe</span> <span class='ocrx_word' id='word_1_470' title='bbox 1091 3185 1182 3229; x_wconf 89' lang='lat' dir='ltr'>duo</span> <span class='ocrx_word' id='word_1_471' title='bbox 1223 3183 1416 3229; x_wconf 86' lang='lat' dir='ltr'>monstra</span> <span class='ocrx_word' id='word_1_472' title='bbox 1457 3184 1747 3230; x_wconf 79' lang='lat' dir='ltr'>teterrimain</span> <span class='ocrx_word' id='word_1_473' title='bbox 1767 3185 1954 3232; x_wconf 86' lang='lat' dir='ltr'>homine</span> 
     </span>
     <span class='ocr_line' id='line_1_49' title="bbox 179 3245 1959 3311; baseline 0.002 -20"><span class='ocrx_word' id='word_1_474' title='bbox 179 3245 415 3308; x_wconf 69' lang='lat' dir='ltr'>perspicue</span> <span class='ocrx_word' id='word_1_475' title='bbox 435 3259 673 3310; x_wconf 84' lang='lat' dir='ltr'>apparent,</span> <span class='ocrx_word' id='word_1_476' title='bbox 695 3248 766 3294; x_wconf 82' lang='lat' dir='ltr'>ira</span> <span class='ocrx_word' id='word_1_477' title='bbox 787 3253 828 3294; x_wconf 84' lang='lat'>&amp;</span> <span class='ocrx_word' id='word_1_478' title='bbox 854 3248 1015 3295; x_wconf 85' lang='lat' dir='ltr'>libido.</span> <span class='ocrx_word' id='word_1_479' title='bbox 1084 3252 1149 3294; x_wconf 82' lang='lat' dir='ltr'>At</span> <span class='ocrx_word' id='word_1_480' title='bbox 1174 3249 1296 3310; x_wconf 82' lang='lat' dir='ltr'>leges</span> <span class='ocrx_word' id='word_1_481' title='bbox 1324 3248 1437 3308; x_wconf 84' lang='lat' dir='ltr'>quid</span> <span class='ocrx_word' id='word_1_482' title='bbox 1460 3247 1584 3294; x_wconf 87' lang='lat' dir='ltr'>aliud</span> <span class='ocrx_word' id='word_1_483' title='bbox 1609 3264 1752 3311; x_wconf 85' lang='lat' dir='ltr'>agunt</span> <span class='ocrx_word' id='word_1_484' title='bbox 1774 3263 1850 3296; x_wconf 79' lang='lat' dir='ltr'>aut</span> <span class='ocrx_word' id='word_1_485' title='bbox 1874 3266 1959 3295; x_wconf 83' lang='lat' dir='ltr'>ex·-</span> 
     </span>
     <span class='ocr_line' id='line_1_50' title="bbox 179 3311 1954 3374; baseline 0.003 -18"><span class='ocrx_word' id='word_1_486' title='bbox 179 3311 520 3373; x_wconf 55' lang='lat' dir='ltr'>pettrnt2quam</span> <span class='ocrx_word' id='word_1_487' title='bbox 546 3323 596 3358; x_wconf 90' lang='lat' dir='ltr'>ut</span> <span class='ocrx_word' id='word_1_488' title='bbox 616 3312 715 3368; x_wconf 74' lang='lat' dir='ltr'>haec</span> <span class='ocrx_word' id='word_1_489' title='bbox 737 3313 932 3360; x_wconf 84' lang='lat' dir='ltr'>monstra</span> <span class='ocrx_word' id='word_1_490' title='bbox 946 3325 1132 3374; x_wconf 87' lang='lat' dir='ltr'>pareant</span> <span class='ocrx_word' id='word_1_491' title='bbox 1154 3312 1318 3356; x_wconf 84' lang='lat' dir='ltr'>rationi</span> <span class='ocrx_word' id='word_1_492' title='bbox 1338 3317 1354 3357; x_wconf 71' lang='grc' dir='ltr'><strong><em>ἓ</em></strong></span> <span class='ocrx_word' id='word_1_493' title='bbox 1383 3311 1522 3372; x_wconf 72' lang='lat' dir='ltr'>utque</span> <span class='ocrx_word' id='word_1_494' title='bbox 1543 3313 1705 3358; x_wconf 84' lang='lat' dir='ltr'>rationi</span> <span class='ocrx_word' id='word_1_495' title='bbox 1729 3314 1836 3359; x_wconf 80' lang='lat' dir='ltr'>dum</span> <span class='ocrx_word' id='word_1_496' title='bbox 1860 3331 1954 3362; x_wconf 85' lang='lat' dir='ltr'>non</span> 
     </span>
     <span class='ocr_line' id='line_1_51' title="bbox 182 3368 1953 3440; baseline 0.002 -20"><span class='ocrx_word' id='word_1_497' title='bbox 182 3378 520 3437; x_wconf 80' lang='lat' dir='ltr'>obtemperant,</span> <span class='ocrx_word' id='word_1_498' title='bbox 544 3392 598 3424; x_wconf 89' lang='lat' dir='ltr'>ea</span> <span class='ocrx_word' id='word_1_499' title='bbox 619 3377 799 3422; x_wconf 80' lang='lat' dir='ltr'>suarum</span> <span class='ocrx_word' id='word_1_500' title='bbox 816 3368 1060 3436; x_wconf 66' lang='lat' dir='ltr'>jussionum</span> <span class='ocrx_word' id='word_1_501' title='bbox 1077 3375 1269 3421; x_wconf 85' lang='lat' dir='ltr'>vinculis</span> <span class='ocrx_word' id='word_1_502' title='bbox 1292 3378 1531 3422; x_wconf 66' lang='lat' dir='ltr'>coerceant</span> <span class='ocrx_word' id='word_1_503' title='bbox 1552 3395 1561 3422; x_wconf 94' lang='lat'><strong>:</strong></span> <span class='ocrx_word' id='word_1_504' title='bbox 1599 3379 1692 3438; x_wconf 78' lang='lat' dir='ltr'>Qi</span> <span class='ocrx_word' id='word_1_505' title='bbox 1713 3378 1843 3428; x_wconf 62' lang='lat' dir='ltr'>solvit</span> <span class='ocrx_word' id='word_1_506' title='bbox 1866 3379 1953 3440; x_wconf 77' lang='lat' dir='ltr'>igi-</span> 
     </span>
     <span class='ocr_line' id='line_1_52' title="bbox 186 3438 1955 3502; baseline 0.003 -19"><span class='ocrx_word' id='word_1_507' title='bbox 186 3452 259 3494; x_wconf 75' lang='lat' dir='ltr'>tur</span> <span class='ocrx_word' id='word_1_508' title='bbox 288 3438 481 3485; x_wconf 87' lang='lat' dir='ltr'>vinculis</span> <span class='ocrx_word' id='word_1_509' title='bbox 496 3441 583 3486; x_wconf 81' lang='lat' dir='ltr'>sive</span> <span class='ocrx_word' id='word_1_510' title='bbox 606 3442 784 3502; x_wconf 82' lang='lat' dir='ltr'>Regem</span> <span class='ocrx_word' id='word_1_511' title='bbox 826 3440 899 3485; x_wconf 84' lang='lat' dir='ltr'>seu</span> <span class='ocrx_word' id='word_1_512' title='bbox 924 3438 1135 3500; x_wconf 87' lang='lat' dir='ltr'>quemvis</span> <span class='ocrx_word' id='word_1_513' title='bbox 1157 3439 1317 3492; x_wconf 88' lang='lat' dir='ltr'>aliurn,</span> <span class='ocrx_word' id='word_1_514' title='bbox 1344 3455 1434 3485; x_wconf 91' lang='lat' dir='ltr'>non</span> <span class='ocrx_word' id='word_1_515' title='bbox 1456 3457 1600 3491; x_wconf 70' lang='lat' dir='ltr'>unum,</span> <span class='ocrx_word' id='word_1_516' title='bbox 1618 3442 1696 3491; x_wconf 74' lang='lat' dir='ltr'>ille</span> <span class='ocrx_word' id='word_1_517' title='bbox 1719 3442 1955 3488; x_wconf 66' lang='lat' dir='ltr'>hominem</span> 
     </span>
     <span class='ocr_line' id='line_1_53' title="bbox 182 3502 1952 3566; baseline 0.002 -19"><span class='ocrx_word' id='word_1_518' title='bbox 182 3502 420 3565; x_wconf 21' lang='lat' dir='ltr'>solvit,rse⁴d</span> <span class='ocrx_word' id='word_1_519' title='bbox 442 3503 535 3550; x_wconf 90' lang='lat' dir='ltr'>duo</span> <span class='ocrx_word' id='word_1_520' title='bbox 557 3506 750 3552; x_wconf 79' lang='lat' dir='ltr'>monstra</span> <span class='ocrx_word' id='word_1_521' title='bbox 771 3503 912 3566; x_wconf 74' lang='lat' dir='ltr'>longe</span> <span class='ocrx_word' id='word_1_522' title='bbox 933 3503 1234 3553; x_wconf 80' lang='lat' dir='ltr'>crudelissima</span> <span class='ocrx_word' id='word_1_523' title='bbox 1245 3503 1453 3548; x_wconf 77' lang='lat' dir='ltr'>adversus</span> <span class='ocrx_word' id='word_1_524' title='bbox 1475 3505 1699 3552; x_wconf 85' lang='lat' dir='ltr'>rationem</span> <span class='ocrx_word' id='word_1_525' title='bbox 1726 3506 1952 3559; x_wconf 79' lang='lat' dir='ltr'>immittit,</span> 
     </span>
     <span class='ocr_line' id='line_1_54' title="bbox 142 3566 1954 3644; baseline 0.001 -30"><span class='ocrx_word' id='word_1_526' title='bbox 142 3605 143 3608; x_wconf 16' lang='grc' dir='ltr'>η</span> <span class='ocrx_word' id='word_1_527' title='bbox 181 3572 223 3614; x_wconf 75' lang='grc' dir='ltr'>δε</span> <span class='ocrx_word' id='word_1_528' title='bbox 245 3567 302 3614; x_wconf 89' lang='lat' dir='ltr'>ad</span> <span class='ocrx_word' id='word_1_529' title='bbox 317 3569 483 3632; x_wconf 76' lang='lat' dir='ltr'>legum</span> <span class='ocrx_word' id='word_1_530' title='bbox 500 3569 690 3619; x_wconf 85' lang='lat' dir='ltr'>claustra</span> <span class='ocrx_word' id='word_1_531' title='bbox 708 3566 1036 3633; x_wconf 82' lang='lat' dir='ltr'>perfringenda</span> <span class='ocrx_word' id='word_1_532' title='bbox 1048 3579 1193 3619; x_wconf 73' lang='lat' dir='ltr'>armat</span> <span class='ocrx_word' id='word_1_533' title='bbox 1216 3586 1229 3616; x_wconf 74' lang='grc' dir='ltr'><strong><em>ε</em></strong></span> <span class='ocrx_word' id='word_1_534' title='bbox 1266 3581 1314 3630; x_wconf 80' lang='lat' dir='ltr'>ut</span> <span class='ocrx_word' id='word_1_535' title='bbox 1335 3568 1456 3617; x_wconf 66' lang='lat' dir='ltr'>reete</span> <span class='ocrx_word' id='word_1_536' title='bbox 1478 3584 1529 3616; x_wconf 79' lang='lat' dir='ltr'>ac</span> <span class='ocrx_word' id='word_1_537' title='bbox 1551 3571 1657 3619; x_wconf 65' lang='lat' dir='ltr'>vere</span> <span class='ocrx_word' id='word_1_538' title='bbox 1681 3570 1795 3644; x_wconf 52' lang='lat' dir='ltr'>¹¹²in</span> <span class='ocrx_word' id='word_1_539' title='bbox 1816 3569 1954 3616; x_wconf 79' lang='lat' dir='ltr'>dixis·</span> 
     </span>
    </p>
   </div>
   <div class='ocr_carea' id='block_1_3' title="bbox 1913 3634 1955 3682">
    <p class='ocr_par' dir='ltr' id='par_1_6' title="bbox 1913 3634 1955 3682">
     <span class='ocr_line' id='line_1_55' title="bbox 1913 3634 1955 3682; baseline 0.048 -2"><span class='ocrx_word' id='word_1_540' title='bbox 1913 3634 1955 3682; x_wconf 85' lang='lat' dir='ltr'>se</span> 
     </span>
    </p>
   </div>
  </div>
 </body>
</html>
