2055 3828
227 134 358 204 208
531 139 888 207 RERUM
981 136 1664 213 Sco‘rrcARvM

277 234 514 287 XXVIII.
530 240 629 286 Post
640 240 677 298 ej
685 254 733 282 us
751 235 982 284 discessum
997 235 1240 284 Cuminius
1258 238 1347 285 five
1363 239 1634 303 poenitentia
1649 239 1810 304 prioris
1829 225 1978 293 edusi-

220 300 292 359 lii,
306 301 394 352 sive
409 305 537 366 quod
554 302 710 347 fraude
728 299 887 348 tollere
904 300 961 346 de
979 300 1132 348 medio
1145 301 1361 350 Bruflium
1376 304 1590 350 aemulum
1610 305 1977 373 statuiffet,atque

222 366 310 418 hac
335 366 411 415 via
432 367 683 414 faciliorem
708 364 788 412 fibi
809 365 867 413 ad
887 381 1081 428 regnum
1103 365 1278 413 aditum
1314 383 1488 430 parare,
1507 367 1677 415 secreta
1697 372 1884 420 consilia
1905 372 1978 420 di·-
2054 415 2055 431 ,

219 430 341 480 citur
359 430 572 478 Eduardo
600 428 842 492 prodidisse
867 448 879 477 ε
915 442 1052 492 atque
1085 430 1142 476 ad
1165 430 1298 477 fidem
1322 431 1578 479 faciendam
1605 433 1676 494 (1)
1696 448 1974 485 conventum

218 496 278 543 ab
298 507 490 555 utroque
512 495 735 556 signatum
757 494 816 541 ad
837 511 941 542 eum
964 494 1138 542 misisse.
1207 494 1374 543 Brussio
1391 495 1488 542 dies
1510 496 1677 543 dicitur
1695 510 1747 544 ut
1764 500 1977 562 perduel-
2054 496 2055 546 ἷ

218 559 353 607 lionis
376 573 467 604 reo.
535 557 634 618 Ipse
668 558 725 603 ab
747 558 850 605 aula
869 558 1037 606 vetitus
1070 557 1314 606 discedere.
1383 558 1594 622 Appositi
1614 560 1751 608 etiam
1773 565 1977 612 custodes

148 686 151 687 ⁷
216 622 402 675 occulti,
423 637 475 668 ac
491 620 590 683 jusii
613 619 736 667 dieta
757 622 964 687 fac’taque
985 624 1081 684 ejus
1097 622 1336 685 speculari.
1389 624 1634 672 Cunflatio
1655 626 1797 691 Regis
1818 627 1865 674 in
1889 627 1978 675 cri-

215 683 595 735 mine-manifesto
623 687 680 735 εὸ
702 686 944 750 speEtabat,
970 700 1020 735 ut
1041 699 1146 735 ante
1167 703 1396 734 rumorem
1425 687 1591 751 sumpti
1611 688 1668 735 de
1688 706 1745 736 eo
1765 690 1978 755 supplicii

215 752 371 798 fratres
392 748 487 811 ejus
511 751 837 812 comprehendi
862 753 1049 814 possent.
1113 750 1306 799 Brussius
1324 751 1499 799 interea
1518 769 1598 816 per
1623 753 1854 802 Comitem
1871 756 1975 803 Go-

213 814 367 862 meriae
388 813 563 862 avitum
584 815 782 861 amicum
805 816 971 863 certior
991 816 1049 862 de
1070 815 1308 877 repentino
1329 816 1536 879 periculo
1555 816 1699 864 sac'tus
1725 834 1736 865 :
1780 817 1861 882 qui
1883 835 1977 867 non

213 878 340 926 ausus
375 877 497 942 fugae
518 879 757 929 confilium
785 878 927 926 literis
965 879 1254 926 committere
1275 880 1664 944 Bruffii-exemplo
1698 882 1897 929 monitus
1919 884 1978 931 ad

213 959 319 991 eum
340 942 534 990 calcaria
551 943 774 999 inaurata,
799 942 1099 1006 nummosque
1122 942 1301 1005 aliquot
1322 960 1480 992 aureos
1503 946 1635 1001 misit,
1668 958 1883 1010 tanquam
1906 947 1979 995 su·

246 1008 390 1054 eriore
411 1009 507 1054 haec
529 1008 603 1054 die
626 1021 788 1054 mutuo
826 1008 884 1054 ab
914 1023 970 1054 eo
999 1007 1264 1070 accaepiss‘et.
1331 1007 1578 1063 Robertus,
1615 1023 1663 1056 ut
1693 1011 1738 1056 in
1764 1011 1977 1072 periculis

209 1025 420 1119 {omines
439 1072 540 1120 sunt
556 1071 823 1136 sagaciores,
843 1088 933 1118 non
952 1071 1136 1135 ignarus
1155 1071 1267 1134 quid
1285 1087 1341 1118 eo
1360 1088 1546 1119 munere
1565 1073 1889 1138 significaretur
1910 1076 1978 1121 fa-

213 1137 345 1184 brum
369 1138 426 1184 de
448 1137 580 1184 nocie
601 1137 798 1183 accersit.
866 1136 1033 1191 Trium
1057 1151 1282 1198 equorum
1306 1136 1444 1184 soleas
1467 1137 1679 1192 inversas,
1708 1154 1760 1184 ac
1781 1139 1979 1202 praepos-

213 1213 330 1248 teras
349 1200 478 1265 equis
500 1202 682 1264 affigere
699 1201 848 1261 jubet,
888 1217 945 1247 ne
977 1200 1083 1246 vesti
1123 1199 1165 1245 ia
1186 1201 1314 1247 velut
1335 1201 1601 1248 abeuntium
1625 1219 1704 1264 per
1726 1202 1876 1249 nivem
1902 1203 1975 1251 fu-

210 1281 318 1328 gam
338 1267 598 1328 proderent.
632 1265 731 1328 Ipse
748 1266 906 1311 eadem
926 1266 1057 1312 nocie
1075 1218 1253 1311 ciuobus
1273 1264 1519 1311 comitibus
1543 1266 1772 1328 assumptis
1796 1267 1882 1314 iter
1903 1266 1976 1314 in-

209 1330 435 1398 greditur,
474 1345 526 1377 ac
547 1330 742 1376 multum
782 1327 1063 1384 hominibus,
1103 1328 1320 1391 equisque
1343 1328 1545 1391 fatigatis
1575 1329 1766 1392 septimo
1787 1331 1977 1379 demum

211 1393 287 1441 dic
309 1395 369 1441 ad
388 1411 536 1441 arcem
552 1394 696 1452 suam,
731 1410 835 1454 quae
859 1394 937 1439 sxta
957 1395 1017 1439 est
1039 1394 1093 1439 ad
1119 1394 1269 1439 lacum
1293 1394 1547 1439 Mabanum
1570 1396 1710 1441 venit.
1783 1394 1854 1441 lbi
1878 1395 1975 1442 Da-

209 1458 365 1505 videm
391 1459 592 1511 fratrem,
635 1464 673 1505 &
698 1459 952 1505 Robertum
977 1456 1253 1504 Flaminium
1277 1459 1447 1506 nactus,
1473 1458 1538 1503 cis
1560 1459 1803 1519 adjunftis,
1827 1473 1879 1505 ac
1900 1460 1978 1507 vix

211 1523 336 1586 sugae
356 1523 485 1569 causa
506 1522 722 1575 indicata,
746 1522 792 1568 in
814 1520 1101 1568 tabellarium
1126 1519 1304 1575 incidit,
1341 1521 1422 1583 qui
1446 1521 1594 1568 literas
1627 1520 1652 1566 a
1676 1523 1896 1569 Cuminio
1915 1526 1975 1572 ad

209 1588 418 1650 Anglum
439 1586 639 1633 serebat:
674 1588 719 1632 in
739 1586 907 1648 quibus
929 1585 1147 1647 scriptum
1166 1598 1277 1635 erat,
1306 1598 1354 1629 ut
1376 1585 1603 1630 Robertus
1634 1587 1977 1648 quamprimum

211 1652 474 1698 tolleretur:
497 1650 751 1713 periculum
770 1650 893 1695 enim
916 1649 963 1695 in
990 1663 1117 1695 mora
1138 1649 1239 1702 esse,
1254 1664 1309 1694 ne
1332 1649 1442 1710 quid
1468 1649 1608 1694 homo
1631 1650 1796 1695 nobilis
1816 1656 1856 1696 δε
1872 1668 1976 1713 gra-

209 1715 345 1762 tiosos
370 1714 465 1777 pari
484 1714 688 1767 consilio,
710 1726 847 1784 atque
868 1711 1061 1759 audaCIa
1082 1727 1213 1758 nova:
1233 1712 1378 1758 turba:
1400 1711 1635 1758 excitaret.
1674 1714 1865 1759 Perfidia
1882 1715 1980 1761 Cu-

207 1778 342 1826 minii
366 1779 434 1825 his
466 1779 601 1824 etiarn
627 1777 807 1824 indiciis
831 1788 1066 1839 comperta
1081 1777 1308 1824 Robertus
1332 1776 1397 1823 ira
1415 1775 1720 1823 inflammatus
1744 1777 1978 1825 Drumfri-

210 1844 340 1899 fium,
380 1841 461 1890 ubi
492 1842 733 1890 inimicum
770 1843 855 1887 esse
877 1853 1176 1903 compererat,
1218 1839 1339 1887 recia
1362 1840 1514 1903 pergit
1540 1859 1550 1886 t
1599 1856 1651 1887 ac
1677 1843 1893 1889 loannem
1927 1843 1976 1891 in

209 1907 385 1970 templo
420 1907 609 1954 fratrum
643 1905 1041 1953 Franciscanorum
1073 1905 1229 1951 nafius
1252 1902 1441 1967 prolatis
1473 1903 1613 1950 literis
1644 1905 1887 1968 coarguit:
1923 1921 1978 1954 ac

209 1972 503 2035 impudenter
525 1972 618 2017 suas
641 1972 724 2016 esse
748 1983 992 2033 negantem
1013 1968 1257 2032 impatiens
1280 1967 1357 2014 irae
1375 1968 1578 2030 pugione
1599 1967 1646 2014 in
1670 1983 1869 2015 ventrem
1896 1972 1976 2019 ad-

208 2038 309 2084 acto
321 2034 549 2096 jacentem
574 2051 656 2098 pro
674 2045 852 2081 mortuo
876 2033 1078 2096 reliquit.
1111 2033 1231 2080 Cum
1251 2047 1420 2094 equum
1441 2032 1546 2078 esset
1565 2032 1879 2080 conscensurus
1903 2036 1977 2082 Ia-

208 2101 351 2147 cobus
374 2099 628 2154 Lindesius,
652 2114 703 2145 ac
725 2097 954 2160 Rogerius
978 2098 1003 2143 :i
1026 2098 1143 2144 cella
1164 2095 1366 2150 Patricii,
1397 2097 1510 2143 alter
1531 2096 1831 2159 propinquus,
1864 2100 1978 2146 alter

208 2177 339 2213 vetus
360 2162 533 2210 amicus
557 2163 582 2209 ὲ
603 2163 733 2209 vultu
763 2161 905 2208 animi
934 2160 1276 2224 perturbatione
1298 2159 1530 2206 intellecta
1550 2160 1725 2207 causam
1750 2161 1978 2212 sciscitan-

209 2240 297 2276 tur.
366 2230 473 2292 Qa
493 2227 573 2274 ille
595 2225 792 2274 breviter
812 2226 1042 2288 explicata
1064 2239 1167 2272 cum
1192 2223 1439 2286 subjecisset
1462 2224 1502 2270 se
1525 2236 1685 2286 putare
1704 2225 1976 2276 Cuminium

206 2293 293 2340 ess'e
315 2307 542 2340 mortuum
572 2311 581 2337 :
620 2290 751 2353 quid,
782 2289 938 2354 inquit
959 2289 1193 2337 Lindesius
1217 2290 1235 2334 ἓ
1269 2302 1318 2334 tu
1339 2304 1450 2351 ergo
1480 2304 1573 2334 rem
1603 2299 1694 2347 tam
1718 2290 1903 2338 arduam
1928 2290 1978 2340 in

207 2357 386 2405 incerto
407 2355 624 2420 reliquisti
649 2360 667 2402 ?
712 2358 752 2401 &
772 2369 877 2401 cum
900 2354 1024 2400 dicio
1046 2352 1189 2399 aedem
1213 2350 1430 2416 ingressus
1453 2369 1544 2399 non
1568 2350 1698 2399 illum
1720 2355 1878 2410 modo,
1903 2354 1979 2404 sed
2019 2375 2025 2380 ·

207 2418 790 2469 &RobertumCuminium
809 2432 945 2481 opem
965 2416 1227 2481 propinquo
1244 2415 1361 2463 ferre
1377 2429 1618 2464 conantem
1636 2416 1835 2472 conficit.
1861 2419 1979 2466 Haee
2035 2449 2038 2452 -

207 2486 357 2533 eaedes
379 2485 498 2533 saCta
517 2486 577 2531 est
612 2499 730 2531 anno
753 2482 994 2531 millefimo
1011 2480 1324 2529 trecentesimo
1346 2479 1511 2544 quinto
1544 2480 1602 2528 ad
1623 2493 1836 2543 quartum
1868 2483 1980 2530 Idus
2033 2528 2038 2540 ,

205 2548 475 2598 Februarii.'
2035 2549 2038 2556 ’

273 2614 456 2662 XXIX.
489 2614 664 2661 Eodem
689 2627 832 2675 prope
849 2621 1056 2674 tempore
1077 2610 1235 2657 Vallas
1259 2607 1286 2655 ὲ
1309 2609 1479 2655 Ioanne
1496 2607 1741 2675 Mentetho
1763 2607 1979 2660 familiari

209 2677 288 2725 suo
308 2687 391 2742 p'er
414 2678 591 2739 Anglos
615 2676 810 2738 pecunia
830 2686 1046 2737 corrupto
1068 2673 1115 2721 in
1138 2689 1249 2747 agro
1270 2671 1551 2727 Glascuensi,
1577 2667 1655 2719 ubi
1673 2685 1770 2719 tum
1790 2673 1978 2729 latebat,

209 2754 387 2805 captus,
421 2747 462 2788 δι
498 2740 764 2788 Londinum
801 2738 952 2786 missus
983 2737 1187 2785 Eduard1
1226 2736 1345 2800 jussu
1376 2735 1499 2782 foede
1539 2736 1736 2783 laniatus
1785 2736 1979 2787 interiit.
2015 2735 2019 2757 ³

209 2805 428 2853 Membra
449 2804 507 2851 ad
525 2803 719 2850 aliorum
739 2816 957 2850 terrorem
980 2802 1027 2848 in
1050 2798 1164 2848 locis
1182 2798 1511 2847 celebrioribus
1526 2800 1728 2862 Angliae,
1749 2806 1788 2847 δι
1812 2800 1980 2849 Scotiae

209 2869 428 2933 suspensa.
477 2868 619 2916 Hunc
643 2868 778 2914 finem
797 2866 903 2912 vitae
926 2865 1089 2912 habuit
1108 2864 1178 2911 vir
1196 2863 1260 2911 sui
1281 2863 1498 2925 temporis
1522 2863 1661 2927 longe
1681 2864 1979 2925 praestantissi-
2054 2905 2055 2918 ,

209 2950 330 2988 mus,
363 2932 412 2980 in
436 2931 727 2995 suscipiendis
758 2929 973 2994 periculis
995 2928 1136 2976 animi
1171 2927 1505 2992 magnitudine,
1536 2927 1585 2974 in
1609 2928 1739 2974 rebus
1761 2929 1978 2992 gerendis
2053 2961 2055 2972 Α

207 2996 497 3052 fortitudine,
513 2999 553 3044 δι
569 2994 759 3043 consilio
775 2992 1022 3042 clarissimis
1037 3004 1243 3040 veterum
1258 2990 1451 3038 ducibus
1470 2991 1606 3039 facile
1622 2992 1976 3054 comparandus,
2007 3031 2012 3040 .

208 3059 394 3109 caritate
414 3061 465 3108 in
486 3060 682 3125 patriam
703 3056 878 3106 nemini
897 3056 1135 3112 secundus,
1162 3054 1243 3120 qui
1264 3054 1561 3103 servientibus
1581 3056 1755 3103 caeteri'e
1779 3055 1897 3102 solus
1918 3055 1998 3103 li·-

210 3124 308 3182 ber,
327 3142 478 3190 neque
532 3123 700 3172 raemiis
721 3121 907 3178 adduci,
926 3137 1076 3186 neque
1098 3134 1222 3169 metu
1244 3119 1352 3184 cogi
1370 3119 1540 3183 potuit,
1553 3131 1604 3166 ut
1625 3118 1981 3182 causampublia·
2050 3140 2055 3187 ,ζ

209 3203 310 3236 cam
331 3189 468 3238 semel
509 3188 751 3252 uscaeptam
773 3185 994 3235 desereret
1018 3203 1030 3233 ε
1078 3185 1207 3246 cix-jus
1228 3200 1350 3233 mors
1382 3185 1441 3231 εὸ
1464 3181 1760 3232 miserabilior
1783 3183 1846 3231 est
1865 3182 1975 3241 visa,
2052 3197 2055 3234 l

208 3252 338 3314 quod
358 3252 416 3300 ab
436 3242 561 3303 hoste
580 3252 794 3308 inviftus,
818 3251 845 3299 a
862 3251 1030 3317 quibus
1052 3248 1242 3298 minime
1263 3246 1442 3305 debuit,
1464 3245 1553 3296 fuit
1572 3246 1799 3312 proditus.
1859 3272 1868 3276 -
1896 3252 1902 3255 '

152 3480 166 3493 .
210 3485 214 3489 Ι
273 3410 425 3485 XXX.
459 3414 494 3462 B
506 3414 548 3461 R
562 3413 611 3461 U
626 3414 654 3461 S
667 3413 696 3461 S
712 3412 792 3462 m
808 3413 839 3460 S
868 3334 1423 3465 {ggi'mssfig‘dm
1456 3423 1502 3475 a⁴
1520 3402 1744 3458 pontifice
1762 3402 1998 3456 Romant'
2054 3419 2055 3481 l

210 3536 215 3541 ’
265 3549 280 3598 (
288 3547 331 3599 ι)
357 3548 445 3590 The
459 3525 623 3592 contra&
641 3553 758 3594 scaled
769 3553 818 3605 by
830 3549 1058 3595 themboth·
