2085 3864
448 137 835 219 'LIBER
929 154 1424 244 Quiurus.
1753 189 1874 253 129

110 248 202 294 {iem
220 249 428 297 adversus
460 253 529 314 (1)
555 253 712 301 Scotos
730 253 925 300 Albinus
949 258 1192 307 emiserint.
1259 264 1325 310 Ea
1345 263 1392 310 in
1415 264 1558 312 altum
1578 269 1730 315 evec'ca
1749 283 1867 319 tem-

106 314 275 374 pestate
301 316 500 362 universa
521 316 671 378 periit.
740 318 830 364 Res
852 317 1070 368 Hibernis
1092 322 1139 370 in
1162 325 1431 391 religionem
1453 330 1578 378 versa
1606 333 1774 390 effecit,
1812 350 1864 384 ut

104 392 283 438 pacem,
305 396 441 443 quam
464 378 653 442 superbe
671 378 996 439 recusaverant,
1015 384 1278 449 suppliciter
1298 406 1520 455 peterent.

168 442 297 489 LIII.
332 443 407 489 Ab
428 443 605 490 Achaio
626 446 827 508 primum
847 447 966 494 inter
987 451 1163 506 Scotos,
1188 460 1228 500 &
1251 457 1444 504 Francos
1465 458 1579 506 inita
1611 462 1672 509 est
1700 465 1860 514 amici·

102 503 181 559 tia,
210 507 293 552 hac
311 505 507 553 maxime
525 508 581 553 de
614 510 758 565 causa,
783 512 910 572 quod
932 529 1023 560 non
1046 518 1184 562 modo
1208 520 1405 567 Saxones
1425 522 1687 579 Germania:
1708 533 1859 578 culto-

101 584 186 621 τες,
212 567 285 616 sed
308 570 391 632 qui
411 570 458 617 in
493 571 726 620 Britannia
745 590 930 637 quoque
951 590 1166 639 ceperant
1186 581 1323 638 sedes,
1361 585 1537 634 Gallias
1559 589 1760 652 piraticis
1782 595 1857 643 in-

100 632 380 680 cursionibus
399 632 680 684 infestabant.
735 637 918 686 Deinde
941 640 1076 688 etiam
1100 660 1127 688 a
1149 645 1316 693 Carolo
1338 666 1523 713 magno,
1548 654 1628 712 qui
1647 657 1856 709 Galliam

98 711 192 742 non
213 696 360 744 minus
384 698 541 756 literis,
562 718 703 764 quam
738 703 876 749 armis
910 703 1128 767 illustrare
1161 712 1391 772 cupiebat,
1430 717 1628 765 accersiti
1650 737 1673 766 e
1701 723 1856 775 Scotia

96 759 178 819 qui
200 761 533 825 philosophiam
557 764 758 812 Luteciae
781 767 966 824 Graece,
993 775 1033 817 ὅσ
1048 772 1209 821 Latine
1232 775 1462 826 docerent.
1530 784 1671 844 Apud
1692 788 1853 838 Scotos

94 822 392 873 enimradhuc
413 828 545 874 multi
565 841 694 876 erant
729 834 943 880 monachi
963 846 1114 882 vetere
1152 838 1390 901 disciplina
1426 846 1630 894 nondum
1653 851 1854 902 extincta

93 886 253 944 literis,
274 895 315 936 Sc
337 890 503 952 pietate
532 891 743 956 insignes,
813 898 920 960 Qo
954 916 978 945 e
1001 917 1189 962 numero
1209 914 1305 950 erat
1327 907 1519 955 Ioannes
1541 927 1852 974 cognomento

94 951 274 1008 Scotus‚
296 954 384 1001 five
406 955 614 1010 Albinus,
640 959 764 1019 quod
786 959 908 1008 idem
928 964 1064 1021 valet,
1084 967 1229 1027 (Scoti
1247 970 1367 1016 enim
1388 971 1428 1016 se
1454 974 1645 1021 Albinos
1666 977 1741 1024 sua
1758 981 1850 1028 lin-

88 1030 183 1076 gua
196 1020 377 1079 vocant)
401 1019 554 1066 Caroli
576 1036 842 1084 praeceptor,
863 1027 944 1089 qui
966 1029 1164 1090 plurima
1183 1031 1360 1094 ingenii
1376 1034 1442 1080 sui
1464 1045 1758 1088 monumenta
1778 1061 1849 1090 re-

87 1078 228 1142 liquit
251 1100 262 1129 :
297 1082 321 1128 ὲ
343 1083 507 1144 quibus
530 1101 611 1130 nos
629 1086 855 1135 rhetorica
872 1094 1097 1155 praec'epta
1115 1094 1312 1142 vidimus
1332 1113 1436 1145 cum
1453 1099 1744 1165 inscriptione
1768 1109 1846 1156 Io-

89 1144 217 1190 annis
241 1146 416 1194 Albini.
482 1148 734 1196 Clementis
758 1169 941 1217 quoque
966 1157 1105 1210 Semi,
1127 1158 1208 1218 qui
1226 1161 1390 1207 eodem
1414 1178 1616 1227 tempore
1640 1170 1847 1219 Luteciae

85 1205 318 1256 literarum
359 1210 544 1275 insignis
583 1215 799 1276 profeffor
820 1230 929 1273 erat,
974 1221 1186 1283 quaedam
1220 1223 1385 1287 scripta
1414 1227 1562 1275 adhuc
1595 1231 1844 1295 supersunt.

84 1268 127 1314 C
132 1272 460 1337 ommigrarunt
481 1276 617 1324 etiam
648 1278 695 1325 in
715 1280 892 1328 Gallias
916 1286 1170 1346 complures
1195 1290 1408 1335 monachi
1431 1292 1556 1339 Scoti
1578 1295 1722 1345 studio
1745 1301 1844 1361 pie.

83 1335 187 1383 tatis
208 1337 347 1394 ducti,
369 1340 449 1390 oui
470 1342 653 1403 populis
675 1344 796 1391 circa
818 1348 999 1395 Renum
1022 1348 1325 1398 Christianam
1348 1354 1843 1421 doftrinampraedica·

84 1394 194 1446 bant
217 1419 228 1447 :
256 1395 608 1460 tantoTuccefi'u,
632 1421 681 1454 ut
703 1411 968 1458 monasteria
989 1413 1196 1475 plurimis
1219 1416 1266 1462 in
1286 1418 1397 1464 locis
1416 1422 1723 1475 condiderint.
1749 1426 1843 1475 Eo-

80 1479 182 1510 rum
222 1469 453 1514 memoriae
476 1470 524 1516 id
547 1472 771 1520 Germani
800 1476 1040 1533 dederunt,
1083 1490 1132 1525 ut
1165 1480 1302 1544 usque
1344 1484 1401 1530 ad
1441 1487 1634 1534 nostram
1661 1503 1844 1543 aetatem
1869 1555 1871 1557 Ι

81 1527 256 1590 semper
279 1533 434 1580 Scotos
456 1534 518 1592 eis
540 1537 836 1598 praeficerent.
914 1547 916 1549 '

141 1594 270 1642 LIV.
308 1598 535 1645 Achaium
556 1600 681 1662 pacis
699 1603 921 1664 cupidum
943 1621 1012 1651 res
1035 1605 1206 1655 Pietica
1228 1609 1274 1656 in
1296 1611 1468 1659 bellum
1494 1615 1646 1665 traxit.
1710 1620 1838 1671 Nam

76 1670 182 1704 cum
205 1659 491 1708 Athelstanus
518 1664 694 1726 Anglus
716 1669 914 1715 vastasset
942 1671 1173 1731 proximos
1199 1675 1429 1722 pinorum
1451 1694 1601 1741 agrOS,
1637 1683 1839 1746 Hungus

74 1735 233 1768 eorum
255 1725 356 1773 Rex
377 1725 435 1771 ab
453 1726 628 1773 Achaio
640 1730 804 1793 Anglis
819 1731 916 1792 jam
938 1733 1045 1780 ante
1065 1735 1240 1784 infenso
1257 1739 1415 1787 decem
1431 1743 1670 1792 Scotorum
1691 1750 1838 1799 millia
1884 1763 1886 1766 ’

73 1782 350 1845 impetravit.
403 1789 479 1835 Eis
501 1790 644 1837 filium
664 1794 905 1856 Alpinum,
923 1798 1002 1859 qui
1020 1815 1076 1845 ex
1091 1801 1254 1865 Hungi
1275 1803 1421 1851 sorore
1439 1820 1570 1853 natus
1589 1815 1838 1874 εγω-,Ῥηξι-

73 1847 209 1896 fecit:
235 1851 399 1913 quibus
418 1852 557 1900 fretus
579 1858 758 1903 auxiliis
777 1860 1022 1907 maximam
1042 1862 1067 1908 ὲ
1083 1864 1417 1916 Northumbria
1434 1872 1635 1931 praedam
1656 1877 1847 1924 abdux-'

71 1909 122 1958 it.
181 1914 468 1963 Athelstanus
491 1918 630 1964 homo
649 1920 777 1968 ferox
796 1939 938 1987 prope
959 1927 1162 1990 vestigiis
1179 1931 1405 1980 inhaerens
1428 1951 1532 1980 eum
1557 1953 1648 1984 non
1671 1944 1834 2002 procul

68 1976 127 2021 ab
139 1977 325 2025 Hadina
340 1981 514 2043 oppido
531 1981 789 2045 assequitur.
815 1987 929 2034 Piffl
946 1988 1185 2053 inopinato
1207 1994 1401 2043 hostium
1421 1999 1617 2047 adventu
1634 2007 1832 2053 conster-

67 2039 163 2086 nati
183 2042 240 2088 ad
258 2059 382 2091 arma
400 2059 602 2102 currunt,
620 2054 661 2096 &
676 2050 734 2096 ad
754 2054 932 2099 nostem
957 2055 1093 2118 usque
1112 2056 1152 2102 se
1171 2058 1258 2104 suis
1278 2072 1434 2108 tenent
1455 2063 1584 2112 locis.
1606 2069 1701 2114 Sub
1719 2087 1832 2117 noc-

67 2113 160 2150 tem
183 2106 352 2169 vigiliis
371 2108 592 2171 dispositis
607 2114 805 2178 Hungus
828 2119 1001 2165 caeteris
1023 2121 1157 2167 rebus
1179 2121 1367 2172 inferior
1388 2129 1441 2175 ad
1467 2129 1674 2184 divinum
1698 2136 1828 2182 auxi-

8 2174 11 2177 '
64 2167 178 2216 lium
199 2172 436 2220 conversus
465 2186 612 2225 totum
643 2177 684 2223 se
704 2180 915 2242 precibus
934 2183 1076 2230 dedit.
1133 2187 1346 2241 Tandem
1376 2207 1564 2255 corpore
1594 2197 1830 2247 laboribus

63 2231 188 2289 fesso,
203 2235 409 2283 &animo
427 2239 781 2302 cogitationibus
806 2263 927 2309 aegro
951 2263 1054 2294 cum
1079 2249 1125 2296 in
1149 2250 1356 2301 somnum
1373 2256 1611 2315 incidisset,
1628 2261 1742 2309 visus
1764 2265 1827 2312 est.

49 2296 146 2347 vfibi
161 2315 244 2360 per
260 2301 460 2362 quietern
475 2304 630 2351 videre
642 2308 871 2356 Andream
886 2313 1156 2374 Apostolum
1171 2318 1402 2374 astantem,
1417 2326 1456 2367 &
1470 2322 1708 2372 victoriam
1723 2331 1827 2390 pol-

62 2359 293 2411 licentem.
319 2367 427 2413 Hoc
443 2368 538 2415 viso
555 2370 690 2418 Pic‘tis
711 2387 889 2421 narrato
906 2375 998 2438 spei
1016 2377 1149 2424 bonae
1165 2381 1294 2443 pleni
1310 2385 1368 2430 ad
1388 2386 1668 2445 confliistum,
1685 2408 1828 2454 quem

60 2424 232 2490 alioqui
249 2428 407 2492 fugere
425 2447 516 2479 non
535 2450 760 2495 poterant,
785 2438 826 2484 se
844 2441 1034 2487 alacrius
1050 2459 1317 2507 comparant
1337 2466 1348 2494 ε
1374 2451 1548 2511 postero
1566 2454 1640 2500 die
1660 2473 1739 2518 per
1758 2457 1825 2504 le-

63 2505 139 2535 ves
163 2493 448 2542 velitationes
471 2497 755 2562 consumpto,
776 2503 910 2550 tertio
932 2505 1118 2554 demum
1141 2510 1199 2556 ad
1216 2527 1376 2558 manus
1401 2527 1586 2563 ventum
1610 2519 1685 2566 est.
1721 2521 1822 2569 Ad-

54 2552 224 2611 jiciunt
245 2562 284 2603 δε
308 2558 433 2605 aliud
450 2562 690 2619 ostentum,
717 2568 786 2626 (2)
813 2584 992 2617 crucem
1011 2571 1283 2622 decuffatsm
1318 2591 1423 2624 cum
1453 2597 1736 2644 pugnaretur
1768 2587 1820 2635 in

57 2618 176 2665 coeIo
193 2619 333 2667 visam
355 2641 367 2669 x
391 2641 494 2686 quae
509 2643 575 2672 res
588 2629 767 2692 Anglos
785 2634 902 2678 adeo
917 2637 1182 2692 conterruit,
1206 2654 1254 2686 ut
1270 2642 1471 2702 primum
1484 2647 1711 2694 Pictorum
1731 2649 1821 2700 im·

56 2693 218 2743 petum
239 2686 362 2749 aegre
385 2686 680 2740 sustinuerint.
746 2696 823 2742 *Ibi
845 2698 978 2746 caesus
1003 2701 1309 2750 Athelstanus‘
1325 2707 1430 2753 loco
1462 2725 1629 2757 nomen
1652 2714 1821 2766 dediffe

55 2745 239 2803 dicitur,
282 2750 364 2813 qui
385 2753 534 2801 adhuc
565 2757 818 2806 Athelstani
848 2763 1018 2813 vadum
1038 2767 1313 2829 appellatur.
1381 2773 1583 2837 Hungus
1619 2777 1821 2826 Andreae

53 2808 289 2859 vistoriam
321 2831 553 2880 acceptam
575 2821 732 2868 retulit
752 2842 763 2869 ε
800 2824 935 2888 eique
956 2843 1120 2891 praeter
1141 2831 1440 2900 aliffimunera
1468 2838 1819 2905 decimamlpar-

55 2884 147 2921 tem
165 2878 441 2937 praediorum
459 2884 712 2947 Regiorum
735 2888 937 2937 donavit.
1008 2894 1101 2941 Hic
1123 2895 1289 2955 opinor
1306 2899 1393 2946 fuit
1411 2902 1701 2955 Athelstanus
1721 2909 1820 2954 Da-

51 2937 168 2986 nicae
188 2941 337 3004 gentis
358 2943 622 3009 imperator,
656 2951 731 2997 cui
754 2953 900 3018 Angli
925 2957 1148 3008 affirmant
1168 2960 1553 3012 Northumbriam
1575 2969 1632 3014 ab
1652 2967 1820 3019 Alure·

52 3002 115 3048 do
137 3007 401 3055 conceffam.
449 3011 645 3060 Decessit
663 3017 864 3066 Achaius
886 3020 944 3067 ab
964 3021 1084 3070 inito
1107 3042 1250 3090 regno
1275 3028 1500 3077 tricesimo
1522 3031 1719 3082 secundo
1738 3053 1819 3085 an-

51 3083 128 3123 no,
155 3067 180 3114 ἒι
205 3069 382 3119 Christo
400 3092 507 3122 nato
530 3080 638 3144 819.
1531 3095 1533 3097 ’

114 3195 217 3243 LV.
254 3198 304 3245 H
318 3198 366 3248 U
381 3200 460 3247 IC
482 3202 947 3276 succeffitCongal-lus
964 3214 1183 3278 patruelis
1204 3237 1216 3266 :
1249 3219 1455 3285 quicum
1473 3223 1647 3287 summa
1664 3229 1812 3292 domi,

51 3265 90 3306 Sc
121 3260 230 3310 foris
252 3264 496 3312 concordia
516 3270 883 3339 quinquennium
906 3281 1131 3342 regnavit.

531 3376 537 3381 .
703 3345 904 3410 LXVII.
956 3353 999 3399 R
1020 3355 1058 3400 Ε
1081 3356 1142 3402 Χ.

113 3398 241 3447 LVI.
278 3402 315 3448 E
329 3404 371 3449 X
391 3405 431 3450 C
445 3406 508 3453 ΑΞ
524 3407 556 3453 Ρ
571 3408 594 3454 Ι
608 3409 655 3455 Τ
686 3407 809 3458 hunc
827 3410 1089 3480 Dongallus
1104 3419 1328 3472 Solvathii
1349 3424 1466 3475 filius
1493 3446 1503 3476 ε
1538 3431 1666 3493 cujus
1690 3433 1813 3484 seve-

103 3491 165 3540 (1)
194 3493 260 3531 See
278 3495 332 3533 lib
354 3509 388 3535 1.
417 3512 494 3548 cap.
520 3501 556 3539 6.
585 3502 653 3540 lib.
673 3515 712 3541 2.
734 3517 812 3555 cap.
837 3517 898 3555 17.
953 3511 1154 3552 Andrew's
1172 3515 1277 3562 crois,
1297 3519 1380 3561 like
1396 3534 1446 3562 xan
1477 3524 1531 3569 X,-
1550 3525 1727 3565 whichis
1745 3527 1813 3567 the

51 3546 117 3579 ancl
137 3545 199 3582 the
214 3556 319 3592 notes·
334 3564 381 3586 oa
401 3551 500 3589 these
518 3556 652 3603 places.
953 3565 1065 3603 mark
1084 3567 1127 3606 of
1140 3566 1204 3608 the
1231 3572 1391 3611 number
1408 3583 1487 3623 ten,
1505 3589 1548 3620 nr
1565 3580 1730 3617 decuffis.

101 3599 160 3647 222)
198 3600 424 3651 CommoniJ.¹
445 3608 560 3644 called
581 3623 597 3645 a
620 3609 754 3649 Saltier
787 3626 827 3652 or
840 3614 896 3652 St.

914 3666 956 3714 R
1480 3722 1483 3723 γ
1709 3681 1819 3745 riba}
1869 3737 1879 3748 ⁴
