2106 3838
151 156 330 246 ⁴114
501 161 865 247 Rnaum
950 150 1654 219 ScoTrcARUM

195 285 297 324 cos,
321 273 361 314 ἅτ.
384 265 636 318 histriones,
660 257 896 317 omnisque
918 250 1096 316 generis
1120 249 1406 311 voluptatum
1439 244 1662 292 ministros
1684 241 1857 306 semper
1883 240 1964 287 ha-

202 333 361 385 bebat,
424 329 512 378 His
532 327 653 374 vitiis
675 320 1088 368 offenssScotorum
1111 328 1317 375 proceres
1341 313 1602 372 frequentes
1626 307 1682 353 ad
1705 322 1807 353 eum
1828 321 1965 351 vene·

203 413 328 452 runt,
355 411 405 442 ac
428 394 492 440 sui
513 407 614 438 eum
639 385 777 432 officii
797 383 1147 429 admonuerunt.
1164 377 1259 422 «Eos
1281 375 1360 422 ille
1381 376 1495 421 adeo
1519 368 1707 433 superbe
1729 381 1967 430 contemp·

206 459 276 515 iit,
301 473 351 507 ut
367 459 545 520 juberet
569 451 656 498 alia
678 465 850 501 curare,
874 443 957 493 fibi
978 442 1078 489 satis
1101 439 1285 486 aliunde
1306 437 1479 484 consilii
1502 437 1586 482 effe
1614 453 1623 480 :
1662 432 1815 481 falsam
1837 431 1967 477 illam

190 511 329 589 {se-m
353 525 649 584 deponerent,
669 514 710 560 se
732 512 852 575 poffe
874 503 1139 562 consulendi
1171 502 1362 549 obtentu
1390 501 1569 562 Regem
1590 499 1638 546 in
1661 497 1869 545 ordinem
1891 509 1970 541 co-

210 587 334 655 gere.
373 587 439 632 Ut
462 595 611 628 autem
634 590 731 624 erat
750 592 857 639 erga
875 573 971 621 suos
997 585 1228 631 arrogans,
1245 565 1311 612 ita
1329 563 1537 612 adversus
1557 561 1699 609 hostes
1715 575 1807 609 tam
1823 558 1973 619 dejec-

211 667 275 710 to,
358 645 520 696 humili
539 645 579 691 se
598 642 751 689 animo
769 638 1017 703 praebebat,
1041 647 1088 680 ut
1106 630 1249 678 statim
1270 627 1528 693 petentibus
1546 642 1639 672 non
1659 625 1798 672 modo
1813 637 1975 687 pacem

206 715 401 766 dederit,
421 706 691 771 injuriasque
703 700 1018 756 remiserit,sed
1028 712 1150 745 arces
1165 694 1273 743 alias
1288 687 1796 745 reddiderit,aliasdirui
1810 686 1978 750 permi—

214 782 269 827 sci
282 782 330 825 it.
370 776 435 823 Hi
453 788 598 820 mores
612 771 706 831 ejus
726 770 789 815 ita
808 763 983 819 Sc‘ot05‚
1000 766 1047 812 δι
1064 761 1213 808 Pictos
1229 767 1592 808 commoverunt,
1612 766 1660 800 ut
1672 752 1795 798 Scoti
1811 766 1974 812 prope-

211 846 399 891 modum
413 836 712 886 rebellarent:
738 831 870 884 Picti,
885 829 964 893 qui
977 827 1071 888 jam
1087 835 1218 872 antea
1230 823 1397 870 secreta
1407 816 1593 867 consilia
1607 833 1711 865 cum
1725 814 1978 862 Saxonibus

212 906 600 965 contulerant,per
617 899 656 945 se
671 898 804 944 rebus
820 893 904 940 suis
924 891 1223 941 consulerent,
1244 889 1293 935 δε
1312 886 1462 948 palam
1485 883 1668 930 tandem
1694 879 1842 926 foedus
1883 877 1977 924 ice-

212 984 329 1020 rent.
351 969 438 1017 Sed
454 966 575 1030 apud
590 965 749 1010 Scotos
763 958 991 1021 Dugallus
1004 949 1376 1003 GallovidianuS,
1388 948 1514 1008 cujus
1528 945 1584 998 ad
1599 944 1820 1007 populum
1838 940 1982 988 maxi-

200 1052 291 1084 -rna
303 1047 397 1081 erat
409 1021 1024 1081 auctoritas,multitudine·m
1043 1014 1249 1063 oratione
1267 1011 1492 1058 blandain
1507 1007 1744 1074 praesentia
1756 1007 1981 1059 cohibuit,

213 1098 402 1147 fatendo
424 1095 611 1159 quidem
630 1092 861 1155 plaeraque
874 1101 996 1137 vera,
1014 1097 1120 1144 quae
1135 1079 1363 1127 dicerent:
1387 1076 1518 1135 justa,
1531 1088 1634 1136 quae
1649 1082 1869 1135 peterent.
1895 1071 1984 1116 Sed

216 1165 249 1212 si
284 1164 341 1210 ad
373 1157 608 1226 praescntia
641 1155 760 1202 mala
781 1150 917 1199 civile
949 1148 1123 1194 bellum
1154 1143 1406 1193 accederet,
1437 1139 1620 1186 summat
1643 1135 1707 1182 rei
1730 1135 1986 1197 perieulum

217 1229 320 1282 effe,
345 1222 451 1272 cum
476 1222 568 1284 jam
606 1234 798 1282 regnum
830 1216 887 1261 ab
919 1211 1109 1259 interitu
1145 1208 1220 1253 vix
1248 1206 1388 1269 posset
1423 1203 1504 1249 fisti
1530 1199 1667 1249 Pictis
1701 1196 1984 1251 abalienatis,

220 1291 503 1340 Brittonibus
526 1284 792 1332 Vortimero
830 1279 1034 1326 extincto
1068 1272 1252 1320 incertis
1287 1266 1425 1316 amici
1452 1301 1466 1321 ‚
1502 1263 1757 1313 Saxonibus
1798 1261 1987 1324 (quibus

221 1355 434 1404 maximae
452 1363 581 1399 erant
600 1350 717 1396 vires
741 1345 798 1391 ad
820 1341 1011 1395 bellum,
1034 1340 1207 1386 summa
1228 1334 1273 1381 in
1297 1332 1487 1379 victoria
1507 1327 1751 1377 crudelitas
1790 1327 1834 1372 in
1863 1341 1989 1372 corn-

223 1419 407 1467 merciss
432 1417 556 1464 nulla
579 1413 708 1471 fides)
734 1408 781 1456 in
805 1405 1055 1472 perniciem
1075 1400 1280 1448 omnium
1313 1396 1569 1443 vicinorum
1590 1392 1764 1456 semper
1784 1390 1990 1438 intentis.

227 1485 288 1533 Et
308 1482 480 1546 populo
503 1480 692 1543 quidem
712 1474 931 1534 maj01um
953 1479 1061 1516 natu
1080 1462 1320 1529 prudentia
1336 1459 1480 1507 lenito
1502 1474 1608 1506 cum
1631 1457 1731 1504 Rex
1753 1455 1798 1504 in
1826 1469 1993 1515 magno

220 1547 347 1611 ‘apud
369 1561 526 1594 omnes
549 1541 657 1588 odio
675 1546 713 1586 &
736 1547 1005 1597 contemptu
1025 1544 1176 1577 tamen
1196 1538 1423 1591 regnaret,
1437 1523 1618 1570 tandem
1639 1537 1664 1567 a
1684 1519 1829 1567 nobili
1843 1517 1992 1564 AEbu-

226 1611 349 1658 densi
374 1611 434 1656 ob
457 1609 655 1670 stuprum
681 1619 761 1666 per
783 1600 875 1646 vim
901 1599 1004 1643 filiae
1049 1595 1226 1641 illatum
1252 1591 1388 1636 caesus
1413 1588 1500 1635 fuit
1521 1602 1639 1632 anno
1669 1601 1806 1647 quarn
1832 1598 1992 1644 regna-

228 1692 276 1722 re
295 1686 493 1736 coeperat
515 1666 875 1734 quintodecimo.
904 1663 1016 1708 Haec
1039 1656 1267 1721 vulgatior
1290 1654 1411 1700 fama
1429 1653 1505 1698 est.
1524 1652 1698 1697 Verum
1721 1664 1810 1711 ego
1829 1650 1897 1708 (ι)
1916 1646 1993 1707 Jo-

224 1738 337 1787 anni
358 1738 569 1784 Fordono
593 1730 736 1795 magis
760 1727 946 1779 accedo,
977 1723 1054 1786 qui
1079 1721 1124 1769 in
1151 1720 1275 1767 Scoti
1301 1715 1518 1763 chronico
1542 1712 1679 1760 tradit
1701 1728 1804 1758 eum
1828 1707 1997 1774 viginti

229 1805 346 1850 duos
369 1818 509 1849 annos
532 1797 748 1862 regnastis,
772 1809 821 1839 ac
845 1793 1027 1838 tandem
1047 1786 1263 1834 diuturno
1286 1784 1448 1829 morbo
1471 1778 1804 1838 consumptum.

299 1867 482 1916 XVIII.
514 1865 582 1911 Eo
605 1871 821 1923 regnante
840 1853 966 1902 venit
994 1853 1040 1898 iu
1060 1848 1340 1898 Britanniam
1363 1845 1481 1892 hanc
1503 1843 1527 1889 ὲ
1543 1843 1611 1904 (2)
1639 1841 1814 1889 minore
1855 1839 1998 1885 Aure-

234 1931 323 1979 lius
346 1927 610 1978 Ambrosius
634 1920 935 1972 Constantini.
960 1917 1038 1980 qui
1061 1926 1166 1961 ante
1187 1927 1287 1959 com
1326 1913 1444 1957 lurcs
1466 1922 1608 1956 annos
1629 1921 1821 1970 regnum
1841 1916 1998 1949 tenue-

236 2008 322 2050 rat,
349 1993 464 2042 filius
488 2011 498 2039 :
532 1991 603 2038 sed
625 2006 679 2036 eo
703 2004 782 2050 per
802 1985 1009 2031 fraudem
1034 1978 1165 2033 caes0,
1197 1992 1249 2023 ac
1301 1988 1432 2028 ratre,
1456 1971 1538 2035 qui
1570 1969 1666 2033 post
1699 1980 1872 2032 patrem
1898 1982 1999 2029 reg-

227 2063 347 2107 'num
373 2060 576 2123 gesserat,
603 2053 628 2100 a
658 2053 940 2113 Vortigerno
978 2061 1060 2109 per
1080 2042 1238 2089 dolum
1261 2039 1451 2089 sublato,
1476 2037 1569 2083 duo
1592 2031 1755 2097 reliqui
1781 2031 2001 2079 Constan-

237 2124 325 2172 tini
362 2123 442 2170 filii
465 2138 544 2184 per
575 2117 746 2166 amicos
770 2127 979 2178 paternos
1011 2110 1059 2156 in
1081 2102 1361 2155 Britanniam
1393 2100 1625 2148 Gallicam
1659 2098 1841 2144 fuerunt
1865 2091 2003 2141 trans-

236 2187 376 2235 vecti.
444 2183 611 2232 Verior
642 2180 807 2245 opinor
841 2178 939 2224 hacc
976 2175 1035 2221 est
1059 2169 1240 2219 Aurelii
1261 2165 1489 2214 Ambrofii
1510 2163 1662 2227 origo,
1692 2177 1828 2225 quam
1853 2174 1956 2222 qua:
1979 2171 2005 2202 a

240 2251 510 2316 quibusdam
535 2247 633 2294 aliis
653 2244 844 2293 traditur
870 2263 879 2288 ε
915 2240 960 2286 in
981 2238 1151 2301 quibus
1173 2233 1310 2281 etiam
1332 2231 1390 2278 est
1416 2230 1552 2282 Beda,
1577 2227 1657 2291 qui
1677 2242 1782 2273 eum
1806 2220 2003 2272 Romani

241 2315 421 2378 generis
447 2313 658 2361 ultimum
678 2309 723 2356 in
745 2304 977 2356 Britannia
994 2316 1142 2349 rerum
1166 2295 1291 2345 fuiss'e
1310 2293 1508 2359 potitum
1531 2292 1715 2339 tradunt
1762 2288 1829 2338 Hi
1849 2286 2005 2334 fratres

241 2381 510 2428 Vortimcro
531 2390 736 2424 novercae
758 2372 916 2419 fraude
936 2366 1156 2419 extinCto,
1177 2369 1223 2412 ὃς
1239 2358 1520 2419 vortigerno
1539 2354 1737 2420 Regium
1761 2369 1926 2399 nomen
1952 2349 2006 2396 li-

231 2443 304 2491 'ne
325 2441 611 2495 auctoritate,
636 2445 676 2485 δε
709 2435 913 2501 potentia
946 2441 1128 2479 tenente
1143 2428 1240 2490 jam
1263 2423 1424 2480 adulti,
1450 2427 1489 2470 δι
1513 2419 1642 2484 regni
1663 2428 1872 2482 potentes
1901 2427 2008 2462 cum

246 2510 419 2562 favore,
443 2509 491 2556 &
514 2501 830 2567 expeftatione
850 2498 1091 2545 h6minum
1114 2493 1161 2540 in
1185 2490 1392 2542 insulam,
1415 2487 1471 2534 ad
1497 2483 1795 2549 repetendum
1814 2493 2008 2552 regnum

233 2586 487 2637 ‚paternum
511 2567 670 2615 reversi
693 2582 782 2612 non
806 2560 1054 2626 spernenda
1075 2557 1332 2606 Brittonum
1354 2552 1379 2598 ἐ
1403 2549 1562 2598 Gallia
1582 2547 1729 2595 secum
1753 2545 1921 2592 auxilia
1942 2555 2009 2589 at·

244 2638 410 2685 tulere.
443 2633 705 2695 Priusquam
725 2629 922 2675 advenas
938 2627 1032 2687 jam
1056 2629 1417 2673 commoverent,
1441 2613 1647 2689 oppresso
1665 2610 1712 2658 in
1725 2612 1768 2657 V
1771 2607 2009 2656 alliaVor-

249 2701 432 2764 tigerno
452 2700 627 2761 legatos
651 2693 839 2740 mittunt
861 2691 919 2737 ad
943 2693 1121 2741 Scotos,
1144 2691 1184 2740 δι
1207 2683 1354 2734 Pictos
1383 2676 1652 2735 amicitiam,
1677 2678 1726 2726 δε
1749 2689 1874 2721 arma
1894 2670 2014 2720 socia

246 2764 459 2813 adversus
479 2763 677 2808 Saxones
699 2756 943 2803 acerrimos
964 2750 1164 2800 nominis
1185 2743 1431 2796 Christiani
1448 2743 1592 2790 hostes
1620 2751 1840 2803 petentes,
1907 2736 1965 2784 Et
1987 2751 2013 2782 a

236 2828 400 2891 JScotis
433 2825 624 2891 quidem
653 2820 1096 2880 benevole'accepta
1121 2811 1352 2877 legatione
1388 2806 1537 2854 foedus
1574 2819 1679 2852 cum
1715 2799 2014 2849 Constantino

287 2888 383 2940 riu?
400 2892 542 2939 istum
563 2897 808 2936 renovatur
844 2901 854 2929 :
904 2889 1033 2945 quod
1060 2877 1120 2925 ab
1141 2893 1197 2924 eo
1218 2874 1294 2922 die
1315 2883 1537 2937 perpetuo
1562 2868 1655 2915 fere
1676 2878 1832 2914 tenore
1856 2863 2014 2911 mansit

248 2956 541 3009 inviolatum,
561 2953 708 3000 don'ec
724 2963 917 3012 reguum
938 2945 1195 2993 Brittonum
1218 2939 1277 2986 ab
1290 2935 1474 2999 Anglis,
1493 2932 1712 2995 Pifticum
1736 2945 1762 2976 a
1780 2927 1926 2986 Scotis
1945 2925 2016 2973 fu-

253 3020 297 3070 itv
318 3019 592 3084 oppressum.
659 3016 703 3062 A
729 3011 868 3061 Pictis
882 3023 1037 3057 autem
1069 3002 1328 3069 responsum
1353 3001 1417 3047 est
1470 2996 1634 3062 legatis
1657 2993 1936 3047 Brittonum,
1972 2990 2016 3036 se

243 3085 404 3134 Joedus
441 3082 609 3135 habere
649 3094 756 3138 cum
796 3073 1070 3125 saxonibus,
1099 3067 1228 3134 qnod
1252 3076 1302 3114 ut
1323 3059 1752 3119 violarent,nullam
1774 3058 1924 3108 adhuc
1944 3054 2015 3100 in-

254 3147 490 3195 terveniss‘e
506 3146 682 3209 causam
704 3161 716 3190 z
748 3142 854 3189 curn
871 3137 938 3186 eis
954 3134 1110 3184 omnia
1129 3131 1213 3181 fibi
1234 3125 1463 3194 prospera,
1487 3132 1528 3174 ετ
1545 3121 1730 3179 adversa·
1780 3120 1931 3172 osthac
1948 3117 2018 3165 fo·

231 3260 242 3269 ,
257 3227 306 3258 re
329 3210 606 3259 communia.
631 3209 702 3256 Ita
721 3205 866 3252 insula
883 3214 981 3250 tota
1000 3198 1148 3247 rursus
1164 3193 1215 3244 in
1235 3195 1348 3241 duas
1370 3190 1588 3240 faeticme'a
1604 3186 1735 3243 abiit,
1783 3183 1898 3234 cotis
1915 3197 2022 3231 cum

258 3273 541 3324 Brittonibus
562 3270 770 3322 adversus
791 3267 961 3323 Pistos,
978 3262 1253 3334 &Spu-ones
1272 3257 1440 3334 affidue
1454 3256 1629 3307 bellum
1649 3247 1933 3317 gerentibus-

313 3469 378 3521 (1)
404 3467 681 3521 johnffrordon
711 3471 827 3503 wmte
855 3475 877 3499 a
908 3457 1113 3510 chronicle,
1168 3455 1287 3506 called
1317 3450 1433 3490 Little
1457 3447 1619 3497 Britain,
1649 3445 1746 3499 from
1775 3443 1841 3482 the
1873 3438 2021 3480 inhabi·
2092 3430 2103 3478 ’ζ

261 3523 331 3560 and
349 3522 466 3560 called
487 3521 518 3558 it
536 3517 878 3556 scoti-chronicon.
1078 3532 1099 3541 ..
1164 3515 1282 3554 tua,
1313 3503 1402 3544 who
1428 3509 1530 3541 went
1557 3499 1844 3551 butes—Gru&
1858 3493 2023 3546 Britain,
2099 3493 2102 3497 “

259 3615 284 3633 k
315 3575 378 3628 (2)
406 3574 588 3625 Bretagrie
612 3584 655 3612 or
681 3568 895 3636 Britanyjn
910 3568 1066 3625 limen,
1084 3563 1117 3604 i·
1166 3562 1240 3602 md
1257 3557 1372 3601 ἑνικὴ
1387 3555 1510 3621 there·
1750 3565 1764 3573 ‘¹
1962 3562 1963 3565 ’
1996 3565 2000 3569 ·

1111 3678 1139 3702 c
1590 3611 1658 3709 s*
1761 3610 2106 3730 ‘meg

2084 3758 2105 3838 l
