2106 3838
210 183 298 231 20
546 169 909 235 RERUM
999 168 1695 239 ScoTrcARtrM

214 263 362 310 versis
386 281 397 310 :
430 266 637 330 adeoque
660 266 765 313 scite
788 269 872 312 hae
893 265 1069 314 ratione
1092 266 1231 314 lectos
1254 269 1551 326 concinnant,
1579 283 1630 319 ut
1651 271 1857 321 mollicie
1895 287 2002 324 eum

217 329 380 391 pluma
399 344 592 383 certent,
616 331 875 378 salubritate
893 332 1032 393 longe
1055 331 1281 393 superent.
1313 335 1448 382 Erica
1464 335 1589 383 enim
1612 336 1811 385 naturali
1836 339 2005 387 ficcan-

218 392 269 439 di
293 392 339 439 vi
360 395 555 456 praedita
573 396 872 458 supervacuos
890 396 1105 442 humores
1124 395 1352 455 exhaurit,
1368 399 1605 463 nervisque
1622 417 1783 448 eorum
1803 403 2002 451 molesti·

216 473 246 514 a
266 457 472 506 liberatis
494 462 623 506 suum
644 461 849 522 vigorem
874 458 1063 506 restituit
1090 477 1101 505 :
1125 458 1207 512 ita,
1233 471 1283 506 ut
1304 462 1388 523 qui
1407 463 1588 527 vespere
1610 466 1839 529 languidi,
1858 472 1898 514 δι
1917 467 2003 516 las·

217 521 251 568 si
272 524 608 579 decubuerunt,
635 541 764 570 mane
787 524 959 582 vegeti,
985 528 1024 570 &
1049 524 1216 571 alacres
1240 528 1491 588 resurgant.
1547 531 1779 577 Omnibus
1803 548 1897 580 non
1919 548 2003 578 ne-

215 586 445 649 gligentia
467 590 608 637 modo
629 590 673 634 in
711 589 781 648 (1)
803 586 1024 643 culcitris,
1050 593 1090 635 δι
1118 590 1189 650 (2)
1215 589 1409 653 stragula
1426 592 1562 647 veste,
1583 594 1658 640 sed
1678 595 1908 643 affectatio
1929 595 2005 641 in·-
2055 605 2064 622 ⁰

215 651 332 697 culti
366 652 580 706 horroris,
607 659 645 699 ἃ
668 652 854 699 duritiei
875 652 1048 699 summa
1069 653 1144 700 est.
1230 652 1277 700 Si
1300 654 1487 718 quando
1511 655 1630 712 usus,
1665 673 1745 705 aut
1767 658 2000 707 neceffitas

217 732 296 761 eos
343 715 388 762 in
429 718 723 779 peregrinum
769 717 913 764 solum
958 717 1112 772 trahit,
1157 718 1389 771 culcitras,
1446 724 1485 765 δι
1530 720 1760 784 hospitum
1806 723 2006 787 stragula

214 779 347 826 humi
387 783 682 844 provolvunt.
727 797 780 828 ac
818 782 903 828 suis
926 782 1125 830 vestibus
1158 781 1357 830 involuti
1397 783 1440 831 se
1480 783 1627 847 quieti
1665 799 1956 850 componunt
1989 804 2003 834 ε

217 842 380 890 soliciti
404 844 636 899 videlicet,
663 862 719 892 ne
745 846 935 893 barbara
955 847 1035 893 illa
1061 850 1133 907 (ut
1154 847 1236 909 ipsi
1258 850 1446 909 vocant)
1474 849 1700 897 mollicies
1723 849 1936 914 patriam,
1962 855 2005 898 δε

214 906 465 971 ingenuam
489 909 704 957 duritiem
728 910 1026 957 contaminet.
1048 911 1100 956 In
1126 911 1248 957 bello
1270 923 1424 959 autem
1438 913 1606 974 quibus
1629 930 1824 978 corpora
1849 928 2008 979 tegant

215 988 344 1018 arma
367 973 467 1020 sunt
494 979 564 1034 (3)
595 975 716 1022 caffis
741 975 901 1029 ferrea,
948 981 985 1022 δι
1015 976 1086 1038 (4)
1112 974 1257 1021 lorica
1278 975 1435 1023 ferreis
1457 978 1638 1024 annulis
1659 980 1869 1027 confecia
1889 981 2010 1044 plae-

215 1053 398 1099 rtnque
421 1039 475 1085 ad
499 1041 612 1086 talos
654 1041 792 1103 usque
813 1040 1014 1088 demissa.
1084 1040 1206 1086 'I‘ela
1243 1039 1452 1087 adversus
1475 1041 1645 1089 hostem
1672 1058 1822 1099 arcus,
1846 1049 1887 1091 &
1926 1045 1999 1109 (5)

216 1099 391 1164 sagittae
415 1103 617 1152 maxima
644 1120 702 1152 ex
724 1119 852 1168 parte
875 1106 1068 1152 hamatae
1110 1104 1267 1151 ferreis
1291 1105 1506 1168 utrinque
1529 1106 1732 1154 barbulis
1755 1106 2006 1156 eminenti-

215 1165 303 1213 bus
339 1187 349 1214 ;
384 1184 489 1231 quae
511 1169 593 1216 nisi
614 1171 804 1216 vulnere
841 1171 932 1217 late
971 1168 1198 1232 patefacto
1221 1187 1246 1217 e
1268 1184 1462 1234 corpore
1484 1170 1662 1218 extrahi
1685 1188 1775 1218 non
1800 1173 1999 1236 possunt.

218 1233 338 1280 Sunt
357 1233 438 1296 qui
462 1234 641 1281 ensibus
662 1232 782 1289 latis,
806 1246 886 1282 aut
909 1234 981 1295 (6)
1006 1232 1237 1281 securibus
1275 1246 1502 1297 pugnent.
1536 1236 1665 1283 Loco
1688 1236 1812 1283 tubae
1838 1238 1911 1300 (7)
1937 1236 1997 1285 ti-

216 1294 294 1342 bia
317 1311 508 1345 utuntur
527 1297 777 1346 utriculari.
824 1300 1002 1346 Musica
1020 1298 1221 1348 maxime
1243 1299 1527 1346 deleclantur
1569 1319 1580 1347 ε
1625 1299 1700 1347 sed
1726 1302 1798 1362 (8)
1825 1300 1889 1348 sui
1913 1318 1996 1366 ge·

215 1360 336 1408 neris
360 1362 526 1410 fidibus
561 1382 576 1410 2
606 1380 800 1428 quarum
836 1363 936 1411 aliis
960 1363 1146 1410 chordae
1168 1363 1267 1411 sunt
1303 1379 1458 1418 aeneae,
1499 1364 1600 1412 aliis
1620 1368 1644 1412 e
1666 1366 1818 1413 nervis
1848 1365 2000 1421 ἠθεῖ’,

215 1441 330 1489 quas
354 1428 425 1473 vel
457 1428 688 1490 unguibus
712 1426 976 1492 praelongis,
1000 1428 1073 1476 vel
1109 1430 1181 1490 (9)
1231 1428 1414 1490 plectris
1437 1429 1631 1492 pulsant.
1667 1429 1822 1477 Unica
1843 1443 2000 1478 autem

213 1488 308 1537 iuis
333 1492 526 1540 ambitio
547 1494 625 1548 est,
647 1507 696 1539 ut
719 1494 829 1540 fides
855 1494 1002 1542 multo
1026 1506 1218 1556 argento
1239 1506 1481 1548 exornent,
1507 1499 1545 1541 δι
1569 1493 1783 1558 gemmis.
1816 1494 1998 1543 Tenui-

211 1570 315 1600 ore>
343 1573 422 1618 rrro
442 1558 638 1620 gemmis
658 1558 912 1610 cristallum
953 1558 1193 1605 adhibent.
1264 1556 1501 1605 Accinunt
1522 1571 1675 1606 autem
1698 1573 1880 1607 carmen
1906 1576 1999 1607 non

213 1618 493 1669 inconcinne
517 1623 704 1676 saecum,
728 1623 852 1686 quod
879 1623 972 1669 fere
995 1622 1153 1670 laudes
1177 1621 1364 1668 fortium
1387 1621 1593 1670 virorum
1616 1624 1852 1671 contineat
1878 1643 1887 1671 :
1914 1640 2000 1671 nec

213 1683 340 1731 aliud
365 1684 458 1732 fere
479 1700 802 1750 argumentum
825 1703 986 1734 eorum
1009 1686 1145 1735 Bardi
1168 1688 1375 1734 trac‘tant.
1429 1688 1600 1735 Vetere
1622 1687 1869 1737 Gallorum
1909 1689 1995 1735 ser-

211 1764 349 1796 mone
374 1752 560 1811 paulum
585 1766 762 1799 mutato
785 1764 990 1799 utuntur.

278 1814 501 1862 XXXIV.
535 1817 699 1863 Insulae
720 1816 841 1863 circa
862 1816 1082 1872 Scotiam,
1105 1832 1210 1878 quae
1231 1814 1377 1879 prisca
1394 1826 1585 1865 utuntur
1598 1816 1775 1882 lingua,
1796 1834 1993 1882 quaeque

212 1879 544 1928 Occidentales
564 1894 789 1928 vocantur
810 1881 871 1927 ita
891 1881 982 1929 fere
1007 1881 1047 1927 se
1070 1880 1257 1928 habent.
1326 1880 1479 1928 Prima
1510 1882 1720 1930 omnium
1743 1884 1803 1930 est
1830 1882 1989 1938 Mana,
2061 1919 2063 1921 .

211 1942 324 1990 falso
342 1947 616 2006 quibuldam
639 1946 761 1993 dieta
785 1946 929 1992 Mona
954 1964 966 1994 2
998 1946 1055 1992 ab
1077 1944 1416 2008 antiquioribus
1438 1946 1652 1994 Eubonia
1671 1965 1682 1993 ε
1708 1946 1736 1992 ὲ
1758 1947 1902 1995 Paulo
1924 1948 1994 1992 O·

199 2010 326 2056 soiio
350 2011 586 2065 Mevania,
609 2026 687 2057 aut
709 2011 858 2073 potius
880 2010 1128 2058 Maenavia.
1164 2009 1312 2056 Prisca
1332 2009 1456 2057 enim
1481 2011 1543 2057 lin
1583 2027 1640 2057 ua
1663 2011 1845 2058 Manim
1868 2010 1986 2058 dici-

209 2084 302 2119 tur.
371 2076 544 2139 Superi·
567 2091 588 2122 r
608 2089 713 2124 aetas
731 2075 958 2138 oppidum
980 2075 1027 2122 in
1051 2091 1104 2121 ea
1122 2074 1343 2122 Sodoram
1367 2029 1632 2138 appellabat
1652 2094 1663 2122 z
1689 2075 1734 2122 in
1754 2092 1847 2138 qua
1865 2075 1992 2123 Insu-

209 2136 418 2186 lanorum
445 2140 694 2204 Episcopus
717 2140 865 2187 sedem
889 2139 1103 2186 habebat.
1173 2140 1335 2203 AEquo
1363 2138 1459 2186 fere
1481 2139 1625 2202 spatio
1654 2140 1712 2187 ab
1743 2139 2001 2194 Hibernia.-

211 2201 483 2252 Gallovidia
505 2205 688 2260 Scotiae,
723 2211 764 2252 Sc
804 2205 1031 2265 Cumbria
1068 2203 1253 2267 Angliae
1289 2203 1526 2265 provincia
1550 2205 1630 2252 sxta
1659 2206 1738 2252 est.
1807 2205 1870 2252 Vi
1904 2204 1996 2253 inti

211 2281 412 2328 quatuor
433 2269 580 2316 millia
601 2271 804 2332 pass'uum
831 2269 876 2316 in
902 2271 1112 2340 longum,
1144 2271 1249 2314 octo
1270 2269 1317 2316 in
1338 2269 1481 2316 latum
1505 2269 1813 2332 protenditur.
1872 2221 1991 2317 {ro-

211 2331 337 2378 xima
355 2332 401 2380 in
428 2337 530 2396 (ιο)
556 2335 759 2382 aestuario
779 2334 958 2381 Glottae
980 2334 1122 2397 surgit
1147 2331 1288 2388 Alisa,
1320 2350 1455 2396 rupes
1485 2335 1628 2382 ardua
1650 2333 1855 2398 undique
1873 2351 1990 2398 prae·

211 2407 282 2442 ter
304 2413 445 2445 unum
467 2399 640 2447 aditum
667 2415 884 2463 praeceps.
955 2400 1083 2445 Toto
1107 2399 1199 2446 fere
1222 2414 1342 2445 anno
1365 2399 1568 2446 humano
1589 2400 1717 2447 cultu
1740 2414 1903 2454 vacua,
1920 2398 1990 2446 ni-

211 2460 241 2506 fi
267 2462 396 2524 quod
417 2456 536 2510 statis
558 2463 842 2528 temporibus
866 2462 1180 2511 navicularum
1205 2463 1368 2526 ingens
1390 2479 1605 2511 numerus
1622 2464 1682 2510 ad
1702 2467 1746 2526 (ι
1762 2465 1805 2524 1)
1829 2462 1989 2511 asellos

207 2523 448 2587 piscandos
469 2530 526 2576 eo
550 2528 808 2576 conveniat.
877 2529 1110 2590 Frequens
1133 2528 1193 2575 est
1222 2527 1468 2582 cuniculis,
1504 2527 1753 2591 avibusque
1781 2526 1995 2583 marinis,

207 2605 358 2653 eoque
381 2593 583 2642 maxime
604 2611 770 2658 genere
804 2593 1028 2646 anserum,
1053 2609 1166 2657 quas
1193 2594 1296 2654 (ιι)
1323 2594 1508 2640 ὀοίαῃαε
1531 2607 1766 2640 vocamus.
1834 2593 1905 2640 Ex
1927 2608 2004 2639 ae·-

262 2708 329 2759 (1)
357 2704 539 2759 culcitra',
556 2725 575 2750 a
588 2713 689 2751 twilt
701 2726 742 2751 or
755 2712 820 2750 bed
835 2721 874 2750 to
890 2711 983 2762 sseep
1002 2725 1066 2750 on.

264 2761 330 2814 (2)
385 2766 555 2814 Stragula
584 2767 705 2812 vestis,
744 2765 980 2803 bed-clothes
1027 2780 1075 2804 ur

206 2817 493 2867 bed-happingS‚
514 2819 702 2857 blank-ets.

261 2870 322 2921 (3)
368 2873 406 2909 A
437 2872 627 2922 knapscan
672 2886 715 2910 or
744 2871 964 2922 head-piece
1003 2886 1015 2921 5
1045 2884 1065 2908 a

204 2935 388 2963 muri-ron.

259 2977 326 3029 (4)
354 2981 391 3015 A
413 2978 633 3017 mil-mat..
790 2979 826 3017 It
851 2978 881 3015 is
901 2980 1006 3016 made
1025 2979 1071 3016 of

204 3043 290 3080 very
308 3033 414 3069 small
432 3032 534 3079 rings
559 3046 600 3070 or
630 3033 761 3070 circles
787 3033 832 3070 of
858 3033 960 3077 stcel,
981 3045 1065 3080 very

204 3085 418 3134 artificially
438 3084 602 3124 inser-tin
612 3099 683 3123 one
701 3085 884 3133 another5
901 3085 1012 3122 when
1032 3085 1064 3122 it

203 3137 236 3174 is
252 3138 312 3176 off
323 3139 388 3176 the
408 3139 549 3189 body,it
566 3139 598 3176 is
612 3140 722 3189 easily
736 3149 802 3189 put
819 3139 900 3175 into
916 3151 937 3175 a
956 3138 1063 3176 small

208 3190 276 3239 bag
294 3192 351 3229 for
367 3192 542 3240 carriage.
609 3193 644 3229 It
664 3193 804 3230 refisted
822 3203 972 3236 arrows,
991 3194 1063 3229 and

203 3256 282 3282 was
299 3245 410 3282 much
432 3245 515 3282 used
547 3246 592 3294 by
608 3259 677 3285 out
693 3245 963 3294 Highlandms,
998 3244 1061 3283 he-

206 3295 284 3335 fore
303 3297 369 3335 the
388 3298 582 3336 invention
601 3299 645 3336 of
657 3308 764 3348 guns-

257 3349 317 3401 (5)
330 3351 482 3400 Sagitrae
495 3350 674 3399 hamatae,
686 3352 840 3394 hooked
849 3364 893 3390 or
910 3351 1063 3390 burded

201 3416 349 3442 arrows.

259 3456 319 3507 (6)
348 3456 658 3497 Lochaber-axes.
715 3459 818 3499 Thio
841 3471 996 3509 weapon
1031 3459 1061 3497 is

202 3510 319 3548 lilaea
332 3510 609 3560 halben-,only
627 3511 693 3551 the
705 3525 818 3564 upper
835 3521 915 3563 part
933 3511 1058 3550 there-

202 3563 247 3600 os
273 3576 347 3600 was
374 3568 499 3600 armed
519 3563 610 3601 with
631 3576 677 3602 nn
712 3578 757 3604 ax
788 3564 902 3602 above
932 3577 977 3602 an
1007 3566 1056 3602 ell

199 3618 306 3665 long,
338 3629 483 3654 narzcw
512 3616 644 3657 below.
670 3617 735 3655 ket
766 3617 917 3656 bre-ader
934 3618 973 3654 in
993 3618 1058 3656 ιλιι

1134 2711 1274 2750 middle
1295 2726 1306 2760 ς
1335 2709 1465 2749 which
1485 2724 1553 2749 run
1573 2719 1611 2748 to
1631 2725 1650 2748 a
1667 2711 1768 2762 {harp
1786 2710 1906 2761 point,
1924 2710 1991 2749 αἶ’

1135 2767 1199 2813 gcd
1217 2779 1264 2802 on
1288 2764 1376 2802 both
1396 2765 1484 2801 fides
1504 2779 1514 2802 :
1557 2764 1623 2801 the
1648 2773 1724 2802 two
1740 2776 1839 2816 parts
1856 2764 1902 2802 of
1912 2764 1990 2802 this

1133 2831 1176 2855 ax
1198 2818 1270 2855 had
1290 2831 1309 2855 a
1328 2817 1454 2855 socket
1467 2830 1515 2855 on
1533 2817 1599 2855 the
1620 2817 1729 2864 back,
1745 2816 1910 2856 wherein
1922 2816 1989 2854 the

1132 2874 1239 2908 wood
1257 2871 1356 2909 hand
1375 2882 1449 2908 was
1468 2870 1679 2923 contained,
1693 2872 1763 2908 and
1775 2871 1827 2908 all
1842 2869 1908 2908 the
1919 2872 1990 2907 rest

1132 2937 1205 2961 was
1219 2924 1294 2963 tied
1314 2923 1407 2961 with
1427 2924 1524 2970 iron,
1537 2925 1607 2961 and
1626 2926 1750 2962 armed
1766 2932 1804 2961 at
1814 2922 1881 2962 the
1892 2923 1988 2962 low-

1130 2991 1170 3016 er
1188 2979 1259 3015 end
1278 2977 1372 3015 with
1392 2990 1412 3013 a
1430 2977 1552 3026 strong
1565 2978 1650 3015 steel
1669 2978 1789 3028 point.

1182 3030 1250 3083 (7)
1279 3033 1317 3068 A
1340 3030 1527 3080 δὶς-κύνε·
1764 3083 1773 3092 ,
1929 3083 1939 3092 ,

1183 3085 1248 3134 (8)
1293 3083 1557 3132 elarthaughs,
1584 3082 1695 3135 harps
1712 3085 1871 3134 strmged
1890 3083 1986 3122 with

1127 3150 1234 3177 wne.

1183 3189 1247 3242 (9)
1276 3192 1314 3229 Α
1332 3189 1427 3239 quill
1447 3203 1488 3228 or
1519 3189 1628 3238 stick,
1657 3187 1881 3229 wherewith
1898 3186 1989 3239 they

1127 3243 1218 3282 raise
1238 3243 1303 3282 the
1323 3244 1435 3281 found
1453 3243 1498 3281 of
1510 3243 1662 3282 mufical
1677 3244 1932 3288 innumeram,
1947 3254 1986 3279 a·

1128 3297 1217 3348 they
1236 3302 1282 3336 do
1301 3297 1410 3336 when
1432 3296 1521 3345 they
1537 3297 1622 3348 play
1637 3309 1689 3335 on
1703 3295 1772 3335 the
1789 3296 1927 3334 cittern
1944 3307 1988 3333 or

1126 3353 1311 3390 dnlcimcr
1332 3363 1340 3384 τ
1371 3365 1391 3388 a
1409 3349 1651 3388 fiddle-stick.
1919 3355 1921 3357 ’

1183 3403 1530 3454 (10)AEssuarium,
1543 3416 1562 3439 a
1578 3400 1686 3441 [ἠώς
1700 3401 1741 3441 in
1755 3413 1826 3441 our
1836 3400 1988 3440 ancient

1127 3458 1312 3507 languagd
1340 3458 1368 3495 it
1403 3454 1588 3505 fignifieth
1621 3468 1669 3494 an
1687 3468 1766 3493 arm
1785 3455 1832 3494 of
1843 3454 1909 3493 the
1925 3452 1984 3492 sea

1126 3510 1210 3549 that
1228 3509 1381 3550 flrweth
1401 3523 1450 3559 up
1469 3521 1490 3546 a
1503 3503 1597 3547 fre'th
1616 3517 1730 3547 water
1747 3508 1857 3547 river.

1179 3568 1218 3615 (ι
1231 3576 1245 3602 1
1255 3560 1458 3612 >eod-fini,
1468 3562 1659 3599 flock-fith
1672 3558 1980 3611 jatsohaddocks.

1179 3618 1265 3667 με)
1295 3613 1544 3664 Solvi-tecle.
1567 3613 1679 3665 They
1697 3627 1758 3653 are
1774 3613 1947 3666 pmperly
1961 3625 1983 3649 a

1879 3693 1981 3744 quo
