2068 3868
451 185 780 251 LIBER
852 179 1539 247 UNDEclmus.
1738 194 1871 257 325

101 310 150 342 re
173 292 458 339 decreveram
484 303 498 332 ε
535 299 681 343 neque
701 282 795 341 post
815 282 862 328 id
887 294 1066 342 tempus
1088 281 1180 326 ullo
1202 277 1298 324 sum
1333 274 1403 321 isti
1431 270 1618 320 fafitioni
1646 271 1871 320 beneficio

101 357 357 408 obstrictus,
381 367 461 397 cur
481 345 781 396 intermittere
803 362 897 391 rem
922 346 1146 399 affectam,
1181 349 1221 390 &
1243 356 1360 405 pene
1381 337 1635 386 confectam
1659 337 1872 383 debeam.

103 423 179 470 De
200 418 333 468 minis
366 416 456 463 istis
489 413 577 459 five
600 409 816 471 ipsorum,
842 410 928 454 five
954 409 1114 470 populi
1136 408 1218 468 ipfi
1247 403 1462 452 viderint.
1529 402 1629 449 Vos
1656 402 1871 448 nunciate

104 503 180 534 me
204 501 294 531 non
316 479 483 532 verbis,
502 476 577 522 sed
601 472 737 520 armis
762 474 869 518 hinc
891 473 1149 519 submotum
1172 471 1246 518 iri.
1402 526 1405 527 ⁷

170 547 342 596 XLIX.
376 545 446 590 Ita
474 538 635 604 legatis
660 553 706 582 re
743 536 913 582 infesta
937 536 1136 591 dimiffis,
1172 537 1282 582 dum
1302 535 1404 581 Rex
1427 530 1615 580 obsessos
1636 529 1872 586 omnibus,

104 630 209 676 quae
235 610 406 656 bellum
427 607 514 653 fert
538 603 685 655 matis,
711 613 909 663 urgeret,
930 600 1171 648 Donaldus
1195 599 1431 646 Insulanus
1461 613 1564 643 cum
1588 611 1756 659 magna
1787 611 1874 659 po-

102 676 334 740 pularium
359 686 497 718 manu
517 669 564 715 in
605 667 742 713 castra
759 665 902 712 venit.
969 666 1032 719 Is,
1066 678 1115 711 ut
1148 664 1403 710 facinorum
1428 660 1655 724 superiore
1675 660 1773 706 vita
1794 659 1876 706 ad-

104 741 337 787 mifforum
359 735 610 783 faciliorem
633 730 860 778 obtineret
881 728 1082 785 veniam,
1113 727 1387 791 Regemque
1418 726 1499 773 fibi
1518 725 1701 790 penitus
1722 725 1878 787 placa·

104 817 192 857 ret,
217 803 260 849 ei
282 804 342 849 est
365 798 616 864 pollicitus,
655 796 685 841 s1
709 796 803 857 quo
821 794 1037 857 progredi
1069 794 1225 846 vellet,
1250 792 1454 854 quandiu
1475 790 1521 836 in
1546 789 1719 837 hostico
1739 789 1875 844 foret,

103 869 337 930 reliquum
359 862 609 911 exercitum
630 860 756 906 mille
777 863 924 921 panus
956 859 1280 905 antecessarum
1303 874 1313 903 ε
1351 861 1390 903 &
1423 855 1644 917 asperiora
1681 868 1879 917 quaeque

107 932 313 995 pericula
336 927 592 992 principem
617 938 933 986 excepturum.
976 925 1108 970 quta
1129 924 1305 985 Regem
1333 921 1518 968 tendere
1534 920 1691 980 juffus,
1716 920 1880 965 cohor-

38 1023 51 1038 ν
108 1010 175 1043 tes
196 996 373 1057 aliquot
391 994 447 1039 ad
467 990 756 1054 populandos
775 1005 905 1051 agros
924 988 1084 1034 emifit.
1152 987 1332 1033 Eisdem
1357 985 1474 1031 forte
1496 984 1660 1031 diebus
1678 984 1880 1030 Alexan-

109 1061 191 1106 der
214 1057 483 1105 Gordonius
507 1052 758 1102 Huntilaeae
779 1054 947 1098 Comes
968 1069 1104 1097 novas
1128 1052 1283 1113 copias
1307 1049 1515 1096 adduxit.
1552 1048 1679 1094 Fecit.
1697 1065 1749 1095 ea
1769 1046 1881 1093 viri-

110 1141 190 1170 um
222 1123 422 1175 accessio,
465 1132 514 1167 ut
552 1134 814 1182 quanquam
839 1133 918 1162 arx
940 1117 1114 1162 strenue
1142 1115 1478 1167 defenderetur,
1503 1115 1605 1160 Rex
1627 1113 1674 1158 in
1696 1127 1883 1175 oppug-

110 1189 264 1235 nando
288 1185 562 1250 pertinacior
583 1184 688 1230 effet
712 1201 723 1229 :
762 1188 802 1228 δε
820 1197 924 1226 cum
948 1194 1080 1226 antea
1097 1179 1243 1241 magis
1264 1178 1458 1231 obsidio,
1479 1177 1618 1239 quam
1642 1193 1883 1239 oppugna-

112 1253 179 1299 tio
203 1254 323 1304 effer,
348 1251 609 1296 abundante
629 1245 925 1293 multitudine
945 1244 1063 1297 aliis,
1083 1256 1220 1305 atque
1249 1243 1348 1288 aliis
1374 1243 1421 1287 in
1442 1243 1649 1287 stationes
1668 1241 1884 1304 deinceps

112 1315 458 1363 succedentibus
473 1311 962 1376 praefidiarii,quorum
981 1309 1077 1368 jam
1097 1307 1230 1368 multi
1252 1306 1529 1360 ceciderant,
1557 1307 1708 1366 plures
1722 1307 1886 1352 vulne·

113 1381 241 1428 ribus
256 1378 392 1427 saucii
413 1378 616 1431 inutiles,
632 1375 799 1436 reliqui
820 1373 1052 1420 laboribus
1076 1371 1272 1426 affiduis‘,
1288 1376 1328 1417 δι
1343 1369 1515 1434 vigiliis
1538 1368 1715 1433 fatigati
1738 1382 1884 1426 erant,

116 1446 339 1509 paulatim
355 1443 410 1488 ad
430 1442 633 1505 pericula
645 1438 823 1503 segnius
839 1449 1152 1484 accurrerent:
1173 1436 1340 1499 quibus
1355 1449 1403 1482 ut
1417 1435 1562 1494 major
1575 1449 1717 1482 terror
1728 1435 1888 1482 admo-

118 1521 429 1571 veretur,pars
454 1506 574 1553 muri
604 1503 873 1552 Bombardis
901 1501 1282 1564 ferreis‚quorum
1299 1501 1473 1560 (1)tum
1497 1516 1689 1563 magnus
1705 1506 1745 1546 δε
1770 1500 1886 1555 usus,

117 1580 161 1622 Sc
183 1587 328 1621 metus
347 1585 458 1627 erat,
485 1571 613 1634 quati
630 1569 759 1631 juffa-
815 1567 890 1614 Ibi
914 1567 1024 1614 dum
1049 1569 1148 1614 Rex
1168 1565 1357 1629 propius
1383 1579 1431 1612 ut
1453 1565 1638 1619 arbiter,
1665 1568 1714 1613 δί
1737 1567 1889 1611 exast-

118 1655 172 1685 or
189 1638 358 1685 laboris
380 1638 527 1689 instat,
550 1652 640 1681 una
662 1634 686 1679 ὲ
706 1633 929 1678 machinis
950 1631 1171 1678 violentia
1186 1630 1308 1693 ignis
1325 1629 1504 1677 interne
1526 1629 1716 1675 furentis
1735 1628 1890 1675 excus-

122 1703 168 1750 so
192 1719 337 1748 cuneo
356 1702 531 1762 ligneo,
568 1697 741 1745 caeteris
764 1696 908 1742 illaefis
932 1697 1108 1759 Regem
1132 1696 1180 1742 in
1204 1709 1367 1740 terram
1392 1695 1617 1754 dejecitum
1642 1693 1786 1740 statim
1810 1710 1891 1740 ex-

123 1767 310 1813 animat.
391 1760 461 1811 Ex
485 1762 660 1817 aulicis,
687 1759 769 1823 qui
789 1760 997 1823 proxime
1019 1760 1262 1812 astiterant,
1304 1759 1380 1804 etsi
1405 1758 1643 1821 inopinato
1663 1758 1763 1805 casu
1787 1775 1895 1820 per-

121 1831 232 1877 culfi
254 1840 382 1876 erant
407 1847 417 1875 z
451 1841 622 1882 tamen,
647 1843 703 1872 ne
725 1824 866 1889 Regis
891 1837 1036 1871 morte
1059 1826 1207 1888 palam
1231 1824 1364 1877 fa&a,
1400 1824 1566 1886 vulgus
1595 1823 1890 1879 dilaberetur,

123 1911 290 1957 corpus
311 1895 480 1940 velant.
550 1891 746 1954 Regina,
771 1906 873 1952 quae
896 1907 950 1936 eo
971 1890 1068 1952 ipso
1090 1890 1164 1936 die
1185 1889 1237 1936 in
1256 1890 1392 1934 castra
1409 1899 1610 1943 venerat,
1637 1889 1758 1934 haud
1779 1905 1894 1951 qua-

126 1976 264 2020 quam
291 1958 505 2004 muliebri
532 1956 686 2002 animo
716 1956 891 2017 dejesta
920 1955 965 2000 in
993 1955 1155 2007 meins,
1182 1969 1389 2016 proceres
1411 1965 1651 2000 convocat.
1718 1954 1895 2000 Horta-

124 2036 198 2069 tur
223 2034 271 2069 ut
293 2022 447 2068 animo
471 2023 593 2067 bono
616 2021 699 2066 fint
725 2037 735 2065 ε
770 2036 857 2065 neu
883 2018 1014 2064 unius
1034 2019 1231 2064 hominis
1256 2017 1356 2063 casu
1376 2030 1445 2064 tot
1477 2018 1565 2064 viri
1582 2018 1720 2063 fortes
1744 2019 1896 2065 deter-

125 2087 204 2134 riti
227 2104 321 2133 rem
357 2103 474 2149 pene
513 2085 569 2131 ad
591 2085 765 2131 exitum
789 2084 1030 2129 dedutfilam
1056 2082 1254 2146 turpiter
1283 2083 1503 2129 deferant.
1589 2084 1644 2129 Se
1666 2081 1714 2128 in
1741 2083 1898 2129 locum

126 2151 330 2198 defunfti
354 2155 532 2212 Regem
555 2149 697 2196 alium
716 2148 844 2195 brevi
865 2148 1178 2195 adducturam.
1213 2149 1393 2194 Interea
1413 2146 1539 2194 omni
1560 2159 1778 2209 apparatu
1798 2147 1899 2198 bel-

124 2216 160 2263 li
184 2217 355 2263 hostem
387 2214 662 2279 urgendum,
701 2231 756 2259 ne
781 2225 927 2259 morte
949 2211 1234 2275 imperatoris
1257 2211 1490 2259 intellesta
1511 2212 1708 2258 ferocior
1729 2212 1899 2258 efficia-

124 2291 217 2334 tur,
241 2286 283 2328 &
322 2281 369 2326 in
403 2280 536 2326 unius
574 2277 774 2325 hominis
814 2290 959 2329 morte
992 2289 1061 2324 tot
1081 2278 1285 2324 virorum
1314 2275 1506 2324 fortium
1529 2276 1659 2323 fimul
1681 2275 1901 2326 virtutem

126 2346 376 2392 extinEtam
398 2344 636 2390 existimet.
687 2342 896 2390 Pudebat
918 2342 1037 2388 viros
1060 2342 1202 2388 animi
1226 2341 1547 2405 magnitudine
1569 2340 1594 2386 a
1615 2340 1808 2387 foemina
1828 2340 1901 2388 su-

127 2410 295 2473 perari.
364 2410 531 2456 Arcem
555 2406 699 2471 igitur
720 2407 869 2453 adorti
891 2406 990 2453 sunt
1012 2419 1137 2453 tanta
1164 2407 1210 2453 vi
1231 2423 1518 2469 oppugnare,
1544 2418 1594 2451 ut
1615 2419 1776 2452 neutra
1798 2422 1901 2467 pars

111 2476 309 2537 .Regem
333 2473 477 2520 abesse
499 2472 693 2519 senserit.
761 2473 942 2518 Interea
964 2473 1105 2534 Regis
1128 2471 1246 2517 filius
1269 2471 1462 2518 Iacobus
1485 2473 1654 2533 septem
1675 2486 1903 2517 annorum

127 2555 245 2601 puer
276 2538 326 2585 in
356 2539 494 2585 castra
529 2537 752 2583 adduCtus
792 2538 895 2582 Rex
917 2536 1132 2582 salutatur
1156 2554 1167 2582 ε
1214 2551 1299 2582 nec
1321 2536 1457 2582 multi
1479 2535 1759 2582 intercessere
1784 2534 1903 2589 dies,

118 2618 239 2650 vcum
262 2602 426 2665 Angli,
447 2602 526 2665 qui
549 2602 596 2647 in
620 2599 825 2663 praestdio
844 2611 989 2654 erant,
1010 2599 1261 2655 laboribus,
1279 2606 1318 2647 δι
1336 2599 1510 2664 vigiliis
1532 2599 1730 2647 confec'ti
1751 2616 1903 2646 arcem

129 2683 253 2714 novo
291 2666 415 2730 Regi
451 2665 743 2721 dediderunt,
783 2665 909 2727 pacti·
939 2676 989 2711 ut
1017 2665 1273 2712 incolumes
1307 2665 1382 2712 sua
1415 2665 1565 2712 secum
1590 2676 1903 2727 exportarent.

130 2733 232 2779 Arx
254 2749 310 2779 ne
332 2732 499 2779 iterum
521 2730 651 2777 causa
669 2729 781 2777 belli
801 2729 935 2785 foret,
959 2728 1061 2776 solo-
1084 2741 1305 2792 aequatur.

116 2826 122 2830 ,
196 2797 254 2844 L.
289 2797 433 2844 Hunc
457 2795 592 2842 finem
614 2794 720 2841 vitae
747 2794 909 2841 habuit
930 2795 1122 2841 Iacobus
1143 2794 1382 2850 secundus,
1407 2810 1528 2842 anno
1550 2794 1577 2841 ὲ
1601 2793 1780 2842 Christo
1798 2804 1908 2841 nato

72 2858 81 2865 ”
135 2859 306 2924 1460,
341 2875 433 2907 non
457 2859 612 2906 multis
634 2870 740 2906 ante
773 2858 1100 2920 aequinofitium
1129 2860 1341 2907 autumni
1370 2860 1533 2906 diebus
1558 2877 1570 2906 ε
1621 2858 1760 2907 aetatis
1787 2874 1910 2906 anno

135 2941 214 2988 29.
246 2925 484 2988 postquam
505 2940 695 2988 regnare
714 2934 919 2986 coeperat
943 2940 1018 2986 23.
1079 2925 1270 2987 Semper
1290 2924 1318 2970 a
1338 2923 1536 2987 pueritia
1556 2923 1678 2971 bella
1696 2921 1910 2969 domesti-

134 3004 206 3043 ca,
234 2993 282 3038 &
304 3001 494 3036 externa
513 3005 618 3035 eum
641 3002 956 3035 exercuerunt.
1013 2989 1080 3034 Ea
1097 2989 1412 3036 moderatione
1433 2987 1577 3036 animi
1595 3004 1664 3034 res
1684 2986 1909 3043 adversas,

132 3057 180 3103 ,δε
198 3053 429 3115 prosperas
449 3053 643 3100 tulerat:
666 3070 720 3100 ea
741 3053 888 3099 fuerat
904 3052 953 3099 in
975 3053 1121 3099 hostes
1139 3052 1427 3107 fortitudine,
1449 3052 1498 3098 in
1516 3051 1695 3098 deditos
1708 3051 1911 3112 clemen·

60 3149 64 3151 Α
134 3115 217 3169 tia,
242 3128 292 3162 ut
314 3117 562 3164 maximum
587 3116 652 3163 sui
675 3116 947 3163 desiderium
972 3117 1095 3178 apud
1117 3133 1275 3163 omnes
1299 3116 1482 3163 ordines
1504 3115 1757 3177 reliquerit.
1817 3117 1912 3163 E6-

134 3194 227 3241 que
244 3180 305 3224 est
327 3179 420 3226 visa
442 3196 562 3226 mors
585 3181 807 3234 acerbior,
828 3181 958 3244 quod
979 3180 1033 3226 in⁴
1044 3180 1249 3240 juventae
1271 3180 1382 3226 flore
1405 3192 1474 3226 tot
1496 3178 1626 3225 malis
1649 3179 1909 3235 defunetus,

137 3245 244 3287 cum
263 3241 438 3289 summa
457 3245 514 3289 de
537 3243 783 3290 virtutibus
805 3245 901 3305 ejus
919 3245 1025 3290 esset
1042 3243 1316 3304 expectatiO,
1340 3255 1528 3306 repente
1546 3244 1742 3290 decessit.
1815 3247 1915 3291 Au-

138 3305 208 3359 xit
241 3305 632 3366 ejusdefideri'um
657 3306 741 3352 filii
762 3309 904 3355 rebus'
918 3305 1132 3370 gerendis
1167 3319 1273 3353 aetas
1308 3305 1553 3354 immatura
1577 3307 1911 3371 reputantibus,

136 3382 362 3429 quantum
396 3368 702 3431 superioribus
736 3370 905 3433 viginti
933 3369 1062 3416 annis
1097 3370 1324 3417 malorum
1348 3371 1668 3432 pertulissent;
1715 3389 1915 3436 quorum

58 3491 65 3500 ι
140 3432 368 3487 incendiis
388 3434 592 3479 nondum
616 3433 752 3496 plane
772 3433 1006 3487 restinc‘lis,
1022 3449 1080 3480 ex
1101 3433 1323 3494 praeteriti
1341 3433 1561 3499 temporis
1578 3437 1915 3493 recordatione,

137 3496 365 3559 sequentis
387 3496 594 3544 divinare
615 3498 741 3559 posse,
762 3499 922 3550 statum
942 3497 1025 3546 fibi
1046 3496 1338 3548 videbantur.

195 3619 268 3676 (ι),
288 3624 379 3666 Scil.
395 3626 714 3668 Tormentorum.,

1805 3735 1926 3784 RE-
