2053 3822
572 174 907 241 Lrssan
999 174 1369 243 Nonus·
1720 182 1864 249 2611

103 277 341 328 adversum
361 276 405 324 se
426 271 661 323 con-civia
713 272 853 319 Certe
875 272 1107 321 Robertus
1129 276 1368 324 Scotorum
1392 275 1564 322 Prorex
1586 275 1700 323 adeo
1726 279 1806 327 illa
1825 300 1875 329 e·
1935 319 1939 325 ,

79 358 84 364 “
97 346 173 408 jus
192 343 408 404 jactantia
425 339 513 386 fuit
533 335 744 391 offensus,
765 348 816 383 ut
830 335 994 396 justam
1016 339 1193 398 causam
1215 339 1414 395 duxerit,
1439 355 1520 387 cur
1536 341 1878 402 expeditionem

104 408 315 456 adversus
344 422 449 453 eum
485 401 745 464 susciperet,
777 399 997 463 ingressus
1031 404 1080 449 in
1114 405 1340 453 hosticum
1375 403 1467 452 una
1487 421 1593 452 cum
1625 406 1876 457 Arcibaldo

106 462 342 536 Duglaffio
364 483 462 518 tum
485 465 730 529 Duglaffiae
754 465 941 512 Comite
962 470 1084 515 refta
1105 471 1162 517 ad
1181 470 1370 525 hostem,
1388 469 1470 533 qui
1490 485 1659 533 magno
1676 486 1781 518 cum
1799 490 1880 520 ex-

99 539 250 586 ercitu
273 532 521 598 praestolari
540 531 797 585 dicebatur,
821 528 954 576 duxit
978 548 989 577 ε
1013 544 1153 596 atque
1175 535 1255 582 ubi
1276 537 1333 584 eb
1352 534 1575 598 pervenit,
1595 535 1740 582 statim
1757 554 1880 602 pug·

106 600 249 649 nandi
269 597 452 662 copiam
474 596 585 644 fecit
608 615 619 643 ε
644 595 703 642 ad
724 606 983 642 morantem
1000 598 1345 646 caduceatorem
1365 599 1501 655 misit,
1519 599 1725 661 quicum
1744 603 1801 649 ad
1820 620 1880 649 ae-

99 680 245 728 quam
264 662 528 714 certaminis
546 663 692 710 aleam
709 673 1001 723 provocaret.
1070 664 1157 710 Sed
1176 678 1281 710 cum
1302 664 1528 712 Martialis
1546 665 1658 712 locis
1696 667 1881 722 tut-iffi&

104 730 280 776 accessu
296 728 562 776 difficili-bus
576 726 618 774 se
638 736 829 777 teneret,
851 741 935 772 nec
953 725 1212 788 responsum
1230 728 1520 777 caduceatori
1539 730 1684 786 daret,
1698 731 1882 780 Rober-

101 804 178 841 tus
201 794 439 857 postquam
462 792 640 856 aliquot
660 791 794 837 horas
817 789 966 837 aciem
978 790 1168 842 *suorum
1191 795 1457 850 ostentasset,
1490 794 1743 843 exercitum
1757 793 1810 845 in
1834 813 1882 844 a·

103 874 211 921 gros
235 858 609 920 circumjacentes
632 855 890 918 praedatum
913 854 1057 904 mittit
1082 875 1094 905 ι
1119 870 1255 922 atque
1277 876 1331 905 ea
1348 859 1546 914 maxime
1566 860 1683 914 loca,
1703 860 1751 910 in
1772 862 1880 926 qui·
1948 916 1955 918 ,

106 924 192 970 bus
217 923 446 970 Martialis
470 920 682 970 diversari
704 920 892 977 solebat,
928 924 1172 985 populatus
1196 925 1296 971 suos
1317 924 1471 987 praeda
1491 940 1652 987 graves
1675 925 1765 973 fine
1787 943 1885 974 cer-

105 986 280 1036 tamine
299 986 499 1035 reduxit.
555 987 676 1034 Haec
698 985 934 1048 expeditio
947 987 1027 1033 etsi
1040 987 1178 1036 nimis
1197 989 1290 1036 levi
1307 991 1364 1035 de
1382 987 1511 1041 causa
1532 987 1679 1047 fuiffet
1696 990 1884 1055 suscaep-

107 1064 171 1107 ta‚
196 1065 351 1101 tamen
372 1068 465 1100 non
485 1050 634 1099 minus
655 1051 801 1114 Angli
824 1067 963 1114 quam
988 1053 1114 1100 Scoti
1130 1054 1396 1118 gaudebant
1412 1052 1611 1099 hominis
1635 1054 1885 1104 vanitatem

105 1116 173 1164 ita
190 1117 317 1165 fuisse
340 1120 598 1165 refutatam.
668 1116 753 1177 Ille
772 1128 943 1169 autem,
968 1117 1150 1178 quoties
1172 1134 1226 1165 ea
1247 1119 1304 1164 de
1326 1133 1375 1163 re
1397 1116 1570 1163 mentio
1593 1117 1745 1174 fiebat,
1769 1121 1885 1167 caria

109 1193 202 1232 tate
224 1181 413 1236 civium,
439 1198 554 1245 quos
577 1181 626 1227 in
647 1179 890 1228 discrimen
915 1181 1006 1243 sine
1023 1181 1154 1229 causa
1171 1183 1316 1230 nollet
1337 1197 1583 1244 exponere,
1607 1182 1658 1229 id
1681 1182 1707 1230 a
1725 1184 1767 1231 se
1788 1185 1884 1233 fac·-

109 1258 208 1295 tum
232 1247 489 1294 excusabat.

172 1312 322 1359 LXV.
358 1312 468 1360 Hoc
486 1311 583 1375 ipso
603 1322 813 1383 tempore
835 1327 942 1359 cum
964 1327 1020 1358 ex
1041 1309 1242 1358 induciis
1258 1309 1307 1358 in
1327 1310 1589 1374 spem-pacis
1611 1310 1729 1360 inter
1746 1315 1885 1363 Fran-

52 1378 53 1382 ’
108 1391 205 1431 (205,
231 1389 278 1424 et
301 1377 481 1441 Anglos
503 1393 585 1440 per
606 1376 897 1431 Pontificem,
932 1381 973 1423 δε
994 1375 1171 1424 vicinos
1194 1376 1430 1440 Principes
1452 1388 1641 1423 ventum
1674 1379 1795 1434 estet,
1831 1396 1885 1426 ea

107 1442 228 1505 lege,
253 1453 301 1488 ut
324 1453 622 1504 utrorumque
645 1441 784 1488 amici
806 1441 1151 1497 ascriberentur,
1180 1442 1442 1504 Anglorum
1464 1442 1684 1489 videlicet
1705 1443 1884 1491 Lusita-

109 1505 177 1562 ni,
202 1508 479 1554 Francorum
503 1505 650 1560 Scoti,
674 1511 715 1553 &
747 1505 946 1570 Hispani
979 1506 1347 1554 Castellanenses.
1415 1506 1644 1554 Robertus
1663 1507 1765 1555 Rex
1785 1525 1888 1556 om-

108 1570 244 1618 nibus
266 1570 352 1618 suis
370 1570 734 1634 repugnantibus
752 1588 868 1618 unus
892 1570 1051 1618 frustra
1072 1570 1362 1618 assentiebat:
1380 1588 1529 1634 neque
1545 1570 1670 1619 enim
1689 1571 1783 1635 ipse
1805 1591 1888 1637 pa-

106 1651 228 1691 cem,
263 1636 336 1682 vel
359 1635 567 1682 inducias
593 1635 741 1683 faeere
756 1648 959 1698 poterat,
992 1635 1074 1682 nisi
1096 1653 1153 1682 ex
1176 1635 1398 1683 sententia
1416 1635 1593 1699 publici
1609 1652 1884 1695 conventus,

109 1715 260 1762 neque
280 1700 428 1747 firmas
454 1699 664 1762 polliceri
686 1701 777 1746 fine
800 1701 988 1762 publico
1011 1699 1196 1747 decreto
1218 1716 1231 1748 ι·
1250 1716 1333 1748 nec
1352 1701 1568 1747 nobilitas
1589 1700 1796 1750 dolorem
1815 1703 1886 1750 su-

113 1781 191 1811 um
217 1764 406 1811 tacitum
424 1764 631 1811 adversus
652 1764 846 1810 Gallum
865 1764 1100 1811 continere
1119 1775 1314 1828 poterat,
1330 1781 1386 1812 ex
1408 1782 1502 1829 quo
1519 1765 1653 1812 illum
1673 1767 1813 1814 modo
1832 1784 1886 1814 u-

112 1828 209 1875 sum
231 1841 461 1891 caperent,
488 1839 539 1875 ut
557 1844 662 1874 curn
681 1830 787 1875 esset
805 1829 1073 1877 bellandum
1092 1845 1197 1876 curn
1216 1831 1338 1876 hoste
1356 1847 1481 1877 arma
1498 1832 1556 1877 de
1574 1831 1785 1878 manibus
1803 1832 1890 1893 de<

113 1894 328 1949 traheret,
368 1897 420 1944 ὃς
458 1892 654 1940 fruCtu‘m
685 1892 927 1955 superioris
957 1893 1182 1949 vstioriae,
1225 1895 1442 1958 spemque
1472 1895 1637 1941 futurae
1669 1896 1887 1950 auferret.

115 1958 329 2004 Tandem
352 1958 449 2019 post
477 1958 665 2021 longam
687 1958 1033 2006 altercationem
1054 1959 1235 2023 legatus
1258 1960 1341 2022 qui
1363 1959 1390 2005 a
1413 1959 1556 2007 Gallo
1579 1973 1782 2016 venerat,
1806 1961 1886 2009 vix

112 2020 395 2084 impetravit,
434 2033 482 2068 ut
511 2039 562 2068 ea
593 2023 649 2068 de
676 2039 723 2068 re
747 2023 871 2070 Scoti
893 2023 941 2070 in
974 2023 1180 2071 Galliam
1198 2025 1373 2088 legatos
1402 2024 1663 2072 mitterent:
1697 2042 1803 2075 cum
1829 2025 1885 2074 iis

112 2089 261 2134 actum
287 2104 344 2133 ne
365 2085 442 2133 sua
461 2086 712 2150 pertinacia
732 2087 862 2150 spem
880 2088 1002 2151 pacis
1023 2088 1296 2154 propinquae
1317 2089 1611 2153 impedirent,

179 2152 355 2200 LXVI.
386 2152 490 2199 Nec
513 2153 743 2200 Robertus
766 2154 868 2199 Rex
887 2154 975 2200 diu·
989 2153 1225 2217 superfuit.
1293 2155 1420 2202 Nam
1439 2154 1487 2201 in
1502 2171 1611 2213 arce
1630 2154 1722 2211 sua,
1744 2172 1887 2220 quam

57 2222 60 2223 ’
113 2215 309 2265 Dunurn
330 2216 538 2264 Donaldi
555 2229 738 2272 vocant,
773 2218 969 2273 decefiit,
1006 2235 1127 2266 anno
1167 2235 1285 2285 1390
1312 2220 1370 2266 ad
1399 2237 1450 2283 13
1486 2218 1713 2267 Calendas
1743 2216 1886 2269 Maii.

113 2280 248 2328 Vixit
258 2298 401 2328 annos
416 2299 495 2346 74,
514 2298 707 2344 regnum
727 2283 876 2330 tenuit
901 2300 953 2347 19
974 2286 1044 2346 (1)
1066 2299 1120 2330 ac
1137 2284 1234 2331 dies
1249 2284 1417 2348 viginti
1435 2296 1647 2348 quatuor.
1680 2285 1775 2332 Hic
1787 2287 1889 2334 Rex

29 2385 39 2389 -
68 2373 73 2376 -
114 2361 197 2418 per
209 2346 385 2408 legatos
406 2347 527 2394 bella
543 2346 637 2402 fere
658 2346 834 2411 semper
850 2349 1029 2411 optimo
1042 2348 1235 2396 successu
1254 2349 1381 2412 gessit
1402 2367 1412 2396 z
1432 2349 1585 2412 paucis
1604 2348 1698 2411 ipse
1716 2351 1890 2413 praeliis

9 2417 13 2420 ’
116 2409 340 2458 interfuit.
379 2411 521 2475 Qod
543 2411 715 2459 fastum
736 2411 815 2459 alii
838 2413 1073 2467 aetati·‚alii
1093 2413 1291 2477 ignaviae
1319 2414 1541 2461 tribuunt.
1578 2415 1632 2461 Id
1655 2430 1764 2461 vero
1787 2431 1887 2463 om·
1926 2457 1929 2459 .

91 2477 195 2530 fnes
218 2491 309 2522 uno
327 2491 406 2522 ore
429 2475 716 2525 consentiunt
731 2477 882 2524 virum
906 2477 1033 2525 fuisse
1051 2479 1301 2541 optimum,
1324 2478 1538 2543 pacisque
1561 2477 1730 2526 artibus
1753 2480 1886 2530 cuili-

78 2553 79 2556 ’
117 2538 195 2586 bet
219 2539 446 2587 bonorum
466 2541 651 2604 Regum
675 2540 812 2588 facile
831 2543 1210 2605 comparandum.
1279 2545 1358 2606 Jus
1381 2545 1506 2590 enim
1527 2543 1794 2607 diligenter,
1819 2558 1886 2594 at-

3 2602 12 2611 ‘
48 2608 58 2614 ”
119 2619 207 2666 que
231 2605 518 2669 aequabiliter
553 2605 739 2654 dicebat
763 2625 774 2652 :
808 2607 1049 2654 latrocinia
1069 2607 1219 2654 severe
1238 2609 1479 2655 coercebat
1503 2625 1514 2653 t
1547 2608 1595 2655 in
1618 2607 1746 2675 factis
1767 2610 1888 2657 surn-

92 2666 95 2668 ’
119 2685 196 2717 ma
213 2669 478 2724 constantia,
502 2668 550 2715 in
580 2669 730 2717 verbis
769 2671 878 2718 fides
899 2670 1048 2719 inerat
1073 2691 1085 2719 ε
1116 2689 1311 2736 regnum
1337 2674 1465 2735 quod
1487 2673 1771 2736 temporibus
1794 2686 1889 2723 tur·

120 2731 321 2780 bulentis
339 2746 607 2797 accaeperat,
627 2734 756 2783 dorni
771 2735 968 2798 justicia,
992 2741 1042 2787 δί
1075 2739 1292 2801 aequitate
1313 2738 1476 2785 sedatis
1497 2736 1732 2786 discordiis
1752 2755 1886 2802 paca=

94 2796 187 2851 jvit
211 2817 222 2844 ι
257 2803 296 2844 &
319 2799 376 2844 ab
397 2798 598 2846 hostibus
631 2799 700 2846 ita
719 2801 1025 2864 recuperavit,
1052 2816 1102 2849 ut
1123 2816 1212 2850 tres
1237 2816 1416 2851 tantum
1438 2819 1561 2850 arces
1584 2804 1783 2868 reliquas
1804 2805 1886 2852 ha-

88 2908 97 2916 ,
116 2860 291 2912 berent.

134 2972 139 2978 ,
184 2927 385 2975 LXVII.
418 2928 487 2973 Eo
523 2927 741 2976 defuneto
776 2929 963 2977 initium
995 2948 1147 2979 rerum
1186 2933 1529 2995 turbandarum,
1553 2932 1677 2980 unde
1698 2930 1889 2980 minime

121 2990 462 3053 expeciabatur,
485 2995 546 3042 est
579 3007 823 3042 exortum„
875 2996 1139 3044 Alexander
1168 2998 1415 3045 Buchaniae
1438 3001 1606 3045 Comes
1639 2996 1889 3044 liberorum

90 3114 95 3118 .
120 3055 264 3118 Regis
286 3071 343 3103 ex
357 3056 631 3105 Elizabetha
654 3059 791 3108 Mora
812 3073 923 3106 natu
946 3060 1183 3116 minimm,
1207 3063 1268 3111 ob
1292 3064 1441 3110 levem
1464 3062 1638 3115 causam
1661 3059 1890 3124 Episcopo

34 3134 37 3136 ’
77 3124 85 3128 “
120 3118 398 3176 Moraviensi
420 3135 515 3167 erat
536 3121 752 3170 infensus.
818 3126 940 3171 Cum
962 3125 1107 3187 ipsum
1127 3129 1186 3173 ad
1207 3127 1379 3173 caedem
1403 3124 1600 3175 nancisci
1617 3141 1708 3172 non
1726 3126 1885 3188 posset,

36 3226 47 3233 „
86 3180 232 3245 stram
258 3179 305 3229 in
326 3182 492 3231 sacram
516 3186 676 3248 Elgini
699 3183 864 3243 aedem,
884 3188 1112 3244 omniurn,
1131 3207 1235 3252 qua:
1260 3202 1356 3238 tum
1375 3190 1422 3236 in
1446 3191 1599 3238 Scotia
1619 3200 1763 3244 erant,
1783 3190 1888 3252 pul-

119 3245 392 3294 cherrimam
418 3250 660 3305 convertit,
705 3268 900 3314 eamque
928 3252 1156 3307 >incendio
1190 3254 1360 3302 delevit
1406 3258 1492 3317 (2‘5.
1572 3254 1749 3303 Eodem
1766 3271 1889 3302 anno

176 3353 236 3402 (1)
265 3354 415 3392 Menses
436 3368 450 3393 1
462 3368 495 3393 1.
797 3355 800 3358 “
1036 3362 1085 3399 of
1099 3363 1239 3409 which,
1259 3366 1328 3401 and
1347 3363 1406 3401 his
1423 3364 1532 3404 other
1547 3363 1693 3403 vsicked
1705 3364 1825 3410 deed-s,
1839 3362 1890 3402 he

175 3408 234 3457 (τ’.)
248 3409 347 3459 June
366 3421 380 3444 1
390 3409 530 3459 390,he
541 3418 606 3448 not
617 3411 703 3460 only
719 3412 828 3449 bnrut
841 3413 906 3450 the
919 3426 980 3451 ca·
1035 3428 1109 3452 was
1126 3418 1229 3453 stiled
1241 3417 1306 3454 the
1320 3417 1703 3464 WoffofBadcnach,
1713 3417 1889 3455 ofwhich

125 3458 269 3497 thearat
284 3461 655 3508 ehurcn,butanba11
670 3465 734 3501 the
749 3467 932 3514 buildings
942 3467 988 3504 of
1035 3467 1085 3504 he
1113 3482 1185 3506 was
1205 3472 1350 3506 created
1373 3471 1451 3508 lord
1479 3471 1519 3508 in
1552 3484 1666 3523 1371,
1696 3471 1891 3519 according

126 3512 203 3553 the,
227 3523 342 3560 town,
366 3516 421 3560 St,
440 3517 584 3567 vGiles⁷s
616 3518 756 3556 charel>
777 3521 894 3564 there,
915 3520 980 3556 the
1035 3529 1075 3557 to
1092 3521 1157 3559 the
1177 3524 1251 3567 ear!
1269 3523 1312 3565 of
1325 3525 1566 3571 Cromen-tie,⁴³
1578 3527 1649 3563 and
1663 3525 1737 3562 earl
1756 3523 1800 3561 of
1812 3523 1891 3560 Bu-

124 3563 280 3614 hospital
302 3568 419 3604 called
432 3569 581 3611 Mais-sn
594 3571 691 3607 Dieu
705 3574 748 3611 de
767 3572 892 3619 Elgin,
909 3576 979 3610 and
1034 3574 1132 3611 chan
1150 3576 1188 3613 in
1219 3588 1333 3626 1374,
1353 3570 1546 3626 aecording
1559 3573 1611 3618 ‘to
1636 3579 1735 3618 Geo.
1759 3576 1889 3615 Craw·

128 3619 174 3655 153
194 3620 334 3657 manses
352 3622 395 3657 of
411 3635 545 3659 canons
564 3625 633 3660 and
652 3623 856 3673 chaplains.
888 3628 978 3663 And
1025 3627 1147 3674 *ford's
1165 3630 1268 3669 Scots
1284 3644 1449 3682 peel-age,
1732 3640 1736 3642 ’

49 3720 52 3721 ⁷
124 3669 167 3706 in
185 3672 248 3706 the
265 3674 397 3710 mouth
417 3675 462 3710 o'f
475 3675 567 3710 Μῦν
581 3679 793 3714 nreceedinrv,
812 3677 859 3714 he
875 3692 912 3714 ca
934 3710 936 3713 ,
955 3679 979 3711 ἶ-

1790 3723 1891 3773 G'u-
1908 3765 1916 3773 .
