1994 3833
126 124 257 206 526
505 126 1664 197 RERUMSco-rrcansums

125 223 169 269 fe
192 222 454 287 suspitiones
477 226 747 288 segregaret,
771 226 979 287 adeoque
997 225 1300 273 earfirnulatio
1321 226 1364 273 ei
1384 225 1605 290 proceffit,
1630 238 1680 276 ut
1700 225 1802 280 Rex
1821 232 1887 280 de·

126 288 282 334 animo
305 290 398 350 ejus
421 307 529 352 erga
550 290 703 350 sejam
727 291 862 352 plane
883 289 1109 337 benevolo
1130 291 1304 337 securus
1327 290 1479 340 literas
1502 291 1559 336 ad
1578 303 1772 356 patrem,
1800 297 1890 358 qui

126 351 337 407 Glascuae
377 371 495 416 aeger
532 353 802 409 substiterat,
842 355 974 401 bonae
1007 353 1119 414 spei,
1160 364 1213 401 ac
1252 354 1429 401 fiduciae
1462 356 1624 418 plenas
1653 355 1881 414 scriberet,
1949 367 1951 370 '

125 418 498 464 commemoratis
530 417 724 480 Reginae
738 435 847 482 erga
868 419 911 465 se
929 417 1108 473 officiis,
1145 435 1197 464 ac
1224 418 1457 481 simplicis,
1483 425 1522 466 &
1543 418 1700 465 sinceri
1721 420 1886 478 amoris

120 479 307 535 indiciis
332 499 344 528 ε
377 498 428 527 ac
452 482 553 528 iane
577 484 873 530 asseveranter
892 499 1043 531 rerum
1064 484 1120 532 in
1137 474 1298 531 meliu's
1321 484 1622 531 mutationem
1647 484 1729 530 fibi
1750 480 1905 547 spon--

123 544 276 592 debat.
343 547 463 592 Haec
484 546 699 593 scribenti
716 548 963 610 derepente
985 549 1166 611 Regina
1185 547 1446 603 intervenit,
1470 562 1523 594 ac
1543 547 1685 594 literis
1708 549 1886 610 perlec-

122 609 182 654 tis
205 610 364 656 crebro
384 626 488 657 eum
512 611 744 673 amplexa,
766 627 835 658 ac
857 612 1115 659 deosculata
1134 612 1218 662 fibi
1237 612 1369 675 supra
1389 612 1580 659 modum
1602 625 1784 677 gratum
1801 614 1887 660 effe

122 674 335 729 ostendit,
369 675 494 736 quod
510 676 607 737 jam
628 675 863 738 perspicue
883 668 1181 740 intelligeret,
1220 678 1395 725 nullam
1430 676 1479 725 in
1508 668 1606 739 ejus
1626 676 1781 724 animo
1801 693 1887 725 nu-

121 737 332 784 beculam
354 738 611 801 suspitionis
631 739 882 788 subsedisse.
1172 751 1174 754 “
1814 743 1819 748 ’
1933 789 1936 795 .

190 804 249 849 Χ.
283 802 379 850 Hic
401 820 508 852 curn
532 807 690 853 omnia
711 805 958 868 tranquilla
976 788 1257 861 viddrentur,
1281 805 1418 854 subiit
1437 804 1518 854 illa
1535 806 1676 854 altera
1697 821 1821 861 cura,
1836 818 1888 855 ut

122 878 292 921 toturn,
318 868 348 913 fi
369 885 461 940 qua
478 870 635 931 posset,
671 871 847 917 crimen
866 871 914 917 in
933 870 1047 917 alios
1068 871 1366 917 derivaretur.
1431 869 1592 935 Itaque
1610 871 1795 918 fratrem
1818 871 1889 918 su-

123 948 204 977 um
236 933 503 980 Moravium
525 935 727 991 accersit,
758 935 839 996 qui
860 946 1047 997 accepta
1069 953 1214 997 nuper
1234 934 1385 989 venia,
1405 936 1463 982 ad
1484 937 1660 983 Fanum
1685 936 1886 984 Andreae

122 997 409 1059 profesturus
431 1011 543 1056 erat,
565 1012 616 1046 ut
633 1015 823 1047 uxorem
844 999 1072 1055 inviseret,
1096 1017 1200 1062 quae
1223 999 1271 1047 in
1291 999 1467 1047 summo
1498 999 1606 1046 vitae
1628 999 1888 1056 discrimine

121 1061 287 1108 versari
311 1063 628 1111 nunciabatur.
672 1064 821 1111 .Nam
857 1069 908 1112 ὃς
938 1064 1237 1124 parturiebat,
1263 1069 1302 1110 &
1325 1065 1398 1126 (1)
1421 1064 1741 1126 exanthemata
1765 1068 1888 1127 (quae
1962 1063 1963 1067 ’

122 1129 311 1188 vocant)
347 1145 428 1191 per
449 1141 598 1177 totum
620 1145 785 1192 corpus
811 1145 915 1176 curn
937 1129 1200 1176 vehementi
1222 1128 1348 1175 febre
1369 1141 1627 1192 eruperant.
1695 1129 1889 1177 Causam
1930 1131 1931 1134 ’

123 1192 276 1248 fratris
298 1194 524 1257 retinendi
544 1195 692 1241 videri
712 1193 913 1250 volebat,
957 1205 1006 1240 ut
1027 1195 1231 1258 legatum
1253 1193 1398 1240 Ducis
1421 1193 1678 1248 Sabaudiae,
1718 1193 1799 1257 qui
1829 1194 1902 1240 ad'

124 1257 405 1320 baptismum
427 1258 648 1323 principis
667 1259 783 1319 justo
806 1259 942 1305 serius
961 1271 1164 1313 venerat,
1198 1258 1240 1305 se
1261 1257 1523 1314 honorifice
1541 1259 1660 1318 velle
1681 1257 1891 1305 dimitte.

124 1340 175 1378 re
199 1323 428 1371 simularet
449 1343 460 1370 :
496 1340 600 1388 quae
622 1324 729 1370 cum
753 1339 913 1385 parum
930 1323 1046 1383 justa
1066 1323 1314 1375 videretur,
1355 1338 1435 1369 cur
1472 1323 1532 1369 ab
1551 1322 1702 1369 officio
1725 1322 1821 1384 pio,
1846 1327 1890 1369 ez

123 1388 368 1435 necessario
390 1400 670 1442 avocaretur,
696 1399 847 1434 tamen
870 1387 1038 1448 paruit.
1091 1388 1272 1451 Regina
1292 1386 1466 1433 interea
1484 1387 1691 1455 quotidie
1709 1388 1889 1449 Regem

125 1453 366 1500 invisebat.
409 1455 530 1500 Eum
552 1469 658 1500 cum
678 1452 941 1506 Bothuelio,
965 1468 1102 1513 quem
1123 1464 1250 1498 extra
1266 1451 1562 1512 suspicionem
1581 1452 1666 1498 esse
1687 1452 1888 1505 volebat,

78 1532 81 1533 ’
122 1517 423 1565 reconciliat:
456 1517 706 1575 liberaliter
725 1515 772 1562 in
794 1518 1021 1579 posterum
1044 1517 1102 1562 de
1137 1517 1214 1562 sua
1235 1517 1284 1562 in
1312 1532 1417 1562 eum
1438 1516 1676 1562 voluntate
1697 1514 1893 1577 promit-

125 1583 202 1628 tit.
271 1584 342 1643 (2)
369 1585 489 1638 Quae
527 1582 782 1629 officiorum
825 1581 1052 1627 simulatio
1090 1596 1196 1627 cum
1233 1580 1449 1627 omnibus
1470 1580 1764 1626 vehementer
1784 1580 1891 1626 effet

122 1645 341 1709 suspec‘ta,
372 1663 511 1694 nemo
549 1659 702 1693 tamen
741 1647 918 1707 Regem
957 1645 1014 1690 de
1053 1645 1129 1691 suo
1162 1645 1370 1707 periculo
1391 1645 1638 1691 admonere
1659 1643 1889 1689 audebat:

123 1717 300 1775 quippe
321 1712 403 1775 qui
425 1711 599 1764 omnia,
619 1726 722 1771 quae
736 1710 918 1756 aliunde
942 1707 1216 1771 accipiebat,
1236 1706 1335 1771 quo'
1353 1710 1499 1771 magis
1517 1708 1564 1754 in
1587 1708 1782 1771 gratiam
1797 1708 1891 1754 Re-

125 1778 248 1842 ginae
264 1776 304 1822 se
327 1778 588 1828 insinuaret,
611 1776 653 1821 ei
675 1775 874 1821 revelare
897 1774 1072 1821 soleret.
1141 1775 1277 1820 Unus
1294 1772 1505 1820 inventus
1532 1773 1594 1819 est
1617 1772 1687 1835 (3)
1714 1771 1891 1818 Rober-

125 1857 201 1890 tus
220 1841 413 1904 Reginae
434 1841 573 1888 frater
597 1859 607 1887 :
645 1838 727 1902 qui
758 1839 845 1885 five
863 1838 1077 1884 facinoris
1096 1837 1351 1891 atrocitate,
1375 1838 1463 1883 five
1480 1836 1776 1884 adolescentis
1802 1835 1890 1883 rni-

126 1907 368 1956 i'ericordia
394 1920 563 1960 motus,
590 1904 742 1951 uxoris
763 1905 944 1950 insidias
967 1903 1024 1948 ad
1050 1919 1156 1949 eum
1181 1903 1358 1949 deferre
1378 1903 1440 1949 est
1460 1902 1588 1948 ausus
1613 1918 1630 1949 zv
1659 1900 1733 1948 sed
1753 1916 1808 1947 ea
1824 1901 1892 1947 le·
1932 1938 1935 1940 .

125 1990 203 2037 ge,
246 1983 296 2016 ut
330 1988 425 2018 rem
451 1971 573 2032 apud
596 1970 636 2016 se
660 1967 845 2015 tacitam
869 1968 1144 2019 contineret,
1180 1982 1233 2013 ac
1270 1967 1354 2014 suae
1390 1965 1718 2018 incolumitati,
1752 1981 1892 2028 quam
1953 2014 1958 2019 ,

124 2037 271 2102 ,posset
291 2037 650 2083 commodissime
673 2033 938 2079 consuleret.
1007 2032 1063 2077 Id
1098 2033 1199 2078 Rex
1232 2047 1337 2077 cum
1367 2047 1452 2093 pro
1468 2029 1546 2078 sua
1565 2029 1892 2093 consuetudine

125 2101 325 2165 Regina:
363 2100 613 2153 indicasset,
654 2096 971 2158 Roberti'isque
993 2096 1239 2155 advocatus
1276 2110 1372 2141 rem
1410 2095 1664 2141 constanter
1684 2105 1890 2158 negaret,

125 2169 332 2229 alterque
353 2165 546 2212 alterum
569 2161 796 2210 mendacii
819 2173 1045 2224 argueret,
1085 2163 1133 2209 ὅ(
1157 2174 1348 2221 uterque
1369 2159 1426 2204 ad
1455 2174 1580 2204 arma
1601 2174 1788 2204 manum
1812 2158 1894 2204 ad-

125 2232 351 2285 movisset,
377 2229 557 2293 Regina
577 2230 667 2276 hoc
689 2225 942 2289 spe&aculo
961 2226 1081 2278 laeta,
1113 2225 1242 2286 quod
1261 2225 1351 2270 fine
1374 2222 1450 2270 suo
1472 2223 1645 2276 labore,
1671 2228 1711 2269 δε
1731 2222 1893 2270 moles-

121 2298 191 2344 tia
210 2296 391 2342 suorum
413 2293 707 2341 consiliorum
727 2291 906 2339 exitum
927 2289 974 2335 in
996 2288 1260 2351 propinquo
1274 2288 1471 2339 videret,
1489 2288 1684 2333 alterum
1705 2285 1891 2333 fratrem

124 2350 351 2409 Iacobum
373 2361 584 2412 advocat,
607 2357 736 2403 velut
753 2356 811 2402 ad
832 2355 962 2401 litem
983 2352 1289 2401 dirimendam
1316 2370 1327 2399 ε
1359 2368 1408 2398 re
1443 2368 1566 2406 vera,
1593 2363 1642 2406 ut
1661 2350 1754 2414 ipse
1775 2366 1895 2412 quo-

125 2443 220 2489 que
246 2441 326 2487 per
362 2424 645 2470 occasionem
681 2420 784 2468 tolli
819 2420 978 2482 posset.
1050 2419 1208 2465 Nemo
1229 2416 1354 2464 enim
1375 2432 1533 2463 earum·
1563 2432 1716 2462 rerum
1737 2415 1894 2461 aderat

126 2491 315 2544 arbiter,
338 2501 501 2552 praeter
523 2504 668 2534 unum
689 2484 1004 2538 Bothuelium‚
1028 2483 1109 2546 qui
1130 2482 1395 2529 inferiorem
1417 2479 1570 2543 potius
1602 2479 1651 2526 in
1673 2495 1728 2526 eo
1749 2491 1894 2526 certa-

96 2555 255 2609 ,mine
275 2553 535 2606 conficeret,
558 2567 700 2614 quam
722 2549 1026 2595 dissentientes
1049 2547 1282 2594 disti-neret
1306 2564 1318 2593 ε
1354 2544 1480 2608 quod
1502 2544 1618 2592 adeo
1633 2543 1783 2592 verbis
1806 2543 1906 2603 tesq
1953 2601 1955 2609 γ

125 2633 248 2669 tatus
270 2619 348 2673 est,
372 2635 477 2664 cum
505 2618 679 2663 diceret
698 2613 813 2661 nihil
835 2615 939 2667 effe,
969 2629 1050 2659 cur
1068 2613 1261 2659 Iacobus
1283 2624 1521 2673 tantopere
1541 2620 1820 2673 properaret,
1844 2618 1894 2655 ut

124 2683 338 2734 homines
362 2682 540 2729 non-ita
559 2678 800 2744 pugnandi
821 2678 1013 2741 cupidos
1035 2677 1285 2724 dirimeret.
1730 2705 1731 2708 =
1826 2700 1830 2704 ·
1903 2680 1906 2683 ’
1964 2728 1965 2731 ¹

192 2750 279 2796 XI.
312 2749 420 2795 Hoc
441 2757 571 2793 motu
595 2743 810 2805 utrinque
828 2742 998 2797 sedato,
1029 2741 1230 2804 Regina,
1274 2744 1316 2787 &
1337 2737 1606 2786 Bothuelius
1628 2736 1714 2785 toti
1734 2735 1783 2785 in
1798 2752 1894 2790 ,cae-

123 2818 196 2866 dis
218 2813 456 2861 consilium
476 2808 644 2858 intenti
663 2808 776 2854 dant
794 2823 1002 2869 operam,
1025 2819 1076 2853 ut
1096 2823 1164 2852 res
1186 2820 1325 2869 quarn
1361 2801 1657 2850 occuitiffime
1677 2801 1897 2864 transiga-

125 2895 216 2929 tur.
285 2876 470 2942 Regina
491 2887 540 2922 ut
561 2871 716 2935 mariti
735 2887 956 2924 amorem,
980 2875 1031 2920 &
1059 2882 1264 2917 veterum
1287 2868 1588 2917 offensionum
1609 2865 1894 2912 oblivionem

126 2944 379 2996 fimularet,
399 2941 567 2988 leftnm
591 2938 719 2984 suum
740 2935 788 2982 in
811 2934 1097 2988 cubiculum,
1122 2934 1249 2996 quod
1269 2931 1389 2979 infra
1410 2933 1587 2994 Regem
1625 2941 1739 2985 erat,
1763 2927 1790 2976 ὲ
1811 2945 1894 2992 pa·
1942 2972 1954 2991 Ἴ.

121 3010 236 3060 latio
259 3007 429 3071 portari
444 3004 594 3065 jubet.
661 3000 737 3048 Ibi
755 2998 852 3063 ipsa
871 3000 1049 3062 aliquot
1070 3000 1224 3044 noctes
1244 2997 1446 3043 extrasto
1467 2995 1515 3041 in
1538 2994 1730 3058 longum
1749 2994 1896 3066 eollo·
1939 3015 1949 3041 κ

124 3075 257 3140 quio,
279 3068 562 3133 conquievit.
629 3067 811 3113 Interea
831 3080 924 3110 non
965 3063 1099 3110 ceffat
1119 3062 1276 3109 omnia
1296 3058 1600 3111 comminisci.
1622 3070 1673 3106 ut
1693 3058 1895 3108 facinore

126 3139 330 3203 peracto,
352 3133 547 3182 infamia
564 3131 615 3178 in
635 3130 859 3178 Iacobum
877 3127 1061 3175 fratrem
1076 3126 1221 3182 suum,
1246 3133 1287 3173 δε
1313 3127 1384 3189 (4)
1410 3122 1637 3171 Mortonii
1660 3121 1895 3170 Comitem
1954 3129 1958 3169 1

181 3269 251 3319 (1)
279 3265 366 3304 The
386 3265 599 3316 small-port.
1041 3256 1165 3296 father
1193 3265 1232 3295 to
1259 3257 1334 3294 earl
1360 3253 1547 3294 Patrick:
1587 3252 1637 3291 he
1657 3265 1731 3292 was
1747 3249 1893 3290 natural
1952 3277 1954 3282 ,

183 3326 249 3372 (2)
266 3319 445 3372 Qamvis
461 3318 627 3368 plerique
641 3317 687 3354 de
703 3304 843 3353 recenti
857 3325 987 3351 recon-
1042 3311 1105 3349 son
1125 3321 1162 3349 to
1181 3310 1277 3371 king
1292 3310 1420 3362 James
1441 3322 1479 3361 ς.
1508 3308 1808 3359 ,δεεοῖτειιμυροη
1827 3302 1893 3341 the
1950 3310 1959 3315 ”

128 3374 320 3413 ciliatione
337 3372 436 3409 male
445 3372 714 3414 ominarentur,
729 3377 856 3405 tamen
869 3379 989 3414 neque
1043 3366 1121 3402 lord
1140 3363 1394 3413 Elphinston's
1404 3360 1597 3410 daughter,
1610 3353 1822 3397 afterwards
1836 3356 1892 3393 la·

129 3428 206 3477 ipse
225 3426 261 3463 id
280 3425 503 3473 pervidebat,
535 3423 653 3462 homo
678 3421 782 3472 supra
800 3432 912 3470 quam
930 3419 988 3456 di-
1042 3420 1088 3467 dy
1106 3416 1391 3477 Cullmalindie.
1459 3467 1467 3475 ι
1523 3466 1532 3474 '
1690 3463 1699 3472 ⁶
1812 3460 1823 3469 .

129 3483 163 3519 ci
184 3478 288 3529 poflit
306 3476 469 3520 uxorius,
487 3480 557 3518 &c.
574 3476 731 3512 Thuan.
752 3474 819 3511 lib.
840 3485 907 3520 40.
1096 3469 1159 3518 (4)
1189 3471 1248 3506 He
1266 3482 1340 3506 was
1357 3476 1395 3505 at
1412 3466 1487 3504 this
1504 3475 1598 3504 time
1616 3462 1786 3510 banished
1809 3466 1892 3498 into

187 3532 251 3583 (3)
280 3529 422 3566 Robert
449 3528 642 3567 afterward
662 3528 737 3566 earl
756 3527 799 3573 of,
814 3525 987 3574 Orkney,
1041 3524 1211 3576 England
1228 3523 1287 3560 for
1303 3519 1572 3585 thesssaughtcr
1586 3518 1630 3561 of
1639 3517 1803 3565 seigneur
1813 3513 1895 3549 Da·

1825 3611 1904 3660 de·
1971 3643 1975 3646 «
