2035 3833
170 327 748 506 ῧξειθαεεῇαει
694 326 1920 510 θῆθξεεῇξωξειθέειθξωέε

326 591 779 665 RERUM
878 594 1750 688 SCOTICARUM

220 764 316 856 H
460 760 505 854 Ι
648 761 711 853 S
850 757 947 854 T
1089 763 1183 854 O
1326 764 1418 857 R
1557 765 1602 857 I
1747 769 1845 860 A

323 959 541 1012 Auctore
596 956 972 1012 Gnoncro
1031 959 1532 1014 Buannmo
1584 961 1747 1035 Scot05

214 330 287 397 φ
1268 328 1340 381 Q
1445 330 1518 386 Q
1795 337 1866 393 ὼ

1980 489 2010 557 .<

482 1115 1580 1172 LIBER'DUODECIMUS.

856 1251 988 1298 CIV.
1040 1253 1080 1299 R
1098 1254 1137 1300 E
1159 1255 1220 1302 X.

144 1343 190 1393 1
215 1335 350 1498 IA
359 1335 398 1382 C
419 1335 464 1382 Ο
484 1335 519 1381 Β
539 1334 584 1381 Ο
619 1333 835 1388 secundm
869 1333 935 1381 uti
958 1335 1214 1391 retulimus,
1242 1335 1290 1383 in
1313 1335 1463 1383 castris
1486 1334 1707 1390 extinelo,
1753 1352 1811 1409 ne
1827 1353 1923 1402 qua

313 1400 370 1446 de
393 1399 522 1462 regni
546 1397 647 1458 jure
671 1403 742 1460 (ut
763 1398 873 1445 alias
907 1399 1152 1458 acciderat)
1177 1399 1371 1448 oriretur
1392 1401 1712 1456 controversia,
1737 1400 1777 1462 ej
1787 1419 1835 1449 us
1867 1404 1920 1450 fi-

321 1464 409 1510 lius
428 1462 666 1509 Iacobus
644 1481 670 1511 e
691 1462 890 1526 geminis
914 1464 1062 1511 minor
1079 1464 1207 1512 fratri
1230 1464 1442 1526 superstes
1463 1482 1574 1526 puer
1591 1464 1759 1527 septem
1780 1483 1922 1515 anno·

148 1544 250 1601 rum
275 1527 320 1574 in
345 1527 521 1590 oppido
545 1527 740 1574 Calsone
763 1536 955 1591 regnum
979 1527 1101 1576 iniit.
1169 1527 1352 1576 Deinde
1375 1544 1480 1576 cum
1499 1545 1709 1592 proceres
1745 1530 1802 1576 de
1821 1547 1921 1578 mo·

147 1608 197 1639 re
219 1593 266 1638 in
302 1592 440 1638 verba
461 1607 558 1651 eJus
591 1592 823 1653 jurassent,
855 1593 1018 1639 oetavo
1039 1594 1096 1638 ab
1131 1591 1248 1638 inito
1271 1609 1414 1655 regno
1436 1593 1512 1639 die
1534 1593 1735 1640 exercitu
1761 1595 1924 1642 relicto

148 1657 338 1704 domurn
362 1655 516 1708 rediit,
549 1654 597 1701 in
621 1672 722 1703 arce
744 1655 971 1705 Edimbur
1006 1657 1095 1702 ensi
1118 1656 1199 1703 sub
1222 1659 1362 1703 tutela
1383 1656 1541 1703 matris
1563 1656 1761 1712 futurus,
1800 1659 1920 1706 inte-

145 1737 240 1775 rea,
265 1721 376 1766 dum
397 1730 650 1767 conventus
671 1720 885 1767 ordinum
921 1719 974 1765 ha
1015 1720 1080 1766 eri
1103 1721 1259 1782 posset,
1290 1720 1338 1767 in
1377 1737 1470 1782 quo
1493 1721 1549 1768 de
1581 1720 1754 1768 summa
1771 1739 1921 1770 rerum

147 1786 429 1832 statueretur.
467 1785 511 1831 Is
533 1785 671 1846 paulo
694 1783 864 1831 tardius
885 1785 945 1830 est
966 1784 1202 1831 indictus:
1239 1785 1366 1847 quod
1389 1784 1556 1831 rebus
1544 1801 1592 1831 m
1626 1784 1800 1849 Anglia
1821 1801 1918 1834 tur-

147 1849 283 1904 batis,
318 1848 446 1896 domi
481 1848 583 1896 satis
605 1848 788 1911 quietis,
813 1848 884 1911 pri
870 1864 1034 1896 mores
1069 1848 1184 1896 nihil
1209 1849 1331 1896 bello
1362 1849 1727 1911 praevertendum
1766 1851 1921 1901 cense-

147 1926 291 1962 rent:
324 1926 371 1960 ut
393 1917 443 1963 &
465 1927 640 1960 veteres
664 1912 1019 1960 ulciscerentur
1006 1912 1212 1975 injurias,
1249 1919 1290 1960 δι
1313 1913 1484 1960 hostem
1513 1914 1685 1977 semper
1704 1914 1923 1963 insidian-

142 1991 239 2026 tem
264 1977 422 2024 alienis
445 1977 576 2024 malis
598 1978 768 2024 damno
790 1977 955 2040 insigni
976 1978 1333 2041 compescerent.
1404 1979 1457 2024 In
1482 1977 1655 2025 hostico
1674 1978 1813 2026 nullis
1834 1981 1919 2027 ob-

145 2042 231 2089 viis
255 2041 301 2089 in
325 2058 458 2105 agros
482 2043 591 2104 Ang
595 2041 743 2088 lorum
765 2043 826 2088 est
848 2041 1068 2089 saevitum.
1136 2043 1302 2089 Multae
1341 2058 1482 2097 arces,
1525 2043 1646 2090 unde
1685 2042 1829 2094 hostes
1848 2061 1920 2092 re-

144 2107 355 2169 pentinas
375 2107 521 2153 facere
543 2106 826 2153 excursiones
844 2105 962 2153 soliti
981 2118 1124 2161 erant,
1133 2106 1347 2180 dejectae.
1385 2108 1437 2153 In
1456 2106 1527 2153 his
1547 2106 1779 2170 praecipua
1798 2109 1918 2156 Ver·

145 2187 200 2218 ca
228 2187 274 2218 ιη
301 2187 398 2234 ripa
420 2171 600 2217 Tuedae
630 2168 778 2216 amnis
806 2169 901 2225 fita,
929 2171 991 2217 ob
1013 2169 1405 2243 propinquitatem
1430 2171 1771 2218 Marcianorum
1793 2173 1916 2236 agris

145 2234 346 2285 maximi:
369 2234 543 2282 infesta.
599 2233 836 2282 Exercitus
858 2235 1011 2306 qupad
1033 2252 1115 2298 per
1135 2235 1242 2282 anni
1267 2247 1445 2307 tempus
1468 2234 1616 2290 licuit,
1639 2235 1847 2284 hostilem
1869 2254 1918 2286 a·

140 2313 278 2364 grum
302 2312 575 2361 pervagatus
598 2311 871 2360 praematura
891 2297 1043 2347 hieme
1061 2299 1251 2346 domum
1274 2298 1522 2346 reducitur.

207 2365 271 2411 11.
307 2364 417 2411 Hoc
447 2379 569 2411 anno
588 2362 820 2411 Henricus
858 2364 1038 2435 Anglus
1072 2363 1131 2410 ab
1158 2363 1426 2411 Ebot-acensi
1449 2363 1633 2436 Regulo
1672 2378 1755 2426 cap
1760 2376 1849 2421 tue,
1874 2371 1916 2415 δι

140 2426 409 2478 Londinum
431 2428 651 2475 abductus
675 2426 778 2475 fuit.
846 2426 918 2474 lbi
957 2427 1157 2475 formula
1189 2427 1313 2490 pacis
1336 2427 1543 2476 Henrico
1579 2426 1695 2475 nihil
1717 2380 1920 2478 zi³bnuere
2006 2474 2015 2483 ,

140 2492 245 2541 auso
266 2490 493 2547 scribitur,
518 2505 569 2539 ut
586 2491 681 2555 ipse
701 2492 813 2539 dum
837 2491 1026 2547 viveret,
1062 2507 1231 2540 nomen
1254 2491 1475 2556 Regium,
1501 2495 1551 2549 ὅς
1572 2491 1767 2566 insignia
1786 2506 1918 2542 tene·

138 2571 225 2612 ret,
251 2555 580 2603 administratio
598 2572 747 2604 rerum
771 2573 910 2629 penes
934 2556 1262 2604 Eboracensem
1283 2557 1391 2604 esset
1412 2555 1493 2604 sub
1525 2555 1712 2604 nomine
1734 2572 1916 2619 protec-

139 2621 267 2669 toris.
303 2620 510 2667 Henrico
532 2631 731 2676 mortue,
755 2620 892 2671 etiam
915 2621 1090 2684 regium
1117 2636 1284 2668 nomen
1311 2621 1462 2681 (1)ad
1483 2620 1768 2679 Eduardum,
1797 2623 1915 2685 ejus·
2016 2664 2022 2671 .

139 2701 231 2749 que
252 2684 449 2747 posteros
485 2684 704 2730 transiret.
772 2685 902 2732 Dum
925 2685 1022 2732 haec
1041 2683 1245 2733 Londini
1263 2699 1505 2763 geruntur,
1526 2684 1708 2758 Regina
1725 2686 1914 2735 nuncia·
2011 2675 2026 2691 ”

137 2761 215 2796 tur
231 2749 476 2807 adventare
498 2763 601 2795 cum
626 2749 806 2811 magnis
827 2747 993 2811 copiis,
1013 2761 1063 2796 ut
1081 2749 1302 2811 Regem
1280 2768 1306 2796 e
1328 2749 1533 2797 custodia
1548 2748 1778 2798 liberaret.
1814 2751 1916 2798 Ad-

135 2813 288 2865 versus
309 2829 411 2860 eam
433 2812 745 2867 Eboraceusss,
767 2829 874 2860 cum
898 2812 1106 2863 Henrico
1127 2814 1259 2877 Rege
1291 2812 1526 2865 Richardo
1547 2813 1822 2862 Varviceuse
1840 2832 1916 2862 re·
1944 2812 1957 2823 ’
1992 2802 2035 2868 ξ

134 2878 268 2934 licto,
287 2876 469 2926 circiter
489 2893 520 2940 q
638 2893 695 2923 ue
713 2875 863 2924 millia
877 2876 1027 2924 secum
1044 2878 1218 2924 ducens
1235 2876 1456 2924 obviam
1443 2894 1493 2924 m
1515 2878 1677 2941 agi-'um
1698 2877 1835 2942 usque
1849 2879 1914 2925 E-
1998 2880 2035 2976 ἐ,

128 2941 426 2990 boracensem
449 2891 692 3004 procesiit:
718 2943 769 2990 &
793 2955 867 2996 ne,
891 2941 973 3003 qui
995 2940 1131 2988 toties
1154 2940 1203 2988 in
1234 2940 1394 2989 Gallia
1416 2957 1649 3005 nunquam
1678 2941 1720 2989 se
1744 2942 1911 2990 moeni-
1997 2941 2007 2997 ζ

137 3006 240 3061 bus,
278 3005 358 3053 sed
379 3005 552 3069 semper
574 3004 711 3052 armis
745 3004 957 3053 adversus
979 3020 1169 3077 magnos
1191 3003 1416 3053 exercitus
1438 3005 1725 3061 defendisset,
1764 3021 1911 3055 certae
2006 3005 2024 3063 *ξ

134 3086 239 3142 men
259 3069 467 3118 adversus
491 3069 734 3118 mulierem
757 3069 975 3141 defugere
994 3068 1243 3123 videretur,
1269 3085 1373 3118 cum
1397 3069 1541 3134 longe
1559 3040 1808 3132 maioribus
1831 3085 1924 3117 coe
1978 3070 2030 3123 ΘΞ

133 3133 222 3196 piis
243 3134 518 3200 congressus,
531 3132 626 3197 ipse
642 3149 749 3181 cum
768 3149 945 3182 mmore
961 3133 1077 3190 filio,
1090 3147 1142 3181 ac
1161 3127 1334 3198 magud
1352 3149 1592 3198 procerum
1612 3149 1806 3196 numero
1821 3147 1917 3182 εκ.
1972 3166 1977 3171 -
2006 3159 2011 3172 ·

183 3268 251 3316 (r)
275 3271 385 3309 Some
402 3279 468 3308 not
481 3271 676 3332 attending
685 3278 725 3308 to
737 3284 806 3313 our
820 3270 969 3311 anthor’
970 3283 989 3310 ο
1029 3270 1085 3313 in
1121 3270 1194 3309 few
1228 3272 1314 3321 days
1333 3269 1562 3311 thereafter·
1606 3268 1766 3325 bntffhe
1781 3283 1804 3308 a
1805 3281 1910 3319 grec·-

133 3321 275 3359 concise
295 3336 349 3360 wa
352 3337 374 3371 y
392 3323 437 3362 of
451 3323 615 3372 writing,
649 3324 844 3375 especially
866 3324 913 3363 of
924 3324 992 3362 the
1043 3332 1156 3364 ment
1166 3325 1271 3372 bore,
1281 3323 1365 3364 that
1380 3323 1478 3366 aster
1488 3323 1549 3360 his
1561 3321 1691 3372 death,
1701 3321 1770 3361 the
1782 3334 1909 3362 erow-

131 3373 254 3414 affairs
271 3374 316 3411 of
328 3377 511 3424 England,
540 3389 601 3414 are
621 3376 680 3415 for
697 3377 850 3426 reading
865 3372 990 3418 Ric'h-
1045 3376 1173 3416 should
1189 3377 1342 3417 devolve
1359 3384 1399 3414 to
1418 3377 1575 3416 Edward
1591 3376 1672 3414 carl
1692 3375 1739 3413 of
1750 3374 1902 3421 March,

131 3427 263 3464 ardum
280 3439 323 3462 or
339 3427 620 3476 eboracensem,
652 3429 801 3468 because
823 3429 991 3468 Richard
1044 3429 1111 3469 the
1127 3429 1228 3467 duke
1245 3428 1293 3467 of
1303 3427 1431 3467 York’
1435 3441 1454 3466 s
1468 3428 1580 3466 eldest
1600 3426 1679 3474 son,
1709 3440 1758 3466 on
1776 3426 1906 3471 whom
1992 3425 2035 3479 §v

130 3478 234 3516 duke
262 3477 308 3515 of
336 3479 448 3517 York
487 3483 593 3518 made
623 3482 699 3520 this
738 3482 984 3532 capitulatim:
1038 3482 1105 3520 the
1133 3481 1357 3532 pau-liment
1388 3489 1426 3519 at
1455 3478 1522 3518 the
1545 3479 1643 3518 same
1662 3480 1756 3520 time
1772 3478 1904 3518 {euleu

131 3530 227 3575 with
257 3524 389 3581 nenry
423 3530 507 3579 6tb‚
525 3535 595 3573 and
619 3547 694 3573 was
715 3534 837 3576 killed
868 3535 985 3576 with·
1042 3547 1145 3588 3500
1161 3533 1305 3584 merla,
1323 3535 1396 3574 and
1401 3532 1472 3573 his
1488 3533 1676 3585 posterity.

1833 3630 1907 3682 sm
