2006 3858
454 79 779 145 Lrssria
854 77 1496 144 Vmsssmus.
1715 83 1837 166 613

90 176 306 227 Poterant
337 177 524 239 quidem
548 194 704 224 omnes
739 176 882 222 hostes
906 175 1064 229 deleri,
1098 176 1126 222 fi
1149 176 1378 237 equitatus
1411 175 1618 232 affuisset,
1654 181 1852 240 quitum

90 241 317 304 fugientes
340 244 610 305 sequeretur.
681 242 768 287 Sed
791 242 984 287 latrones
1008 240 1243 286 Teviotici
1262 241 1309 288 in
1335 240 1483 303 primo
1505 241 1698 304 ingress‘u
1717 245 1854 305 oppi-

91 307 139 352 di
162 322 303 368 equos
324 323 482 353 omnes
501 307 799 367 diripuerant.
857 305 913 351 ld
935 304 999 350 eis
1021 304 1151 351 saluti
1173 304 1277 352 fuit.
1310 309 1380 353 Ex
1405 320 1592 368 utraque
1618 319 1739 368 parte
1759 307 1852 354 fere

90 387 173 431 par
195 371 411 416 caesorum
435 387 648 416 numerus
675 388 685 415 :
712 370 736 415 ἐ
760 369 917 432 Regiis
941 384 1075 415 nemo
1098 369 1305 430 captivus
1329 372 1387 416 est
1410 371 1647 417 abduc‘tus.
1701 372 1769 417 Ex
1787 373 1854 416 al·

90 445 185 480 tera
204 435 400 480 faetione
421 434 570 487 multi,
590 450 785 496 quorum
800 432 1021 495 plaerique
1039 435 1205 497 praedae
1221 434 1388 482 intenti
1404 435 1523 482 intra
1545 436 1723 490 domos,
1742 452 1855 498 quas

90 497 367 557 diripiebant
387 498 649 558 deprehensi
674 496 871 544 fuerunt.

156 563 304 607 LXII,
343 563 507 607 Prorex
530 578 584 607 eo
611 561 685 607 die
707 577 763 606 ex
795 563 980 608 vulnere
999 562 1193 610 decessit.
1254 564 1472 626 Exequiis
1497 575 1547 610 ut
1579 564 1626 610 in
1651 577 1858 628 tempore
1876 573 1884 592 '-

91 636 182 672 tam
209 626 472 672 turbulento
507 625 672 687 raptim
696 625 842 680 factis,
880 642 1135 687 procerum,
1172 627 1253 690 qui
1274 629 1461 675 aderant
1484 630 1539 675 ad
1567 629 1859 676 successorem

90 690 334 738 creandum
359 702 685 736 convenerunt.
754 691 829 735 llli
854 690 879 736 ὲ
902 690 978 736 suo
1001 707 1190 738 numero
1220 691 1474 755 selegerunt
1497 707 1600 747 tres,
1638 694 1717 757 qui
1733 696 1863 755 jure-

86 753 283 814 jurando
304 754 429 817 prius
461 754 609 805 adafti
632 754 672 798 se
696 754 947 800 nobilitatis
967 754 1188 818 suffragiis
1212 755 1451 818 parituros,
1486 761 1610 804 velut
1627 761 1862 809 candidati

93 819 384 865 comitiorum
404 820 588 865 eventui
614 818 999 880 permitterentur.
1073 820 1134 866 tii
1158 833 1284 867 erant
1308 821 1568 883 Gilespicus
1593 823 1861 873 Cambellus

95 883 395 946 Argaiheliae‚
421 885 611 929 lacobus
634 882 895 945 Duglaffius
918 884 1162 938 Mortonii,
1189 887 1380 931 Ioannes
1404 887 1648 933 Areikinus
1674 890 1860 937 Marriae

95 948 320 994 Comites.
388 947 615 994 Omnium
640 946 850 1010 suffragia
870 947 917 993 in
942 949 1210 995 Aresszinum
1234 950 1529 997 inclinarunt.
1563 953 1606 997 Is
1630 952 1745 998 nihil
1769 954 1864 1015 pri-

96 1027 146 1057 us
170 1021 308 1072 quain
331 1012 388 1057 de
409 1013 723 1074 oppugnando
735 1012 1025 1075 Edimburgo
1047 1013 1221 1076 egit‚ad
1236 1031 1371 1075 quam
1393 1031 1487 1060 rem
1506 1015 1727 1063 exercitus
1753 1018 1864 1066 asu.

90 1077 269 1138 periore
303 1078 498 1140 Prorege
520 1078 666 1123 fuerat
698 1076 895 1123 indistus
917 1077 963 1124 in
1001 1076 1227 1124 Calendas
1260 1079 1492 1132 Oftobris,
1527 1079 1602 1126 sed
1628 1084 1864 1142 repentina

92 1157 249 1187 rerum
284 1142 566 1204 perturbatio
600 1141 770 1195 effecit,
806 1153 856 1188 ut
888 1141 924 1187 is
947 1140 1044 1188 dies
1078 1157 1401 1204 prorogaretur
1433 1142 1482 1188 in
1517 1145 1625 1191 Idus
1661 1146 1863 1205 ejusdem

95 1207 274 1254 mensis.
299 1207 363 1251 Ea
385 1222 453 1251 res
478 1222 693 1268 magnum
717 1205 871 1251 attulit
891 1207 1023 1252 rebus
1047 1208 1258 1269 gerendis
1281 1207 1662 1267 impedimentum
1690 1228 1700 1255 z
1736 1213 1865 1273 quod.

95 1271 357 1332 oppidanis,
382 1272 459 1333 qui
482 1272 577 1316 dies
601 1269 839 1332 noc'tesque
861 1269 907 1315 in
930 1286 1068 1332 opere
1090 1281 1234 1324 erant,
1258 1270 1451 1333 spatium
1485 1273 1542 1318 ad
1560 1275 1866 1323 muniendum

96 1337 158 1381 est
180 1335 335 1380 datum
364 1353 375 1381 :
411 1341 449 1381 δε
469 1334 615 1380 hiems
634 1346 921 1396 praematura‚
942 1334 1489 1397 no&esquelongioreS,&
1506 1338 1630 1392 coeli,
1657 1353 1704 1386 ut
1727 1340 1771 1384 in
1794 1341 1865 1386 10-

95 1397 158 1446 cis
181 1398 384 1461 frigidis,
406 1399 772 1461 intemperantia,
798 1403 837 1444 &
860 1398 1091 1444 difficilior
1130 1414 1470 1446 commeatuum
1512 1415 1790 1464 apportatio,
1823 1402 1870 1453 &⁴

97 1476 338 1525 apparatus
363 1464 515 1509 bellici
538 1463 743 1526 angustia
762 1463 1027 1518 effecerunt,
1055 1474 1103 1510 ut
1122 1480 1168 1509 re
1190 1465 1358 1511 infecta
1379 1465 1697 1513 discederetur.

161 1528 338 1574 LXllI.
372 1528 597 1574 Pioximis
630 1527 808 1590 aliquot
842 1529 1067 1574 mensibus
1109 1541 1330 1575 certatum
1369 1531 1429 1576 est
1452 1528 1793 1578 excursionibus
1815 1532 1866 1581 in

46 1613 49 1616 ·
97 1605 304 1638 neutram
329 1592 421 1639 fere
443 1605 619 1655 partein
656 1609 750 1638 rem
775 1591 1121 1639 inclinantibus.
1188 1593 1450 1656 Prospectus
1464 1611 1585 1640 enim
1610 1611 1667 1642 ex
1689 1613 1790 1644 arce
1806 1598 1864 1644 li-

97 1654 178 1704 ber
199 1672 247 1703 in
272 1673 429 1703 omnes
452 1670 598 1718 partes
620 1656 862 1711 efficiebat,
885 1674 942 1703 ne
963 1657 1154 1703 rebelles
1175 1660 1248 1704 vel
1272 1660 1329 1705 ad
1369 1676 1526 1706 manus
1550 1664 1771 1715 venirent,
1792 1663 1866 1709 vel

98 1719 439 1782 praecipitarent
462 1722 506 1768 in
530 1721 730 1769 insidias.
798 1721 942 1784 Signo
965 1722 1086 1768 enim
1109 1723 1133 1767 ὲ
1154 1721 1456 1784 superioribus
1472 1724 1582 1770 locis
1605 1727 1731 1771 edito
1753 1726 1869 1774 faei-

97 1788 141 1832 le
160 1785 539 1840 admonebantur,
566 1799 613 1831 ut
635 1785 676 1831 se
697 1784 951 1847 reciperent
970 1789 1015 1832 in
1041 1799 1262 1849 tempore.
1296 1790 1447 1834 Semel
1471 1800 1620 1845 tamen
1643 1806 1746 1835 cum
1766 1807 1868 1837 om-

99 1865 178 1894 nes
201 1851 395 1910 equites,
421 1866 472 1896 ac
496 1851 670 1912 pedites
688 1866 745 1896 ex
762 1850 937 1912 oppido
977 1851 1017 1898 se
1039 1851 1281 1911 ejeciffent‚
1309 1867 1356 1898 ut
1378 1869 1547 1915 paucos
1573 1855 1596 1900 ὲ
1615 1856 1773 1918 Regiis
1795 1857 1869 1902 in-

98 1914 388 1975 terciperent,
413 1929 465 1960 ac
487 1913 651 1963 acriter
673 1916 984 1962 simulantibus
1021 1915 1181 1979 fugam
1205 1917 1417 1963 instarent
1438 1919 1495 1964 ad
1521 1918 1688 1964 vexilla
1706 1921 1870 1966 cohor-

100 1978 213 2026 tium
238 1978 263 2024 ὲ
289 1981 402 2026 valle
427 1980 685 2042 propinqua
702 1979 1032 2042 emergentium
1057 1983 1114 2026 ab
1137 1980 1252 2026 arcis
1289 1982 1497 2043 praesidio
1530 1983 1767 2045 conspecla
1788 1986 1871 2030 sta-

101 2042 183 2089 tim
208 2044 382 2106 iignum
403 2046 606 2106 receptui
628 2046 688 2089 est
709 2044 882 2091 datum.
951 2046 1113 2107 Itaque
1135 2045 1326 2092 rebelles
1359 2060 1602 2110 antequam
1627 2050 1684 2094 ad
1719 2049 1871 2095 infidi.

102 2125 227 2157 arum
244 2113 394 2158 locum
420 2110 557 2156 ess'ent
580 2110 803 2170 perdu5ti‚
830 2109 869 2154 se
893 2111 1070 2171 trepide
1101 2109 1303 2172 recipere
1325 2126 1564 2174 coeperunt
1588 2131 1599 2158 :
1632 2121 1778 2176 eoque
1798 2114 1870 2159 fu-

101 2190 163 2236 ga
184 2174 488 2236 perturbatior
521 2173 626 2228 fuit,
652 2175 779 2235 quod
798 2191 1059 2237 quanquam
1084 2174 1286 2221 instantis
1305 2176 1496 2238 periculi
1515 2189 1643 2223 erant
1660 2177 1871 2224 admoni-

103 2238 156 2291 ti,
194 2253 344 2284 tamen
370 2256 453 2285 nec
475 2240 610 2292 unde,
627 2254 710 2284 nec
731 2251 953 2300 quantum
972 2240 1021 2285 id
1043 2241 1165 2292 esset,
1202 2239 1408 2302 suspicari
1432 2253 1656 2304 poterant.
1726 2242 1872 2304 Equi-

102 2314 169 2351 tes
188 2319 339 2365 pauci‚
365 2303 445 2365 qui
467 2317 571 2350 ante
590 2303 748 2366 fugam
773 2304 1106 2358 simulaverant,
1127 2319 1284 2350 eorum
1308 2317 1438 2368 tergo
1460 2307 1574 2351 adeo
1595 2306 1869 2364 institerunt,

103 2379 154 2413 ut
188 2369 363 2430 pedites
387 2368 540 2413 solutis
564 2367 800 2414 ordinibus
822 2384 914 2429 qua
934 2369 1124 2431 quisque
1145 2368 1353 2430 proxime
1389 2383 1584 2431 poterat,
1611 2372 1767 2417 urbem
1791 2389 1871 2434 pe-

106 2445 268 2479 terent.
337 2432 480 2482 Multi
498 2432 741 2487 vulnerati,
767 2441 816 2480 όε
839 2436 978 2496 capti.
1027 2435 1082 2480 ln
1103 2433 1159 2481 iis
1190 2449 1246 2479 ex
1269 2434 1493 2497 praefeffis
1509 2437 1784 2492 cohortium,
1820 2440 1873 2486 &c

106 2495 329 2562 signiferis
352 2497 545 2561 aliquot.

106 2578 108 2581 ’
170 2562 345 2608 LXIV.
380 2563 508 2609 Dum
531 2563 627 2628 post
650 2562 747 2611 haec
770 2579 837 2609 res
861 2566 915 2611 ad
942 2562 1098 2610 urbem
1124 2562 1289 2610 lentius
1312 2562 1504 2627 geritur,
1538 2563 1584 2610 in
1608 2563 1872 2628 regionibus

106 2625 162 2672 ad
184 2626 535 2688 septentrionem
581 2628 714 2674 versis
754 2629 903 2676 clades
942 2626 1030 2673 hac
1072 2627 1270 2674 maxime
1312 2632 1545 2675 occasione
1583 2643 1769 2691 accepta
1794 2632 1872 2677 est.

110 2691 302 2752 (1)Duae
324 2704 452 2737 erant
475 2690 521 2736 in
536 2691 618 2741 illo
634 2694 776 2741 traetu
791 2692 977 2740 faniiliae
996 2692 1169 2739 summa
1183 2695 1449 2755 potentia,&
1465 2695 1730 2740 aueloritate
1749 2700 1872 2740 'uor-

107 2756 370 2810 doniorum‚
407 2761 447 2801 δι
471 2757 806 2804 Forbofiorum.
874 2759 962 2804 Sed
985 2770 1090 2805 cum
1114 2757 1346 2804 Gordonii
1368 2758 1541 2806 sumnia
1561 2761 1679 2805 inter
1701 2758 1740 2804 ie
1764 2774 1874 2804 con-

161 2887 224 2936 (1)
247 2886 404 2923 Forbefii
421 2886 563 2924 sedibus
576 2886 732 2928 immisti
750 2888 968 2935 Gordoniis,

109 2952 319 2988 quanquam
339 2954 413 2977 non
433 2940 515 2977 satis
546 2943 757 2989 concordes,
775 2942 821 2979 fic
841 2952 970 2979 tamen

106 2993 358 3042 frequentibus
371 2995 548 3043 conjugiis
559 2995 721 3032 invicem
730 2997 966 3047 juncti,quod

108 3045 182 3084 huc
201 3047 311 3096 usque
329 3054 448 3093 durat,
479 3058 519 3084 ut
538 3060 677 3084 mirum
697 3050 738 3085 sit
757 3049 823 3086 has
842 3048 966 3085 affini-

110 3107 203 3136 tates
232 3115 306 3137 non
325 3102 478 3150 potuisse
507 3101 602 3137 feros
621 3101 765 3138 animos
794 3102 967 3149 utrinque

109 3154 260 3191 mollire
279 3168 290 3202 3
311 3167 396 3191 cum
411 3154 523 3190 armis
541 3166 670 3190 omnes
688 3156 811 3192 caeteri
829 3155 964 3194 harum

109 3206 302 3254 regionum
322 3207 455 3244 incolae
469 3207 545 3243 illis
565 3207 704 3242 duabus
732 3207 889 3245 familiis
907 3208 963 3243 fa-

109 3260 181 3295 cile
199 3263 345 3296 cedunt.
391 3261 445 3295 Hi
462 3272 546 3300 curn
563 3260 760 3295 Huntiiaeo
777 3273 840 3309 pto
860 3261 965 3296 Iaco-

39 3360 42 3362 v
109 3311 154 3347 bo
174 3312 328 3349 secundo
351 3325 433 3360 rege
452 3314 526 3348 acie
546 3314 588 3347 ad
609 3312 874 3349 Berechinium
893 3313 962 3349 stc-

110 3372 246 3410 terant‚
279 3366 371 3412 agris
390 3369 425 3401 &
455 3365 664 3402 latifundiis
694 3366 738 3400 ab
759 3378 802 3402 eo
820 3366 961 3405 donati.

111 3421 183 3463 At,
213 3418 440 3458 variantibus
464 3429 676 3470 temporum
705 3418 862 3464 vicibus,
900 3419 962 3455 his

105 3483 207 3511 nunc
222 3471 391 3509 civilibus
409 3471 512 3510 bellis
526 3483 623 3508 acres
635 3469 849 3508 inimicitiae
874 3484 961 3510 cum

1022 2888 1219 2928 Huntilaeo
1240 2888 1517 2927 intercedebant
1537 2903 1549 2937 3
1579 2901 1734 2938 quarum
1754 2888 1874 2926 causas

1024 2943 1159 2980 referre
1184 2943 1337 2989 longum
1358 2943 1437 2990 est3
1466 2945 1516 2987 Sc,
1535 2955 1748 2992 quanquam
1774 2943 1874 2983 milii

1020 2993 1130 3045 probe
1149 2996 1321 3042 cognitae,
1336 2995 1494 3032 instituti
1513 2995 1587 3031 mei
1608 2997 1702 3032 ratio
1721 3009 1792 3032 non
1812 3009 1872 3032 ine

1019 3049 1159 3097 patitur
1181 3048 1220 3083 in
1237 3048 1305 3084 illa
1333 3047 1538 3096 exspatiari.
1597 3046 1697 3085 Cum
1716 3049 1776 3085 hae
1795 3049 1871 3085 ini-

1021 3101 1177 3138 micitiae
1195 3100 1344 3148 Proregi
1362 3101 1507 3137 Martio
1525 3101 1608 3138 satis
1637 3104 1796 3149 cognitae
1815 3102 1871 3138 es·

1018 3154 1110 3199 sent,
1139 3153 1285 3190 suscitat
1311 3165 1370 3189 eos
1388 3163 1514 3190 contra
1544 3155 1797 3199 Huntilieuni,
1827 3157 1870 3192 ad

1019 3205 1266 3245 distrahendas
1290 3207 1366 3255 ejus
1385 3207 1492 3250 vires,
1524 3220 1634 3256 quem
1653 3208 1735 3244 satis
1765 3206 1870 3246 norat

1021 3260 1126 3296 rebus
1146 3259 1218 3296 suis
1247 3259 1347 3295 domi
1365 3259 1567 3308 prospicere
1597 3261 1781 3297 necessum
1799 3263 1871 3298 ha-

1019 3313 1147 3349 bere.'²
1201 3312 1387 3348 Robertus
1409 3314 1620 3351 Gordonius
1644 3327 1663 3350 a
1683 3315 1869 3361 Sttalueh,

1017 3368 1060 3402 de
1079 3365 1219 3413 origine
1242 3368 1277 3401 ἅτ
1302 3366 1481 3414 progressu
1503 3366 1661 3404 fam‘n'iae
1680 3368 1872 3405 Gor-doni·

1015 3431 1124 3459 urum
1142 3423 1186 3455 de
1202 3419 1377 3458 Huntlie.
1396 3419 1458 3459 M.
1487 3420 1526 3461 S.

1776 3570 1876 3603 001¹·
