2106 3864
467 175 798 243 L1-13ER
889 172 1413 257 QUARTus.
1720 193 1801 262 93

37 297 116 330 nes
131 277 261 327 retrni
283 276 393 327 fines
416 273 532 328 obit,
558 277 600 320 δε
633 271 789 321 ocium
809 269 1129 335 venationibus
1151 270 1366 325 oblectat,
1390 268 1557 321 multas
1577 271 1808 323 venaticas

36 347 161 411 leges
179 319 309 396 iecit,
330 355 523 403 quarum
546 353 714 401 magna
735 350 837 398 pars
863 333 1014 382 adhuc
1035 332 1247 383 servatur.
1317 335 1439 385 Cum
1470 334 1527 380 de
1552 351 1676 381 more
1697 351 1806 397 pro-

34 424 191 457 cerum
215 409 455 454 Scotorum
473 400 706 448 fidicinem
727 415 784 449 ex
805 397 1036 446 Hibernia
1063 398 1111 445 in
1134 398 1350 450 cubiculo
1370 396 1447 447 suo
1466 401 1809 460 pernoctantem

37 473 241 526 haberet,
280 469 341 520 ab
371 483 429 515 eo
460 467 598 514 noctu
630 463 802 518 occisus
835 461 941 517 fuit,
968 461 1017 509 in
1041 463 1265 512 ultionem
1288 461 1522 524 cujusdam
1559 463 1810 526 propinqui

39 538 123 592 sui,
158 550 295 599 quem
317 549 344 585 a
380 533 512 595 Rege
548 531 877 591 interemptum
898 526 1178 574 causabatur.
1245 529 1290 575 Is
1321 528 1433 578 dum
1457 527 1514 574 ad
1536 527 1813 590 supplicium

38 603 280 650 duceretur
300 595 451 645 averso
471 612 498 642 a
518 593 757 643 tormentis
788 590 942 643 animo
976 590 1172 654 speciem
1194 590 1435 656 gaudentis
1469 590 1688 656 praebuit,
1713 604 1816 640 tan-

40 681 180 728 quam
203 661 286 727 qui
307 662 383 724 suo
407 676 595 709 munere
618 657 762 726 probe
783 656 966 708 functus
990 655 1154 703 fuiffet.

105 803 307 851 XXXV.
341 803 380 854 E
395 800 504 848 TH
517 800 562 845 O
576 797 661 849 DI
675 797 720 843 O
743 812 850 843 cum
872 794 1064 858 triginta
1081 808 1168 842 tres
1187 811 1329 846 annos
1351 796 1571 860 regnasset
1591 796 1815 853 extincto,

42 868 229 931 {ilioque
251 867 457 919 nondum
476 863 535 910 ad
556 861 810 925 regendum
829 871 1026 916 maturo,
1051 860 1220 908 elec'tus
1252 861 1313 907 est
1336 860 1472 908 frater
1498 861 1594 922 ejus
1627 862 1817 911 Satrael.¹

43 933 156 987 Hic,
176 948 285 982 cum
306 929 475 983 callido
510 942 742 990 pravoque
773 925 881 973 esset
917 925 1124 988 ingenio,
1149 942 1201 972 ac
1221 942 1416 989 regnum
1446 925 1642 974 stabilire
1669 925 1718 974 in
1742 926 1818 978 sua

44 998 186 1044 domo
206 995 415 1046 extinctis
436 989 630 1040 Ethodii
649 990 807 1038 liberis
834 991 1060 1045 statueret,
1084 990 1286 1053 primurn
1307 1006 1540 1052 proceres,
1562 1003 1612 1036 ut
1632 989 1824 1054 quisque

46 1059 265 1124 superiori
282 1058 403 1123 Regi
424 1073 552 1104 carus
570 1056 718 1103 fuerat
738 1055 875 1102 variis
898 1055 1145 1114 calumniis?
1158 1055 1385 1118 aggi-effus
1404 1054 1481 1101 est.
1517 1054 1703 1107 Deinde
1721 1054 1824 1100 vul..

46 1143 132 1189 gus
171 1129 242 1186 (ut
262 1123 464 1182 rebatur)
501 1121 751 1183 primatum
781 1119 907 1166 caede
936 1117 1183 1166 attonitum
1218 1118 1410 1180 spoliare
1430 1117 1591 1180 coepit,
1626 1134 1730 1181 quae
1752 1135 1825 1168 res

54 1191 181 1238 brevi
202 1188 361 1236 odlum
383 1186 478 1247 ejus
501 1184 645 1239 auxit,
672 1191 712 1231 δε
734 1182 1049 1235 auctoritatem
1067 1181 1304 1231 imminuit
1328 1200 1339 1228 :
1376 1188 1418 1229 δε
1440 1182 1682 1235 seditiones
1700 1183 1827 1231 cxciv

48 1256 177 1302 tavit,
246 1253 323 1305 Ad
343 1268 416 1300 eas
437 1249 749 1312 reprimendas
768 1247 866 1295 odii
881 1247 1060 1311 publici
1076 1264 1169 1294 non
1186 1246 1373 1310 ignarus
1395 1262 1500 1298 cum
1523 1248 1708 1309 prodire
1729 1264 1825 1296 non

50 1320 254 1375 auderet,
275 1335 302 1366 a
322 1315 410 1364 suis
427 1316 566 1364 noc'tu
582 1314 713 1366 domi
733 1313 1033 1378 strangulatus
1051 1313 1112 1359 est
1124 1331 1144 1359 Ἰι
1170 1327 1277 1359 curn
1294 1309 1539 1374 prefuisset
1555 1327 1698 1368 annos
1715 1328 1829 1375 qua7

52 1396 171 1431 tuor.

730 1443 937 1490 XXVII.
973 1443 1016 1489 R
1039 1443 1076 1489 E
1099 1443 1159 1489 X.

120 1521 344 1568 XXXVI.
379 1519 464 1566 AS
481 1519 570 1569 ΒΗ
584 1521 641 1567 M
654 1517 748 1564 PT
764 1517 812 1564 U
829 1517 856 1563 S
888 1516 950 1563 est
975 1516 1024 1563 in
1048 1516 1204 1564 locum
1226 1515 1322 1577 ejus
1341 1515 1456 1564 alter
1475 1515 1667 1567 Ethodii
1691 1517 1834 1567 frater

53 1586 294 1640 Donaldus
323 1603 335 1632 z
376 1583 456 1647 qui
480 1582 692 1632 Satraelis
720 1581 836 1628 vitia
856 1581 1037 1645 magnis
1059 1581 1307 1628 virtutibus
1328 1580 1529 1643 aequavit
1553 1599 1564 1628 :
1598 1583 1672 1630 vel
1692 1582 1833 1630 etiam

56 1650 296 1712 superavit.
377 1651 514 1710 Qasr
534 1648 727 1694 virtutes
760 1645 983 1709 gratiores
1021 1645 1243 1693 reddebat
1275 1659 1384 1691 cum
1420 1645 1566 1693 studio
1602 1646 1833 1710 aequitatis

57 1714 298 1774 conjuncta
320 1712 580 1759 cle-mentia.
646 1713 692 1756 Is
715 1713 765 1758 δε
787 1709 1068 1757 auctoritatis
1089 1710 1309 1773 pondere,
1337 1715 1378 1755 δι
1398 1725 1641 1772 poenarum
1663 1728 1831 1775 reprae-

58 1777 307 1825 sentatione
332 1776 519 1824 sublatis
545 1772 765 1822 intestinis
788 1773 1043 1829 discordiis,
1060 1774 1350 1836 juventutem
1371 1774 1540 1835 partim
1569 1775 1673 1823 ocio
1705 1775 1835 1823 lasci·-

58 1843 279 1895 vientem,
298 1840 466 1903 partim
497 1841 610 1887 luxu
632 1839 820 1885 fractam
841 1837 1084 1884 itineribus
1103 1841 1154 1888 δε
1175 1839 1332 1884 labore
1352 1837 1666 1894 salubriorem,
1689 1843 1742 1890 &c
1775 1840 1836 1886 ad

61 1907 157 1952 vim
183 1906 376 1952 hostium
398 1905 638 1951 arcendam
661 1902 937 1966 paratiOrem
960 1905 1056 1949 fore
1079 1914 1200 1949 ratus
1223 1902 1452 1949 delectum
1473 1902 1653 1957 habuit,
1678 1907 1730 1955 &
1746 1904 1838 1951 mi-

59 1971 190 2017 litem
224 1969 479 2016 exercendo
499 1968 564 2015 ita
585 1966 831 2021 assuefecit,
856 1980 907 2013 ut
927 1968 1057 2014 brevi
1095 1969 1165 2029 (1)
1204 1967 1374 2013 tirones
1413 1967 1483 2028 (2)
1514 1979 1838 2020 veteranorum.

60 2047 293 2098 aequarent
313 2033 546 2080 virtutem.
615 2031 742 2079 Huic
775 2032 964 2080 confilio
997 2047 1088 2095 pax
1122 2031 1232 2078 foris
1267 2030 1476 2078 nonnihil
1509 2032 1739 2094 opitulata
1756 2035 1837 2081 esti

64 2099 191 2145 Nam
212 2115 317 2145 cum
339 2110 443 2145 ante
461 2112 629 2159 paucos
649 2111 791 2142 annos
815 2096 984 2143 milites
1007 2095 1209 2143 Romani
1228 2095 1276 2142 in
1299 2095 1533 2143 Britannia
1553 2098 1842 2147 tumultuari?

58 2177 126 2213 tes
145 2164 401 2225 quemlibet
422 2163 582 2216 alium,
607 2177 747 2223 quam
765 2160 1079 2209 Commodum
1105 2163 1433 2223 Imperatorem
1454 2161 1765 2223 deposcerent,
1786 2179 1847 2209 ac⁴

60 2227 294 2292 praecipue
312 2228 495 2274 AElium
511 2225 816 2280 Pertinacem,
834 2226 917 2288 qui
938 2226 995 2272 ad
1014 2241 1090 2272 eos
1110 2225 1339 2289 pacandos
1362 2237 1458 2272 erat
1477 2225 1647 2283 missae,
1669 2228 1842 2285 Scotis,

62 2299 104 2340 ἅτ
126 2292 261 2339 Piffis
283 2291 446 2338 omivffis
469 2306 656 2338 ornnem
679 2291 775 2338 vim
796 2290 909 2336 belli
941 2291 991 2338 in
1020 2289 1279 2352 semetipsos
1318 2301 1656 2339 converterunt.
1680 2328 1682 2331 ψ
1724 2294 1836 2341 Pro--v

61 2357 153 2404 fuit
168 2357 309 2403 etiarn-
329 2356 387 2403 ad
409 2371 571 2419 pacem
590 2355 850 2410 colendam,
874 2355 1001 2418 quod
1020 2355 1263 2402 Donaldus
1281 2355 1463 2419 Regum
1484 2356 1725 2404 Scotorum
1744 2356 1840 2420 pri-

62 2438 164 2468 mus
189 2420 468 2468 Christianos
501 2420 616 2467 ritus
650 2431 898 2483 receperat,
966 2420 1069 2467 Nec
1100 2433 1252 2467 tamen
1274 2418 1386 2481 ipse,
1423 2435 1507 2467 nec
1528 2420 1730 2483 proximi
1753 2421 1840 2470 ali-

63 2498 179 2549 quot
203 2487 370 2549 Reges,
411 2485 491 2532 etsi
526 2501 697 2549 magna
734 2483 990 2532 nobilitatis
1028 2497 1157 2548 parte
1191 2483 1431 2532 conatibus
1455 2500 1615 2533 eorum
1638 2485 1844 2542 favente,

62 2551 230 2612 priscas
251 2551 478 2597 sacrorum
501 2548 781 2597 ceremonias
807 2548 994 2612 penitus
1012 2549 1197 2614 exigere
1217 2560 1484 2612 potuerunt.
1532 2551 1708 2597 Verum
1732 2567 1840 2600 cum

63 2615 289 2662 incidisset
306 2615 354 2661 in
372 2614 467 2675 ejus
485 2631 681 2678 regn-um
699 2613 853 2661 Severi
873 2614 1166 2677 Imperatoris
1181 2612 1433 2677 expeditio,
1454 2629 1612 2662 omnes
1629 2613 1841 2665 omnium

65 2679 262 2726 ratio-nes
287 2683 327 2724 δε
350 2678 574 2741 publicas.
600 2685 640 2726 &
663 2678 878 2741 privatas,
920 2695 972 2724 ea
991 2678 1270 2726 immutavit.
1340 2679 1529 2726 Severus
1553 2678 1675 2726 enim
1698 2680 1840 2728 homo

63 2743 131 2790 rei
154 2741 362 2789 militaris
386 2742 692 2805 peritiffimus,
713 2743 762 2789 in
785 2742 908 2805 spem
933 2743 1074 2789 totius
1092 2742 1250 2789 insulae
1273 2743 1598 2805 perdomandae
1621 2755 1766 2791 tantas
1789 2743 1840 2793 in

64 2807 350 2859 Britanniam
368 2806 543 2869 copias,
560 2820 758 2870 quantas>
776 2823 913 2854 nemo
931 2820 1065 2854 antea
1081 2810 1394 2854 Romanorum
1417 2807 1564 2862 duxit.
1618 2809 1844 2856 Suberant

68 2879 109 2923 ἅς
132 2871 233 2918 aliae
256 2871 388 2932 hujus
417 2871 723 2934 expeditioni}
760 2871 902 2920 causae
930 2890 940 2918 :
992 2872 1193 2918 filiorum
1222 2871 1317 2920 vita
1340 2871 1522 2919 urbanis
1547 2873 1715 2921 delitiis
1739 2888 1858 2920 cor-⁴·r

67 2948 218 2998 rupta,
243 2939 294 2984 &
310 2935 535 2983 exercitu-s
549 2935 673 2992 ocio,
698 2936 942 3000 &ignavia
961 2937 1166 2983 mollitus
1192 2956 1204 2984 ε
1248 2935 1417 2999 quibus
1440 2937 1572 2987 rebus
1603 2953 1661 2982 ex
1683 2936 1853 2987 labore-v

69 2998 260 3047 mili-tari
281 3000 528 3062 petendum
551 3002 635 3048 effe
653 3000 914 3050 remedium
933 3000 1233 3048 existimabat.
1302 2999 1412 3060 Ejus
1437 3001 1632 3048 adventu
1649 3001 1851 3062 jamjam.

70 3063 278 3126 erupturi
309 3075 463 3110 motus
497 3064 597 3111 sunt
618 3065 870 3127 compre-fii,
938 3067 998 3112 Et
1021 3065 1163 3120 Scoti‚
1194 3064 1402 3126 Piffique
1427 3064 1596 3111 relictis
1617 3064 1853 3128 proximis.

69 3129 190 3193 agris
212 3128 260 3174 in
280 3127 383 3173 loca
399 3128 694 3190 impeditiora
715 3131 757 3176 se
775 3142 1061 3192 receperunt.

137 3193 388 3240 XXXVII.
423 3194 629 3247 Severu3‚
671 3205 722 3240 ut
749 3195 1000 3256 aliquando
1021 3195 1158 3241 finem
1181 3192 1313 3240 bellis
1337 3191 1612 3240 Britannicis
1631 3192 1850 3258 impone-⁷

70 3270 156 3313 ret,
181 3274 262 3320 per
280 3256 397 3302 vasta
414 3256 586 3310 omnim·
608 3263 648 3305 δι
668 3274 694 3303 a
711 3258 964 3305 cultoribus
982 3258 1153 3305 deserta
1170 3257 1218 3304 in
1234 3255 1523 3304 Caledonios.
1535 3257 1683 3305 duxit.
1721 3259 1841 3307 Hos-

70 3323 193 3373 tibus
216 3320 437 3383 nusquam
476 3320 700 3384 congredi
735 3322 866 3374 ausis,
907 3337 1015 3369 cum
1034 3321 1234 3386 regionis
1258 3319 1507 3383 asperitate
1523 3322 1776 3383 plurimum
1799 3323 1850 3372 ei,

70 3385 240 3437 laboris
263 3385 368 3439 fuit,
393 3386 506 3437 dum
528 3385 657 3432 silvas
677 3385 916 3440 exscindit,
940 3386 1137 3434 editiora
1154 3385 1445 3447 complanat,
1459 3389 1670 3451 congesta
1691 3388 1739 3435 in
1760 3404 1844 3450 pa-

70 3451 200 3504 ludes
225 3462 350 3503 terra.
360 3449 488 3499 viam.
503 3450 680 3504 sternit,
698 3453 747 3500 ὃς
769 3466 923 3499 amnes
942 3449 1158 3514 pontibus
1174 3447 1348 3513 jungit,
1382 3450 1562 3498 Interea
1583 3452 1726 3504 hostes
1748 3468 1852 3503 non

125 3578 191 3629 ι(ι)
219 3579 648 3627 Ftefiirwater-soldiers,
668 3593 710 3618 or
726 3593 809 3618 new
823 3579 917 3618 levi-
990 3594 1027 3619 es
1046 3580 1089 3618 in
1105 3592 1176 3618 anv
1199 3578 1408 3629 profession.

75 3633 117 3671 ed
137 3633 411 3682 green-homst
442 3633 515 3675 also
533 3633 564 3671 it
583 3633 766 3682 fignifietb
787 3633 915 3672 novic-
1043 3634 1104 3685 (z)
1134 3634 1208 3672 Old
1227 3633 1358 3672 beaten
1376 3633 1554 3676 soldiers„

1761 3710 1862 3770 auss
