2068 3868
416 105 747 179 Ltsssstt
854 98 1511 170 UNDECIMUS.
1694 120 1827 191 295

62 229 136 269 us,
159 213 205 262 ὅς
229 206 569 272 (z)Gulielmus
629 198 880 265 richtonius
898 202 1091 266 equestri
1112 216 1301 262 uterque
1323 199 1511 246 familia.
1545 198 1622 259 Ad
1643 197 1725 247 hos
1738 221 1829 265 hau·

63 293 153 325 tem
194 274 335 338 magis
350 286 596 346 procerum
635 268 868 315 consensus
886 267 1146 321 inclinavit,
1166 266 1296 331 qu‘b‘d
1316 261 1538 326 Duglaffii
1579 263 1826 327 suspectam

61 343 282 389 haberent
302 350 438 384 etiam
461 332 667 397 Regibus
690 340 875 395 gravem
912 332 1178 393 potentiam.
1213 329 1361 394 Igitur
1381 323 1644 392 Alexander
1673 329 1830 393 Levis-

63 405 217 452 ton-Ius
248 418 393 449 rerum
416 396 792 457 administrationi
816 395 1075 456 praeficitur.
1144 395 1407 443 Gulielmus
1429 393 1742 441 Cancellarius
1765 398 1828 444 est

59 482 254 522 creatus,
278 475 414 528 quem
435 460 515 510 snb
534 464 662 525 Rege
683 458 908 522 superiore
928 459 1233 524 magistratum
1253 459 1455 524 gesserat.
1695 517 1698 520 Α

131 535 193 580 Π.
229 529 303 577 Ab
325 545 382 576 eo
398 539 627 576 conventu
649 525 889 573 nobilitate
911 523 987 569 vix
1021 523 1230 587 digressa,
1262 520 1534 571 factionibus
1557 524 1616 570 est
1648 522 1831 571 labora-

68 609 182 645 tum.
251 595 373 640 Cum
391 593 514 641 enim
538 589 850 638 Cancellarius
868 602 972 634 cum
989 590 1118 650 Rege
1140 589 1188 636 in
1207 604 1307 636 arce
1324 584 1692 651 EdimBur'genfi,
1714 586 1830 636 Pro·

64 678 143 709 rex
156 675 260 707 curn
282 657 462 722 Regina
479 656 521 703 se
540 653 725 702 Sterlini
746 653 1020 708 contineret,
1041 652 1298 717 Duglassius
1318 651 1596 715 praeteritum
1611 651 1652 699 se
1671 653 1829 716 proxi-

62 724 148 774 mis
171 722 368 770 comitiis
401 722 682 785 indignaturi,
709 724 749 766 Sc
786 716 984 764 incertus
1024 729 1167 763 utram
1204 718 1448 765 factionem
1487 714 1632 780 magis
1653 717 1834 777 odisset,

64 787 223 850 onmia
243 786 422 834 misceri
444 802 535 834 non
555 783 739 832 moleste
763 782 953 829 ferebat.
998 782 1160 844 Itaque
1183 799 1235 828 eo
1260 783 1404 846 magis
1421 797 1509 828 non
1529 782 1829 845 impediente,

65 853 205 918 quam
218 851 524 899 consentiente
548 846 842 896 Annandiani
862 847 1069 894 homines
1089 847 1358 902 latrocinih,
1376 852 1414 892 Sc
1433 847 1565 892 furtis
1582 846 1734 893 assueti
1749 867 1808 910 pa
1823 879 1832 887 -

62 919 153 967 lam
175 918 301 964 velut
318 932 374 963 ex
395 914 567 963 hostico
590 930 742 978 agere,
769 928 941 974 rapere,
958 927 1115 958 omnes
1131 912 1338 974 regiones
1366 911 1537 958 vicina-s
1555 910 1732 958 infestas
1748 915 1832 963 ha.

62 985 170 1031 bere
186 995 437 1043 coeperunt.
466 979 527 1026 Iis
544 979 599 1026 de
620 979 752 1025 rebus
775 993 876 1023 cum
897 976 953 1023 ad
965 993 1060 1030 eos,
1082 979 1164 1038 qui
1184 978 1368 1022 summae
1387 976 1450 1021 rei
1465 991 1701 1036 praeerant,
1718 995 1833 1042 que-

62 1047 170 1096 relae
190 1046 370 1092 fuissent
388 1045 567 1099 delatae,
591 1042 772 1105 ipsique
797 1058 876 1104 per
897 1041 1048 1087 literas
1073 1041 1355 1104 Duglaffium
1376 1041 1523 1102 (cujus
1546 1040 1592 1086 in
1614 1047 1832 1103 potestate

65 1123 194 1159 erant
217 1108 532 1170 Annandiani)
558 1108 624 1155 sui
648 1105 788 1154 officii
811 1104 1159 1159 admonuissent,
1184 1105 1350 1152 deinde
1371 1105 1516 1151 acrius
1538 1119 1643 1151 cum
1674 1125 1728 1155 eo
1753 1126 1833 1157 ex-

59 1175 371 1240 postulassent,
395 1174 474 1221 ille
512 1186 688 1236 tanturn
714 1170 878 1224 abfuit,
920 1181 970 1216 ut
989 1168 1219 1232 praeterita
1256 1169 1456 1232 puniret,
1491 1182 1539 1215 nt
1559 1167 1837 1231 impunitate

72 1240 267 1305 gliscens
291 1240 460 1285 tnilum
486 1240 625 1285 aleret
650 1255 661 1285 ;
696 1249 833 1298 atque
854 1233 1071 1286 ediceret,
1092 1250 1148 1279 ne
1170 1232 1271 1296 quis
1296 1234 1475 1280 suorum
1499 1233 1659 1298 Regiis
1682 1238 1839 1286 minis.

67 1304 148 1355 tris
180 1304 317 1365 injus
354 1304 640 1354 vocantibus,
666 1312 744 1347 aut
777 1297 958 1362 quidvis
982 1315 1065 1361 pro
1103 1297 1361 1362 magistratu
1393 1299 1632 1362 agentibus
1657 1301 1850 1349 obtem·-

66 1362 244 1434 peraret
265 1388 276 1416 :
303 1368 344 1416 se
358 1368 480 1415 enlm
506 1367 552 1415 id
570 1363 864 1430 privilegium
892 1361 981 1425 (jus
1005 1363 1180 1425 Regale
1202 1364 1345 1427 vulgo
1368 1363 1620 1426 appellant)
1643 1364 1670 1411 a
1692 1367 1838 1430 Regi-

71 1435 154 1482 bus
172 1434 339 1481 habere
356 1431 677 1495 superioribus.
746 1430 798 1476 ld
834 1431 914 1491 qui
949 1427 1222 1474 imminuere
1244 1430 1464 1483 tentasset,
1507 1429 1655 1492 capite
1677 1448 1839 1494 poenas

45 1500 50 1502 ’
73 1499 302 1546 daturum.
370 1498 512 1545 Hunc
534 1512 683 1543 rerum
721 1495 880 1541 statum
904 1507 1009 1539 cum
1036 1492 1222 1549 Prorex,
1263 1497 1302 1539 δε
1344 1494 1655 1542 Cancellarius
1692 1497 1841 1560 magis

61 1564 324 1626 deplorare,
348 1562 489 1626 quam
511 1572 687 1608 mutare
708 1560 898 1623 possent,
922 1574 974 1604 ea
995 1557 1127 1619 pestis
1148 1558 1204 1605 ad
1228 1558 1438 1620 proxima
1449 1575 1643 1623 quaeque
1666 1562 1841 1623 proser-
1893 1589 1895 1591 >

69 1627 428 1693 pens,quiequid
443 1625 737 1680 Scotiaeintra
757 1623 970 1688 Forthatn
989 1623 1195 1679 est,velut
1215 1622 1339 1670 tabes
1354 1624 1479 1669 brevi
1502 1625 1708 1687 pervasit.
1746 1628 1840 1676 Re-

76 1693 216 1755 liquae
235 1692 337 1738 duae
357 1690 573 1738 factiones
592 1689 728 1736 etiam
749 1687 865 1733 inter
885 1686 925 1733 fe
959 1685 1184 1733 discordes
1204 1703 1287 1750 per
1306 1703 1536 1750 praecone5
1560 1688 1610 1738 in
1625 1691 1842 1740 omnibus
1879 1698 1881 1700 ’

74 1756 278 1818 oppidis,
295 1771 347 1802 ac
364 1771 505 1819 prope
523 1752 637 1800 Vlcis
652 1752 839 1799 edicunt
857 1769 868 1798 z
901 1750 1178 1805 Alexander,
1198 1767 1255 1798 ne
1277 1751 1381 1814 quis
1397 1754 1700 1808 Cancellario‚
1717 1756 1842 1803 Can-

72 1820 299 1874 cellarim,
319 1837 375 1866 ne
393 1820 495 1883 quis
516 1817 779 1865 Alexandro
800 1817 1087 1878 obtemperet
1113 1833 1123 1861 :
1147 1815 1176 1862 fi
1200 1816 1303 1878 quis
1319 1863 1321 1869 ,
1338 1818 1395 1863 ad
1417 1817 1512 1864 suas
1557 1818 1840 1868 calamitates

75 1885 378 1942 deplorandas
401 1885 458 1930 ad
476 1885 668 1930 alterum
690 1880 894 1936 venisset,
917 1896 942 1926 a
964 1879 1150 1926 diversae
1184 1880 1393 1928 factionis
1417 1881 1682 1931 hominibus
1700 1884 1749 1931 in
1773 1902 1845 1932 re-

80 1943 181 1996 ditu
205 1951 322 1996 male
344 1948 650 2011 accipiebatur
675 1965 685 1993 :
718 1945 946 1992 interdum
988 1944 1107 1991 villis
1128 1944 1345 1993 incendio
1382 1947 1605 2008 corruptis
1629 1949 1846 1999 omnibus

73 2014 328 2060 exuebatur
344 2011 554 2059 fortunis·
604 2012 673 2057 Ita
690 2009 859 2055 mutuis
882 2009 1088 2055 cladibus
1113 2009 1387 2057 diversarum
1412 2012 1608 2073 partium
1633 2013 1846 2062 homines

74 2078 183 2124 odio
204 2077 440 2141 plusquam
456 2074 705 2123 hostilisese
728 2074 1046 2121 conficiebant.
1073 2073 1176 2120 Viri
1194 2087 1334 2128 anteit
1365 2076 1580 2140 boni,qui
1595 2078 1651 2123 ad
1671 2080 1848 2127 nullam

75 2142 118 2190 se
142 2142 385 2191 factionem
404 2142 718 2204 adjunxerant,
742 2154 892 2185 rerum
917 2139 1094 2185 suarum
1113 2137 1293 2195 incerti,
1321 2141 1506 2203 publica
1528 2141 1667 2189 salute
1683 2143 1848 2207 deplo-

75 2221 173 2256 rata
196 2207 357 2260 moesti,
379 2219 516 2269 atque
539 2202 665 2255 taciti
699 2204 741 2250 se
763 2204 892 2251 dorni
915 2203 1227 2250 continebant.
1294 2205 1318 2251 J
1323 2218 1368 2252 ta
1384 2205 1557 2253 interea
1574 2206 1684 2254 dum
1709 2210 1766 2255 ad
1804 2208 1848 2256 se

75 2272 267 2336 quisque
295 2273 414 2318 vires
453 2268 699 2324 contrahit,
723 2268 912 2333 publica
935 2267 1105 2315 utilitas
1127 2269 1184 2316 ab
1207 2268 1420 2317 omnibus
1452 2270 1499 2319 in
1522 2272 1674 2320 medio
1691 2273 1853 2323 relicta

80 2337 353 2384 destituitur.
1208 2345 1210 2348 ’

141 2403 229 2449 111.
266 2401 464 2466 Regina,
488 2415 592 2464 quae
613 2415 718 2449 cum
739 2400 938 2463 Prot-ege
962 2398 1002 2445 se
1036 2397 1222 2460 Sterlini
1243 2397 1530 2455 continebat,
1574 2418 1633 2448 ne
1674 2403 1852 2454 nullam

32 2511 37 2516 ,
80 2465 166 2514 suis
187 2464 390 2530 partibus
410 2465 698 2513 acceffionem
722 2464 870 2511 facere
892 2463 1142 2518 videretur,
1165 2463 1312 2511 virilis
1326 2463 1468 2512 animi
1489 2463 1665 2514 facinus
1687 2476 1853 2533 aggre-

80 2531 223 2578 ditur.
257 2530 596 2593 Edimburgum
620 2530 745 2576 enim
767 2529 963 2593 velutad
986 2527 1219 2575 visendum
1240 2527 1380 2575 filiurn
1407 2524 1612 2592 profecta
1632 2530 1681 2580 in
1699 2547 1855 2585 arcem

85 2594 410 2651 &Cancellario
428 2596 660 2657 recipitur.
695 2592 768 2640 Ibi
785 2593 985 2657 benigne
997 2592 1156 2640 habita
1167 2608 1271 2641 cum
1292 2593 1390 2655 post
1402 2593 1574 2656 primos
1593 2599 1856 2662 congressus

81 2660 366 2708 convertisset
388 2660 637 2706 sermonem
660 2659 718 2705 ad
738 2658 1003 2721 praesentern
1025 2656 1158 2720 regni
1179 2658 1339 2705 statum
1361 2658 1714 2722 deplorandum,
1725 2664 1858 2727 copi-

84 2724 251 2788 oseque
273 2723 550 2779 disseruisset,
570 2736 702 2787 quot,
727 2727 777 2772 ὃς
811 2735 982 2786 quanta
1003 2721 1191 2784 publice
1212 2725 1331 2769 mala
1351 2738 1408 2768 ex
1429 2725 1511 2770 hac
1533 2724 1759 2774 discordia
1777 2744 1860 2775 ve-

85 2789 156 2838 lut
173 2788 300 2838 fonte
318 2789 640 2844 redundarent,
664 2787 791 2834 suum
833 2787 1010 2851 semper
1030 2786 1236 2834 animum
1273 2789 1328 2835 eo
1349 2786 1572 2850 spectasse,
1599 2802 1648 2837 ut
1668 2790 1860 2840 diffidiis

81 2869 142 2900 ex
185 2855 381 2902 utilitate
404 2853 590 2917 publica
627 2851 908 2916 compositis,
949 2852 980 2899 fi
1003 2868 1094 2899 non
1118 2852 1436 2915 tranquillum,
1477 2864 1630 2903 tamen
1652 2855 1859 2918 aliquem

41 2966 46 2969 ,
84 2919 218 2982 regni
239 2920 398 2968 statum
416 2918 650 2965 haberent.
722 2918 860 2964 Nunc
878 2916 1065 2981 quando
1087 2931 1172 2964 nec
1186 2916 1471 2972 auctoritate,
1495 2933 1645 2981 neque
1666 2919 1858 2969 confiHo

83 2981 136 3030 in
157 2983 394 3046 publicum
418 2983 656 3046 prodesset,
697 2980 912 3044 privatim
935 2981 1089 3045 quoad
1110 2981 1255 3044 posset
1285 2980 1568 3043 profuturam
1595 3000 1607 3029 :
1644 2983 1860 3033 omnem·-

86 3062 178 3109 que
199 3063 387 3110 operam
406 3048 456 3095 in
473 3064 529 3095 eo
546 3047 893 3104 collocatur-arn,
909 3059 961 3093 ut
982 3045 1171 3093 filiusin
1192 3045 1317 3108 spem
1338 3045 1470 3108 regni
1491 3046 1556 3095 ita
1577 3046 1782 3105 honeste,
1805 3064 1862 3099 ae

144 3193 206 3243 (1)
235 3196 360 3245 Inita,
379 3198 590 3245 afterwards
606 3198 686 3235 lot-d
702 3197 747 3236 of
756 3196 940 3235 Crichton
991 3194 1174 3233 erichton
1193 3195 1241 3244 by
1255 3194 1322 3234 the
1341 3193 1559 3233 forfaulture
1577 3208 1652 3236 was
1681 3197 1861 3247 given.to

87 3250 130 3290 in
155 3250 352 3287 Lowthian
373 3265 382 3288 t
412 3252 457 3289 of
475 3250 532 3287 his
551 3250 646 3287 son's
655 3251 840 3299 marriage
863 3251 941 3299 (see
993 3249 1060 3286 the
1080 3248 1280 3297 Hepburns
1294 3249 1340 3287 of
1353 3247 1557 3288 Bothweu.
1591 3249 1646 3300 By
1661 3250 1763 3291 their
1779 3254 1863 3293 for·

46 3305 51 3313 “
90 3316 171 3352 cap.
192 3301 260 3350 26)
291 3305 365 3341 and-
376 3303 570 3342 'forfeiture
590 3303 636 3340 of
658 3302 718 3341 his
738 3301 865 3349 house,
885 3302 942 3340 see
993 3301 1157 3338 faulture
1176 3305 1246 3340 and
1256 3302 1445 3339 restiution
1458 3301 1498 3339 in
1516 3303 1666 3342 Francis
1684 3298 1861 3354 ,Steivarn

92 3357 303 3394 afterwards
322 3357 386 3396 lib.
413 3369 474 3395 υ.
495 3369 596 3406 capp.
618 3368 681 3406 50,
703 3367 765 3406 51.
780 3364 783 3368 ·
810 3355 871 3393 Of
883 3355 942 3393 his
995 3354 1125 3391 stster's
1138 3353 1201 3391 son
1215 3355 1385 3407 toJames
1395 3355 1577 3405 Hepburn
1590 3358 1665 3396 earl
1679 3358 1725 3396 of
1735 3359 1860 3400 Both-

95 3409 226 3447 second
242 3409 319 3455 son,
333 3410 490 3448 mavried
502 3418 541 3447 to
555 3408 619 3447 the
632 3408 794 3446 heretrix
810 3409 854 3446 of
858 3410 951 3446 San·
1005 3406 1109 3452 well,
1139 3409 1208 3445 and
1221 3408 1519 3447 hisrforfaulture
1538 3422 1636 3449 anno
1851 3439 1866 3458 ‚

98 3462 251 3511 quhair‚·
265 3466 398 3501 name'd
417 3463 525 3509 Ross‚
544 3462 737 3500 descended
765 3460 831 3498 the
858 3462 954 3498 lords
1006 3459 1191 3499 Crichton
1213 3472 1287 3502 was
1304 3461 1414 3511 given
1430 3469 1471 3502 to
1494 3461 1561 3504 the
1576 3452 1691 3505 house
1707 3466 1753 3504 of
1764 3444 1864 3507 Bne·

84 3513 321 3567 &aquitan
336 3515 658 3558 afterwardseaffl·
678 3513 726 3556 of
743 3512 954 3556 Dumfxies.
1009 3511 1161 3563 dengh-

1786 3630 1874 3696 Ῥῖἒ
