2106 3838
294 179 380 246 72
601 163 961 230 RERUM
1052 161 1737 232 Scor-semum

291 275 393 306 rum
412 258 621 307 trahitur.
688 261 774 308 Vir
795 258 989 322 magnis,
1020 257 1322 329 gravibusque
1341 253 1510 324 praeliis
1534 263 1664 326 gestis
1686 275 1915 327 receptam
1937 282 2041 330 para-

294 335 385 370 tem
402 322 558 371 insula:
575 343 602 370 a
633 324 807 371 caeteris
829 321 1064 368 indomins
1089 322 1302 385 gentibus
1323 326 1446 372 vallo
1464 326 1827 390 distinguendam
1848 342 1975 391 putas
1989 331 2042 377 it.

293 388 454 451 Itaque
475 405 687 453 magnam
710 388 880 439 fossam,
908 385 1294 449 firmiffimumque
1315 389 1488 436 vallum
1511 392 1678 439 crebris
1701 392 1892 454 desuper
1909 395 2044 440 turri-

291 450 376 498 bus
389 452 719 498 communitum
735 468 815 513 per
833 463 1036 504 centum,
1059 455 1100 498 δι
1118 450 1309 515 triginta
1324 451 1417 498 duo
1435 453 1581 502 millia
1597 458 1799 519 passuum
1815 473 1841 502 a
1857 456 1968 503 mari
1988 458 2047 505 ad

291 531 414 562 mare
435 517 581 562 duxit.

356 580 526 626 Eadem
550 596 663 641 pene
681 580 736 624 ad
758 577 950 625 verbum
971 578 1109 626 habet
1128 580 1233 626 Ado
1252 578 1633 644 Archiepiscopus
1654 577 1937 632 Viennensis.
1974 586 2045 633 U-

415 643 599 752 grinque
620 659 743 688 error
762 642 809 689 in
824 642 1024 690 numer-is
1044 645 1104 691 est
1124 644 1421 709 corrigendus
1443 664 1454 692 :
1488 662 1592 692 nam
1610 662 1694 710 pro
1724 665 1824 711 ¹32·
1849 649 2044 696 scriben*

451 723 525 753 um
548 709 606 752 est
630 722 702 768 32·
1071 713 1074 715 ’

814 792 851 838 E
903 792 1208 838 soL1N1
1242 792 1392 856 ehap.
1433 808 1506 857 κς.

351 866 438 912 VI.
472 866 529 911 M
546 865 594 912 U
608 866 646 912 L
661 864 748 912 TI
769 866 797 910 S
831 862 1001 919 insulis,
1019 881 1101 912 nec
1118 863 1403 929 ignobilibus
1421 865 1727 923 circundatur,
1741 884 1931 930 quarum
1951 870 2042 917 Hi-

289 929 447 974 bernia
468 929 512 975 ei
528 928 756 992 proximat
779 928 1114 992 magnitudine.
1182 929 1437 977 Inhumana
1455 931 1514 975 est
1539 930 1628 976 ritu
1647 931 1897 979 incolarum
1917 934 2040 997 aspe-

287 1009 337 1039 ro
360 1011 372 1039 :
398 992 508 1039 alias
530 993 593 1040 ita
611 992 841 1057 pabulosa,
871 1006 918 1038 ut
937 991 1163 1054 pecuaria,
1182 992 1263 1039 nisi
1281 991 1513 1039 interdum
1538 996 1684 1040 aestate
1706 1013 1730 1041 a
1754 997 1947 1058 pastibus
1972 1015 2040 1045 ar-

285 1068 487 1112 ceantur,
509 1056 555 1105 in
575 1056 829 1120 periculum
852 1069 958 1120 agat
979 1057 1125 1109 satias.
1174 1056 1278 1103 Illic
1301 1058 1450 1103 nullus
1475 1057 1654 1120 anguis,
1676 1059 1767 1105 avis
1790 1077 1903 1113 rara,
1928 1079 2040 1124 gens

286 1120 529 1184 inhospita,
557 1129 596 1169 Se
616 1120 843 1168 bellicosa.
913 1121 1141 1184 Sanguine
1178 1120 1554 1184 interemptorum
1580 1122 1749 1176 hausto,
1785 1124 1909 1186 prius
1944 1126 2039 1172 vic-

286 1197 404 1232 tores
421 1186 575 1233 vultus
597 1186 694 1233 suos
716 1185 943 1233 oblinunt.
992 1187 1072 1234 Fas
1096 1201 1147 1232 ac
1167 1185 1290 1232 nefas
1311 1186 1471 1232 eodem
1492 1187 1646 1232 animo
1666 1188 1854 1234 ducunt.
1901 1190 2040 1235 Puer-

284 1263 394 1312 pera
415 1250 444 1296 fi
463 1251 647 1314 quando
669 1266 837 1297 marem
862 1249 1024 1304 edidit,
1048 1250 1217 1313 primos
1241 1248 1367 1297 cibos
1386 1250 1540 1312 gladio
1561 1250 1757 1313 imponit
1776 1252 1944 1305 mariti,
1968 1253 2037 1301 in-

202 1370 213 1377 .
285 1327 375 1423 {ue
397 1330 446 1360 os
465 1314 646 1386 parvuli
664 1313 838 1362 summo
860 1330 1077 1361 mucrone
1099 1314 1344 1377 auspicium
1365 1314 1685 1362 alimentorum
1706 1317 1865 1363 leviter
1882 1317 2035 1372 insert,

349 1379 598 1442 gentilibus
621 1379 739 1425 votis
762 1390 907 1442 optat,
932 1396 1023 1425 non
1047 1379 1178 1426 aliter
1198 1395 1333 1441 quam
1354 1379 1401 1425 in
1425 1379 1564 1427 bello.
1582 1385 1619 1426 Sc
1642 1380 1757 1427 inter
1775 1397 1899 1426 arma
1919 1398 2037 1429 mor—

287 1453 376 1489 tem
395 1455 598 1506 oppetat.
668 1443 762 1506 Qi
787 1443 964 1490 student
983 1443 1146 1495 cultui,
1170 1443 1382 1489 dentibus
1407 1443 1516 1489 mari
1553 1444 2039 1505 namium,belluarum

283 1505 532 1570 insigniunt
554 1507 724 1554 ensium
748 1507 934 1570 capulos
960 1526 970 1554 ;
1007 1507 1249 1553 candicant
1269 1506 1390 1553 enim
1416 1507 1471 1553 ad
1502 1508 1743 1555 eburneam
1763 1509 2035 1557 claritatem.

283 1568 406 1617 Nam
421 1571 652 1634 praecipua
665 1571 770 1618 viris
792 1570 940 1635 gloria
960 1570 1084 1617 estin
1109 1587 1337 1617 armorum
1361 1570 1514 1618 nitela.
1547 1573 1661 1634 Apis
1676 1573 1911 1636 nusquam.
1938 1576 2036 1621 Ad-

284 1637 466 1681 vec'lum
489 1636 596 1681 inde
621 1636 872 1697 pulverem,
893 1635 965 1680 seu
989 1634 1172 1697 lapillos
1195 1636 1223 1680 fi
1245 1634 1345 1696 quis
1370 1635 1569 1697 sparserit
1592 1638 1709 1683 inter
1729 1638 1940 1693 alvearia,
1957 1655 2034 1683 cx·-

281 1699 432 1744 amina
447 1699 571 1745 favos
587 1699 810 1746 deserunt.
849 1700 997 1753 Mare,
1013 1699 1136 1772 quod
1154 1698 1443 1751 Hiberniam,
1462 1705 1498 1745 δε
1515 1700 1792 1747 Britanniam
1814 1701 1943 1748 interl
1954 1703 2033 1757 vit,

281 1762 519 1815 undosum,
548 1770 587 1810 ἂν
611 1763 886 1824 inquietum,
908 1776 1004 1810 toto
1029 1781 1076 1809 in
1099 1778 1235 1816 anno,
1256 1778 1346 1809 non
1371 1762 1451 1810 nifi
1476 1763 1631 1809 aestivis
1653 1766 1857 1826 pauculis
1873 1764 2058 1828 diebus,

281 1828 341 1873 est
359 1827 634 1890 navigabile.
677 1828 913 1890 Navigant
936 1841 1084 1874 autem
1108 1826 1320 1873 vimineis
1343 1827 1499 1880 alveis,
1521 1845 1634 1890 quos
1653 1829 1918 1876 circundant
1940 1848 2033 1876 azn-

280 1890 455 1938 bitione
474 1903 704 1956 tergorum
725 1891 1019 1939 bubulorum.
1046 1894 1232 1954 Qanto
1255 1907 1436 1953 cunque
1452 1904 1654 1954 tempore
1670 1893 1818 1939 cursus
1840 1895 2032 1947 tenebit,

283 1954 550 2018 navigantes
572 1955 678 2002 escis
703 1956 940 2003 abstinent.
967 1956 1087 2003 Freti
1108 1955 1398 2002 latitudinem
1422 1954 1467 2003 in
1492 1969 1676 2002 centum
1699 1956 1864 2020 viginti
1891 1958 2034 2005 millia

277 2019 484 2082 paffiium
504 2018 809 2082 diffundi,qui
834 2021 968 2067 fidem
991 2021 1046 2066 ad
1061 2036 1219 2067 verum
1242 2019 1495 2066 ratiocinati
1519 2020 1635 2073 sunt,
1653 2022 1937 2067 aestimxrunt.
1962 2023 2031 2068 Si-

279 2087 431 2130 lurum
454 2100 640 2149 quoquc
662 2084 826 2131 insulas
846 2084 903 2130 ab
928 2100 1004 2130 ora
1028 2100 1164 2148 quam
1188 2100 1300 2148 gens
1317 2082 1546 2132 Britannia
1561 2079 1818 2131 Dumnonii
1838 2086 2030 2140 detinet,

277 2147 512 2196 turbidum
530 2148 695 2195 fretum
709 2147 943 2211 distinguit
963 2167 973 2195 ε
998 2148 1126 2210 cujus
1139 2147 1346 2195 homines
1362 2147 1498 2194 etiam
1519 2164 1640 2194 nunc
1657 2150 1913 2196 custodiunt
1931 2166 2031 2196 mo-

278 2228 372 2260 rem
398 2214 634 2260 vetustum.
701 2210 948 2260 Nundinas
970 2227 1022 2259 ac
1041 2229 1278 2259 nummum
1302 2211 1518 2266 refutant,
1554 2213 1662 2259 dant
1688 2227 1772 2268 res,
1799 2219 1838 2260 δι
1861 2215 2030 2276 accipi-

279 2289 376 2324 unt.
410 2276 747 2324 Mutationibus
770 2277 1008 2324 necessaria
1026 2277 1197 2341 potius,
1221 2293 1358 2340 quam
1381 2277 1561 2339 praeciis
1579 2291 1750 2340 parant.
1784 2278 1909 2326 Deos
1929 2295 2030 2341 per-

276 2342 450 2389 colunt.
487 2340 731 2389 Scientiam
751 2340 1008 2389 futurorum
1030 2341 1200 2404 pariter
1215 2339 1299 2387 viri
1322 2356 1373 2386 ac
1391 2340 1592 2387 foeminze
1611 2342 1846 2389 ostentant.
1899 2342 2030 2390 Tha-

277 2417 406 2452 natos
427 2405 572 2453 insula
587 2403 773 2454 alluitur
799 2405 916 2455 freto
936 2401 1123 2454 Gallico
1144 2422 1169 2452 a
1191 2403 1436 2453 Britanniae
1458 2405 1711 2453 continenti
1733 2403 1934 2453 aestuario
1963 2421 2028 2454 te-

276 2469 356 2517 nui
378 2468 591 2543 separata,
611 2469 920 2519 frumentariis
946 2469 1118 2533 campis
1142 2468 1269 2525 felix,
1286 2475 1325 2516 &
1349 2469 1485 2534 gleba
1513 2468 1658 2526 uberi,
1673 2486 1755 2517 nec
1777 2482 1953 2517 tantum
1974 2473 2028 2518 si-

276 2533 325 2580 bi
346 2533 444 2589 soh,
469 2551 625 2581 verum
646 2540 686 2584 ει
707 2534 810 2583 aliis
828 2534 1015 2583 salubris
1035 2533 1166 2582 locis.
1191 2534 1317 2581 Nam
1338 2548 1444 2581 cum
1464 2533 1560 2597 ipsa
1578 2534 1707 2581 nullo
1728 2534 1927 2596 serpatur
1948 2552 2028 2584 an·

274 2609 383 2665 gue,
404 2597 624 2662 asportata
645 2599 751 2648 inde
773 2611 891 2648 terra
910 2600 1102 2662 quoquo
1123 2598 1333 2664 gentium
1354 2599 1535 2646 invecta
1557 2598 1625 2653 sit,
1646 2615 1816 2663 angues
1839 2613 1987 2648 necat.

526 2684 565 2731 E
612 2684 652 2732 L
671 2684 694 2731 Ι
711 2685 747 2732 Β
765 2685 807 2732 R
826 2685 873 2731 Ο
907 2702 949 2748 3.
981 2684 1239 2733 Herodiani
1260 2681 1489 2732 Politiano
1509 2682 1771 2748 interprete.

338 2756 450 2805 VII.
483 2756 526 2804 A
543 2758 590 2804 T
626 2745 814 2806 Severus
838 2775 985 2806 moras
1005 2759 1064 2805 de
1079 2757 1297 2806 industria
1333 2760 1532 2811 nectem,
1557 2775 1613 2804 ne
1641 2774 1789 2806 vacuo
1819 2757 1900 2806 fibi
1931 2759 2034 2807 Ro·-

273 2838 395 2871 mam
409 2822 669 2870 adeundum
683 2822 817 2879 foret,
831 2819 1029 2889 cupidus
1046 2819 1267 2878 vistoriae‚
1286 2820 1664 2897 cognominisque
1682 2820 1950 2879 Britannici,
1964 2824 2030 2870 le-

273 2899 404 2953 gatos
424 2886 612 2952 quidem
637 2903 685 2935 re
703 2886 873 2935 infecta
893 2887 1082 2935 domum
1107 2886 1319 2942 dimittit,
1340 2886 1434 2950 ipse
1457 2903 1560 2949 quae
1581 2886 1706 2935 bello
1740 2887 1835 2934 usui
1857 2887 2025 2942 forent,
2071 2895 2076 2903 '

274 2968 444 3016 magna
463 2950 642 3000 solertia
669 2951 979 3016 comparabat.
1048 2951 1141 2999 Sed'
1157 2950 1206 2999 iu
1227 2951 1386 3015 primis
1405 2964 1557 2998 tamen
1584 2965 1706 2999 curae
1726 2950 1892 2998 habuit
1907 2967 2025 3015 pon·

270 3016 395 3063 tibus
416 3030 637 3080 occupare
659 3017 866 3091 paludes,
895 3031 947 3064 ut
966 3017 1075 3068 stare
1095 3014 1145 3064 in
1167 3027 1270 3064 tuto
1289 3014 1457 3064 milites
1478 3015 1670 3078 possent,
1693 3027 1738 3064 at
1775 3029 1830 3067 ue
1849 3013 1897 3062 in
1920 3015 2025 3063 soli-

273 3080 334 3126 do
353 3079 563 3142 praeliari.
630 3081 869 3144 Siquidem
884 3079 1128 3130 Britanniae
1145 3080 1376 3146 plaeraque
1393 3080 1496 3127 loca
1516 3078 1743 3144 frequenti
1775 3096 1830 3129 us
1848 3076 2027 3127 Oceani

237 3164 239 3166 ·
271 3143 576 3192 alluvionibus
597 3146 909 3209 paludescunt.
973 3146 1060 3193 Per
1078 3162 1153 3192 eas
1171 3143 1318 3209 igitur
1337 3144 1526 3208 paludes
1547 3143 1730 3193 barbari
1745 3140 1828 3208 ipsi
1849 3154 2025 3198 natant,

272 3206 598 3271 excursantque
614 3211 673 3257 ad
693 3209 776 3258 ilia
795 3210 934 3274 usque
949 3209 1159 3266 demerfi,
1171 3224 1226 3256 ac
1242 3208 1472 3278 plaeraque
1488 3208 1696 3273 'corporis
1712 3207 1823 3256 nudi
1840 3223 2028 3255 coenum

273 3283 589 3321 contemnunt.
653 3273 824 3339 Neque
855 3275 981 3322 enim
1007 3273 1139 3323 vestis
1155 3272 1287 3322 usum
1307 3285 1589 3339 cog-noman,
1617 3272 1693 3321 sed
1712 3284 1937 3327 ventum,
1956 3283 2027 3319 at-

276 3350 367 3399 que
386 3334 609 3384 cervicem
629 3337 751 3386 ferro
767 3339 1029 3405 intingunt,
1050 3351 1370 3387 ornamentum
1389 3336 1442 3386 id
1466 3337 1571 3393 effe,
1599 3351 1654 3385 ac
1669 3333 1936 3384 divitiarum
1956 3351 2029 3383 nr-

273 3411 545 3464 gumentum
567 3401 887 3462 existimantes,
910 3402 1102 3469 perinde
1119 3414 1171 3451 ut
1189 3419 1351 3451 aurum
1371 3400 1526 3451 caneri
1540 3399 1740 3456 barbari.
1802 3398 1930 3463 Quin
1952 3398 2026 3468 iP‘,

273 3466 322 3511 sa
339 3474 499 3511 notant
535 3480 725 3528 corpora
745 3468 922 3531 pictura
955 3467 1104 3524 varia,
1137 3473 1181 3516 δε
1211 3466 1509 3516 omnifuiam
1537 3465 1696 3515 formis
1737 3462 2029 3518 an‘minlinm,

273 3527 490 3592 quocirca
510 3544 566 3575 ne
585 3528 839 3580 induuntur
857 3532 1066 3597 quidem,
1081 3530 1298 3582 videlicet
1312 3530 1538 3597 piauram
1557 3522 1762 3593 corporis
1777 3545 1836 3577 ne
1855 3527 2027 3590 adope-

275 3594 410 3653 rient.
478 3592 595 3643 Sum
624 3606 778 3645 auten
797 3596 1128 3651 &mmmm
1142 3613 1278 3663 gem,
1304 3591 1730 3662 mutavimus
1747 3590 1904 3650 cedis.
1927 3603 2029 3641 tm·

282 3701 286 3703 ,
373 3681 381 3704 '.
640 3666 652 3676 “
1447 3680 1458 3686 ”
1493 3693 1497 3696 ·
1934 3666 2034 3702 mm
