2025 3833
181 196 313 262 390
494 177 855 243 RERUM
949 174 1643 250 Sco’rrcARuM

176 285 303 320 runt.
357 272 566 319 Duorum
605 273 793 318 fratrum
832 269 982 333 capita
1002 269 1187 333 publice
1209 272 1256 319 in
1278 272 1383 319 loco
1401 271 1600 319 maxime
1622 277 1862 340 conspicuo
1880 282 1943 328 ad

177 349 394 385 terrorem
414 337 517 390 ἧττα,
538 337 658 382 bona
679 336 926 397 publicata.

241 403 380 448 VIII.
413 399 509 447 Hic
532 400 630 445 finis
653 400 740 446 fuit
759 400 1264 466 (1)AlexanclriHumii
1285 400 1490 447 omnium
1511 401 1575 447 sui
1598 403 1945 463 temporisSco-

177 477 329 513 torum
355 463 649 524 potentiffimi
668 482 679 510 :
711 464 793 527 qui
813 481 1077 526 quanquam
1101 465 1150 511 in
1166 466 1260 512 vita
1283 467 1533 512 multorum
1555 467 1679 522 odia,
1700 471 1739 512 δε
1760 471 1951 517 aemula·

178 529 352 578 tionem
371 527 602 574 adversum
628 528 1060 584 seinflammaverat‚
1085 541 1237 576 tamen
1257 528 1352 587 ejus
1376 529 1681 576 morsinvidia
1694 531 1945 581 senescente

172 595 425 641 multorum
444 591 723 639 sermonibus
761 591 883 639 varie
920 593 1144 640 celebrata
1162 593 1249 640 fuit
1274 610 1285 638 :
1321 609 1469 656 eoque
1492 593 1782 656 potissimum,
1810 598 1937 659 quod

178 659 306 704 nullo
349 671 469 703 novo
510 656 717 711 crimine,
755 657 829 718 sed
849 657 1030 704 Ioannis
1069 657 1282 705 Heburni
1324 658 1671 705 Coenobiarehae
1706 660 1944 706 calumniis

172 720 417 768 concidisse
437 721 718 769 credebatur.
784 723 943 768 Homo
966 721 1090 768 enim
1112 722 1338 776 factiosum,
1361 725 1411 771 δε
1433 722 1647 769 vindictae
1670 723 1830 774 avidus
1849 723 1939 770 ini-

170 786 392 848 placabili
432 786 542 832 odio
578 785 785 832 adversus
808 785 1038 832 Humium
1059 786 1236 840 arserat,
1260 786 1388 849 quod
1409 786 1505 846 ejus
1529 787 1661 833 unius
1684 803 1821 850 opera
1842 790 1939 836 At·

170 849 512 913 chiepiscopatu
532 850 645 897 Fani
663 851 859 897 Andreae
882 851 1085 897 exclusus
1105 850 1266 897 fuiffet.
1334 851 1539 912 Ideoque
1565 850 1724 898 odium
1745 864 1873 899 vetus
1894 853 1940 899 in

175 927 358 978 tempus
376 916 626 962 recondens
668 915 1143 977 Proregijamdudum
1185 916 1244 961 ob
1262 913 1526 976 suspitiones
1549 915 1736 962 Humiis
1757 915 1936 964 infenso

168 979 366 1026 durioris
386 979 563 1026 consilii
582 981 737 1026 autstor
759 980 883 1026 fuiss'e
905 980 1201 1034 existimatus,
1229 980 1398 1027 ostenso
1415 992 1636 1042 quantum
1652 980 1793 1044 Regi,
1814 985 1865 1031 ὃς
1887 982 1952 1028 ἠε

168 1043 356 1090 niversae
373 1043 437 1090 rei
461 1044 653 1091 Scoticae
675 1045 930 1107 periculum
948 1044 1226 1099 immineret,
1249 1045 1279 1090 fi
1301 1043 1534 1100 discedens
1557 1044 1710 1108 ipsein
1734 1045 1940 1093 Galliam

170 1122 261 1155 tam
286 1124 434 1155 acrem
459 1108 698 1156 inimicum
721 1109 1000 1155 incolumem
1024 1109 1318 1172 relinqueret.
1389 1108 1515 1170 Qid
1537 1109 1658 1155 enim
1682 1125 1737 1156 eo
1760 1109 1942 1157 absente

167 1174 351 1220 ausurus
389 1189 481 1219 non
503 1174 625 1226 effet,
649 1174 730 1237 qui
753 1173 981 1235 praesentis
1020 1174 1336 1221 auctoritatem
1374 1173 1510 1220 toties
1543 1174 1878 1237 contempsisset
1920 1178 1938 1221 ?

166 1238 265 1299 ejus
288 1237 488 1284 hominis
506 1241 860 1293 contumaciam,
885 1255 989 1300 quae
1012 1255 1095 1284 nec
1119 1238 1336 1299 praemiis,
1360 1254 1444 1284 nec
1462 1238 1730 1292 honoribus,
1755 1253 1838 1284 nec
1860 1257 1940 1285 ve-

165 1303 243 1349 nia
264 1302 398 1349 toties
419 1303 573 1350 oblata
594 1302 726 1350 leniri
760 1305 917 1364 poflet,
955 1303 1073 1349 ferro
1095 1303 1412 1367 frangendam,
1438 1302 1466 1348 fi
1490 1319 1586 1348 rem
1610 1303 1832 1349 Scoticam
1857 1303 1940 1350 sal·

165 1384 271 1414 vam
290 1367 374 1414 effe
393 1366 521 1414 velit.
588 1369 722 1422 Haec,
747 1379 882 1430 atque
903 1367 1218 1428 hujuscemodi
1240 1384 1344 1414 cum
1367 1385 1449 1430 per
1463 1366 1654 1429 speciem
1676 1367 1940 1415 consulendi

165 1432 298 1478 saluti
334 1431 570 1478 communi
607 1432 654 1477 in
693 1433 896 1478 animum
920 1431 994 1477 sua
1016 1431 1173 1494 sponte
1195 1447 1367 1496 aegrum
1408 1431 1630 1494 paulatim
1666 1431 1934 1494 irreperent,

165 1497 270 1559 plus
293 1508 457 1559 putant
474 1497 529 1543 ad
549 1510 742 1542 mortem
766 1494 1068 1549 Humiorum‚
1090 1513 1227 1558 quam
1251 1497 1445 1545 crimina
1463 1495 1664 1542 valuiffe.
1712 1497 1937 1543 Extinffis

165 1561 382 1607 fratribus
405 1561 594 1607 Humiis
615 1561 822 1606 Andreas
845 1561 990 1607 Carus
1028 1561 1272 1622 impetrata
1295 1560 1426 1606 unius
1468 1561 1613 1607 noftis
1637 1575 1780 1614 mora,
1807 1574 1854 1607 ut
1879 1563 1936 1608 de

164 1624 487 1672 animae-salute
521 1625 764 1688 cogitaret,
788 1641 870 1686 per
911 1623 1101 1679 amicos,
1131 1641 1183 1670 ac
1223 1623 1418 1670 maxime
1455 1640 1536 1686 per
1558 1624 1770 1678 Gallum,
1811 1626 1935 1687 apud

167 1706 305 1751 quem
329 1688 644 1743 asservabatur,
681 1706 771 1736 non
808 1690 897 1735 fine
921 1689 1128 1750 pecuniae
1150 1688 1477 1751 repraescntatae
1502 1688 1744 1751 suspitione
1764 1688 1938 1751 suppli-

164 1754 289 1800 cium
312 1754 493 1816 effugit.
560 1753 825 1800 Alexandro
844 1767 931 1799 tres
951 1752 1108 1799 fratres
1130 1765 1258 1799 eraut
1280 1751 1546 1815 superstites,
1571 1752 1652 1814 qui
1673 1769 1830 1799 omnes
1853 1769 1931 1799 va-

165 1820 246 1865 riis
271 1819 444 1865 casibus
473 1835 556 1880 pez·
576 1835 628 1864 ca
650 1831 856 1882 tempora
887 1817 1132 1864 conflictati
1156 1817 1357 1863 fuerunt.
1425 1816 1656 1879 Georgius
1679 1817 1740 1862 ob
1762 1817 1935 1865 caedem

165 1885 272 1930 exul
293 1885 342 1931 in
366 1883 542 1946 Anglia
562 1885 682 1946 apud
704 1882 900 1946 hospites
919 1883 1104 1929 latebat.
1173 1883 1366 1928 Ioannes
1387 1880 1611 1944 Jedburgi
1642 1881 1800 1928 Abbas
1822 1883 1939 1929 ultra

167 1949 325 1994 Taum
358 1949 587 2011 relegatus
608 1962 718 1994 erat.
786 1946 943 1994 David
978 1960 1086 1994 natu
1119 1946 1356 2000 minimus,
1377 1946 1457 2009 qui
1479 1958 1575 1992 erat
1597 1944 1937 2009 Coldingamiae

164 2013 315 2068 Prior,
339 2012 526 2059 biennio
547 2012 640 2058 fere
663 2013 758 2076 post
778 2013 949 2058 caedem
972 2011 1159 2057 fratrum
1180 2011 1236 2057 ab
1262 2013 1331 2073 (2)
1354 2010 1524 2056 Iacobo
1547 2010 1775 2056 Heburno
1813 2009 1942 2057 soro·

165 2077 227 2124 ris
251 2076 416 2123 marito
438 2093 520 2140 per
536 2076 728 2139 speciem
748 2075 971 2138 colloquii
989 2088 1221 2128 evocatus,
1246 2073 1346 2122 &in
1368 2086 1544 2136 paratas
1566 2073 1748 2120 infidias
1770 2074 1932 2136 praeci-
1974 2110 1981 2116 x

163 2141 336 2204 pitatus
358 2141 548 2195 interiit,
569 2158 735 2205 magna
755 2140 995 2186 hominum
1010 2136 1418 2200 commiseratione,
1439 2137 1565 2202 quod
1583 2138 1840 2186 adolescens
1862 2138 1935 2185 in,-

164 2206 350 2260 noxius,
384 2221 437 2252 ac
458 2204 632 2252 summa
650 2207 807 2252 indole
831 2218 921 2251 tam
946 2203 1155 2267 turpiter,
1196 2221 1222 2249 a
1250 2219 1343 2267 quo
1365 2203 1554 2249 minime
1575 2202 1754 2257 debuit,
1775 2203 1934 2265 prodi-

81 2310 85 2317 ,
161 2282 237 2318 tus
259 2272 379 2317 esset.
453 2271 574 2317 Cum
597 2271 685 2317 hoc
707 2272 839 2333 padio
861 2284 998 2332 poena
1021 2282 1163 2315 totam
1187 2266 1357 2315 Humii
1379 2267 1567 2314 domum
1590 2280 1838 2329 pervagata
1861 2268 1934 2313 fu-

161 2336 278 2390 iss'et,
302 2334 443 2382 vertit
461 2335 636 2381 invidia
650 2334 698 2381 in
717 2351 875 2380 eorum
896 2333 1127 2388 inimicOS,
1148 2349 1200 2378 ac
1217 2331 1490 2394 potissimum
1515 2330 1562 2376 in
1585 2333 1804 2377 loannem
1828 2332 1928 2378 He-
2001 2382 2005 2389 x

163 2401 361 2447 bui-num
402 2413 496 2447 tam
529 2400 744 2447 acerbum
771 2398 955 2445 ultionis
978 2398 1149 2459 injustae
1172 2400 1443 2443 exactorem.
1511 2397 1581 2442 Ex
1613 2394 1746 2442 unius
1779 2409 1932 2442 autem

163 2465 354 2512 familiae
375 2476 467 2511 tam
490 2464 689 2528 potentis
710 2461 967 2510 calamitate
988 2461 1163 2509 caeteris
1183 2473 1329 2508 metus
1363 2461 1555 2522 injectus
1578 2476 1647 2506 res
1670 2459 1728 2505 ad
1754 2470 1936 2524 tempus

163 2528 652 2592 tranquilliores·secit.

227 2595 314 2640 IX.
346 2593 596 2640 Decembri
618 2594 848 2656 proximo,
873 2593 1040 2639 Prorcx
1062 2592 1239 2654 Regem
1265 2587 1461 2637 Sterlino
1483 2586 1822 2652 Edimburgum
1841 2600 1934 2635 tra-

161 2658 297 2706 duxit
321 2676 332 2704 :
366 2663 407 2704 &
429 2675 456 2704 a
471 2658 734 2720 proceribus
758 2657 904 2704 Scotis
925 2655 1108 2703 veniam
1131 2654 1353 2702 redeundi
1374 2653 1424 2700 in
1447 2653 1657 2702 Galliam,
1671 2652 1822 2716 petiit.
1867 2654 1930 2699 E-

159 2724 233 2786 jus
253 2720 549 2788 postulationi
560 2739 703 2786 prope
727 2722 901 2770 cunCtis
924 2721 1275 2785 refragantibus,
1297 2718 1473 2782 aliquot
1493 2716 1663 2777 menses
1681 2716 1892 2765 remansit
1912 2735 1926 2764 2

217 2852 281 2904 (1)
309 2854 370 2891 He
385 2852 468 2891 died
481 2852 628 2901 leaving
639 2867 710 2891 one
723 2853 810 2901 only
826 2851 1019 2900 daughter,

163 2908 249 2946 heir
265 2909 411 2956 general
429 2908 474 2944 os
486 2907 544 2944 his
563 2907 775 2944 unentailed
793 2908 911 2951 lands,
931 2919 1018 2954 pur-

165 2962 296 2999 chased
324 2961 370 3009 by
389 2961 582 3007 marriage,
611 2973 651 2997 as
684 2960 748 2997 the
770 2959 948 3007 lordlhips
978 2959 1024 2995 of

163 3014 348 3064 Duaglass
361 3016 432 3051 and
449 3015 636 3059 Lanuens,
655 3013 719 3050 the
739 3013 873 3060 barony
892 3012 936 3049 of
950 3013 1016 3048 Sa-

165 3070 363 3114 muelston,
375 3070 446 3105 &c.
467 3066 691 3104 Thereaster
705 3066 770 3104 the
780 3067 927 3102 Humes
943 3064 1021 3103 sent

166 3122 235 3159 her
252 3123 334 3159 into
349 3122 519 3169 England
537 3128 575 3157 to
595 3119 637 3157 be
656 3119 817 3168 brought
832 3132 880 3166 up
897 3125 963 3155 out
980 3117 1026 3155 of

167 3175 234 3212 the
251 3187 332 3224 way
356 3174 521 3222 secretly‚
555 3173 749 3221 intending
765 3181 803 3209 to
818 3184 937 3220 marry
952 3172 1021 3207 her

167 3228 208 3264 in
238 3228 407 3276 England
435 3229 506 3264 and
535 3226 632 3276 keep
662 3226 727 3264 the
756 3227 861 3270 lands
902 3224 1020 3274 entire

166 3281 263 3318 with
280 3281 346 3317 the
362 3280 476 3318 house
488 3279 533 3318 of
546 3281 673 3317 Hume
693 3294 704 3329 3
734 3279 800 3316 but
817 3276 1017 3327 (notwith-

165 3333 334 3381 standing
361 3334 421 3371 ssie
448 3335 567 3382 stayed
584 3332 689 3370 there
717 3333 776 3370 till
797 3331 857 3369 stre
875 3343 950 3368 was
966 3342 1018 3368 20

167 3398 270 3433 years
285 3389 329 3424 of
341 3399 420 3434 age,
441 3388 511 3423 and
526 3400 545 3422 a
557 3394 657 3434 great
674 3385 819 3435 portion
834 3381 1018 3434 promised

167 3436 207 3474 ἑο
225 3437 311 3487 her)
343 3452 391 3475 no
408 3451 496 3480 man
523 3438 628 3476 afked
657 3438 725 3476 her
747 3439 787 3475 in
804 3437 984 3485 marriage
1004 3449 1013 3472 ε

166 3489 355 3528 therefore
372 3490 437 3526 the
454 3493 613 3538 Humes,
643 3500 697 3528 to'
713 3490 827 3528 make
846 3503 935 3527 men
954 3491 1017 3527 bc-

166 3543 264 3580 lieve
282 3543 365 3579 that
383 3541 442 3578 she
468 3557 541 3580 was
559 3546 663 3590 dead,
688 3546 796 3581 made
812 3557 834 3580 a
853 3543 950 3581 ssiew
977 3542 1024 3582 of

168 3595 340 3643 bringing
369 3593 436 3631 her
452 3595 572 3644 corpse
600 3605 667 3633 out
695 3597 742 3634 of
753 3597 922 3644 England
943 3597 1017 3632 and

153 3650 323 3699 ⁵buryiug
342 3647 410 3687 her
426 3646 466 3686 in
484 3648 664 3698 Dunglass
683 3662 696 3698 ς
736 3649 802 3689 but
818 3647 1015 3692 neverthe-

1075 2849 1142 2888 less
1151 2849 1210 2887 she
1222 2845 1394 2886 returned
1409 2845 1594 2885 homethe
1609 2854 1695 2883 next
1708 2844 1926 2896 yearthere-

1074 2904 1198 2940 afterz
1239 2912 1298 2951 yet
1317 2901 1386 2939 her
1412 2901 1566 2938 father’s
1597 2900 1694 2938 sister
1725 2899 1927 2936 Elizabeth

1073 2958 1208 2993 Home
1231 2954 1399 2992 countess
1417 2953 1462 2991 of
1483 2957 1606 2991 Art-an
1627 2953 1786 3002 [lestffie
1805 2952 1931 2989 fhould

1071 3010 1151 3059 pull
1171 3007 1235 3046 the
1261 3008 1334 3046 best
1354 3007 1517 3046 feathers
1547 3006 1644 3044 from
1669 3004 1734 3042 the
1752 3005 1868 3053 wings
1886 3005 1932 3042 of

1075 3064 1140 3100 the
1160 3062 1239 3100 lord
1257 3062 1417 3100 Hume's
1435 3060 1568 3110 houle)
1590 3057 1783 3108 persuaded
1800 3057 1868 3095 her
1888 3068 1928 3095 to

1075 3123 1200 3165 accept
1211 3115 1255 3153 of
1267 3114 1331 3152 the
1349 3113 1509 3152 landsof
1516 3112 1747 3150 Samuelston
1761 3113 1832 3148 and
1845 3112 1927 3161 quit

1075 3162 1125 3211 all
1145 3169 1210 3206 the
1229 3169 1297 3206 rest
1315 3182 1328 3218 3
1357 3169 1427 3204 and
1445 3166 1602 3203 married
1621 3165 1690 3202 her
1707 3177 1804 3214 upon
1823 3164 1927 3216 john

1073 3222 1289 3268 Hamilton,
1325 3234 1345 3258 a
1364 3221 1501 3258 bastard
1521 3218 1585 3256 son
1613 3226 1654 3255 to
1680 3217 1750 3254 her
1765 3217 1929 3255 husband

1071 3276 1136 3312 the
1153 3275 1229 3312 earl
1247 3274 1292 3312 of
1300 3276 1424 3311 Arran
1445 3287 1455 3309 ε
1484 3271 1528 3309 of
1536 3271 1620 3309 him
1639 3283 1742 3307 came
1756 3270 1822 3307 the
1839 3271 1924 3308 Ha-

1071 3330 1228 3366 miltons
1244 3333 1282 3365 ot
1304 3326 1551 3371 Samuelston,
1578 3326 1665 3371 long
1682 3323 1778 3361 fince
1795 3325 1924 3372 decay—

1071 3384 1128 3420 ed.
1184 3382 1264 3418 Her
1278 3376 1542 3428 grandmother
1557 3377 1738 3414 Nicholas
1753 3376 1840 3422 Car,
1865 3376 1921 3412 la·

1071 3437 1117 3485 dy
1146 3434 1276 3472 Hume
1303 3434 1374 3470 and
1404 3431 1635 3469 Samuelston
1666 3429 1763 3466 lived
1807 3438 1923 3480 ¹5²5?
1938 3464 1939 3467 ,
1963 3462 1970 3465 t

1071 3489 1133 3526 To
1151 3486 1217 3524 the
1235 3487 1314 3524 lord
1331 3486 1545 3523 Alexander
1556 3481 1747 3520 succeeded
1761 3478 1820 3518 h'is
1837 3481 1921 3519 brov-

1071 3540 1157 3580 ther
1175 3541 1323 3587 George
1343 3552 1379 3589 3.
1399 3539 1478 3575 lord
1501 3538 1643 3572 Hume.
1672 3537 1679 3544 “

1125 3593 1190 3647 (2)
1209 3591 1438 3641 Commonly
1450 3589 1566 3629 called
1583 3585 1716 3627 masten
1727 3582 1772 3623 οἶ
1782 3583 1924 3624 Haills.

1878 3716 1933 3753 30
