2047 3781
86 111 183 175 -24
359 89 543 157 DE
658 86 1034 175 JURE
1139 31 1648 154 wem

91 207 160 239 tas
183 192 370 242 nomine
387 193 595 257 Tyranni
617 192 793 239 sublato
817 207 912 237 rem
933 203 1084 238 tamen
1109 204 1245 255 atque
1263 191 1351 240 hoc
1372 192 1554 256 imperii
1577 211 1721 259 genus
1744 201 1868 258 apu&
1886 252 1889 254 v

92 259 489 306 multas‘nationes
511 258 703 305 illustres
724 256 773 301 in
795 255 969 302 honore
985 254 1173 316 pristino
1189 259 1470 319 permanfiffe
1490 275 1503 304 ε
1534 275 1580 305 ut
1593 261 1716 322 apud
1732 263 1865 307 Grae-

91 320 170 368 cos
194 323 500 386 AEsymnetas,
525 321 648 382 apud
682 320 916 367 Romanos
940 317 1217 367 Dictatores.
1284 314 1479 386 Ut'riqui
1507 324 1871 386 enimTyranni

91 386 293 450 legitimi
313 400 442 434 erant
463 404 475 432 ε
509 384 583 432 sed
606 383 819 448 Tyranni
836 382 1047 447 quidem,
1084 385 1155 445 (1)
1179 385 1289 448 quia
1310 386 1490 449 legibus
1514 390 1793 450 potentiores
1820 407 1871 436 e-

91 454 196 498 rant
224 471 240 507 3
284 450 482 514 legitimi
519 463 693 504 autem,
741 450 810 510 (1)
836 449 944 510 quia
973 449 1137 512 populi
1174 450 1387 497 consensu
1421 451 1570 499 electi.
1639 457 1706 501 Aa,
1742 452 1875 517 Qicf

91 532 181 580 ego
200 516 337 562 audio
361 519 378 561 ?
424 513 658 577 legitimos
680 512 819 560 etiam
852 514 938 561 effe
959 514 1204 576 Tyrannus
1249 517 1268 560 ἓ
1300 515 1402 579 Ego
1434 517 1572 579 longe
1594 517 1720 564 aliud
1744 532 1873 572 certe

93 598 120 626 a
143 579 520 641 reexpeciabarn.
594 578 738 627 Nunc
761 593 868 624 vero
893 577 1177 626 confundere
1198 577 1367 626 videris
1390 580 1597 627 omnium
1621 583 1806 645 Regum
1828 587 1874 629 δε

92 644 417 708 Tyrannorum
436 642 714 691 discrimina..

157 707 331 757 XLIV.
366 709 424 755 B.
457 708 608 769 Reges
633 705 840 769 profecto
860 709 910 754 δε
953 708 1170 770 Tyranni
1192 708 1316 770 apud
1347 721 1542 764 veteres,
1585 708 1708 756 idem
1732 710 1870 772 plane

93 771 221 819 fuiffe
243 770 477 826 videntur,
522 772 594 818 sed
613 771 798 818 diverfis
839 770 1006 833 opinor
1024 773 1325 834 temporibus,
1395 775 1718 835 Tyrannorum
1744 774 1875 823 euim.
1910 817 1912 819 .

90 852 258 884 nomen
283 834 463 899 opinor,
484 835 720 899 antiquius
740 834 845 882 fnit.
888 835 1074 884 Deinde
1096 837 1177 883 ubi
1198 836 1293 898 ejus
1313 837 1512 886 nominis
1530 839 1590 885 est
1615 839 1872 901 pertaesum,

91 900 388 948 successerunt
409 899 457 947 in
478 915 639 948 eorum
663 901 813 947 locum
838 901 1008 964 RegeS,
1034 900 1222 948 nomine
1246 902 1483 949 blandiore
1505 906 1552 953 &
1577 899 1760 950 mitiore
1784 904 1874 951 im-

91 966 238 1030 perio.
307 965 396 1014 His
418 981 606 1027 quoque
627 966 1032 1028 degenerantibus,
1075 968 1229 1029 legum
1271 967 1478 1014 adhibita
1499 967 1559 1014 est
1599 968 1878 1025 moderatio„

91 1046 198 1095 quae
221 1031 330 1078 fines
368 1029 552 1092 imperii
574 1028 765 1076 infinitis
797 1046 958 1077 eorum
980 1031 1310 1094 cupiditatibus
1345 1031 1415 1094 (z.)
1441 1032 1699 1079 statuerent.
1769 1034 1873 1080 Ho-

91 1094 293 1152 minibus
317 1111 424 1141 vero
461 1111 544 1155 pro
589 1094 764 1141 ratione
787 1106 1047 1155 temporum
1087 1099 1137 1144 &
1161 1092 1365 1143 moribus
1387 1096 1631 1143 hominum
1657 1113 1776 1143 nova
1800 1113 1877 1144 re-

92 1159 245 1207 media
265 1159 605 1222 expetentibus,
630 1162 679 1209 δε
701 1170 907 1207 veterum
931 1159 1231 1223 imperiorum
1257 1169 1334 1207 eo's
1357 1159 1595 1223 pertaesum
1618 1162 1696 1215 est,
1722 1166 1765 1208 δι
1786 1179 1875 1210 no-

89 1240 150 1271 va
178 1224 378 1287 quaefita.
445 1220 600 1272 Nobis
621 1240 730 1271 vero
769 1240 826 1271 ne
848 1223 1027 1271 duobus
1050 1225 1294 1289 generibus
1318 1224 1658 1288 principatuum
1681 1227 1729 1272 in
1756 1242 1874 1289 prae-

91 1289 234 1336 sentia
251 1289 480 1336 institutus
503 1290 563 1336 est
584 1290 729 1335 sermo
749 1308 765 1345 3
792 1290 849 1335 de
867 1304 923 1336 eo
945 1287 994 1334 in
1017 1305 1110 1351 quo
1133 1291 1288 1354 legum
1313 1306 1450 1354 quam
1474 1291 1656 1353 Regum
1681 1289 1878 1339 fortiora,

92 1353 195 1403 funt
213 1352 424 1415 imperia,
447 1354 597 1416 deque
619 1352 803 1416 peffimo
822 1353 1118 1414 Tyrannidos
1141 1371 1325 1417 genere,
1346 1356 1391 1400 in
1412 1371 1505 1417 quo
1527 1355 1682 1401 omnia
1706 1356 1878 1419 Regno

93 1419 196 1466 sunt
217 1418 475 1465 contraria:
510 1434 656 1480 eaque
676 1420 797 1465 inter
818 1418 860 1464 se
881 1421 1188 1480 comparanda
1211 1417 1500 1481 suscepimus.
1570 1425 1638 1468 M.
1677 1420 1748 1466 Ita
1772 1421 1832 1467 est
1856 1439 1875 1467 ε.

92 1499 146 1530 ac
168 1482 464 1530 vehementer
502 1484 693 1545 εκρεέὶο
719 1496 767 1529 ut
808 1481 953 1528 isthuc
974 1481 1146 1530 venias.
1197 1478 1274 1533 xB.
1309 1483 1457 1546 Igitur
1492 1481 1627 1530 initio
1649 1483 1767 1530 inter
1788 1499 1873 1532 nos

92 1561 384 1602 convenerat,
426 1549 603 1611 Regem
628 1546 829 1593 societati
866 1548 1078 1593 humanae
1102 1548 1282 1594 tuendae
1313 1548 1440 1594 fuisse
1461 1562 1682 1596 creatum.
1751 1549 1869 1595 Offi-

93 1612 217 1659 cium
241 1628 348 1658 veto
369 1611 465 1674 ejus
487 1612 572 1658 effe
595 1611 847 1666 statuimus,
889 1623 939 1657 ut
972 1628 1029 1657 ex
1067 1611 1222 1675 legum
1247 1611 1509 1675 praescripto
1525 1611 1599 1673 jus
1619 1613 1745 1658 suum
1772 1613 1878 1659 uni·

92 1678 261 1740 cuique
283 1677 510 1724 redderet.
579 1683 646 1725 A‘.
682 1675 897 1724 Memini.
966 1678 1021 1724 B.
1047 1677 1252 1722 Primum
1275 1676 1442 1739 igitur,
1471 1675 1551 1738 qui
1578 1693 1683 1723 eum
1706 1677 1875 1741 'magif-

73 1787 78 1794 a,
91 1754 261 1799 tratum
281 1758 373 1788 non
396 1740 559 1805 populi
580 1741 818 1788 voluntate
848 1740 1033 1802 accipit,
1059 1740 1131 1789 sed
1153 1742 1201 1789 vi
1221 1740 1416 1796 invadit,
1453 1740 1526 1786 vel
1549 1741 1708 1788 frauoe
1731 1741 1873 1791 inter,-

91 1805 226 1870 cipit‚
243 1803 342 1868 quo
364 1823 470 1853 eurn
493 1804 682 1853 nomine
702 1805 1039 1869 appellabimus
1064 1808 1087 1853 ἓ
1117 1810 1185 1854 M.
1216 1808 1467 1868 syrannum,
1491 1807 1673 1868 opinor.

161 1872 311 1918 XLV.
348 1872 404 1919 B.
444 1872 565 1918 Sunt
587 1875 627 1917 &
671 1870 761 1916 alia
785 1870 930 1921 multa
952 1866 1231 1925 discrimina,
1271 1887 1375 1933 quae
1398 1870 1508 1933 quia
1536 1869 1600 1917 'exv
1630 1871 1877 1920 Aristotele

93 1934 228 1983 facile
251 1935 402 1998 quivis
423 1934 630 1999 colliget,
654 1933 760 1981 ideo
791 1934 989 1980 breviter
1009 1950 1062 1979 ea
1083 1951 1362 1997 percurram.
1413 1937 1613 1998 Regium
1639 1936 1761 1983 enim
1780 1937 1872 1984 im-

92 2000 275 2062 perium
300 2000 547 2047 secundum
573 2011 779 2046 naturam
799 2000 859 2045 est
884 2016 896 2045 ε
931 2000 1219 2060 tyrannicum
1244 2013 1419 2047 contra.
1465 2001 1565 2047 Rex
1588 2001 1867 2054 volentibuS,

96 2064 346 2128 Tyrannus
364 2064 534 2112 invitus
557 2064 770 2126 imperat.
821 2063 1059 2127 Regnum,
1080 2062 1216 2111 liberi
1236 2064 1356 2111 inter
1373 2064 1541 2112 liberos
1564 2065 1624 2112 est
1642 2064 1875 2129 principa.

94 2142 186 2185 ωε,
211 2129 445 2192 Tyrannis
467 2127 648 2175 domini
669 2127 718 2175 in
756 2127 920 2175 servos.
990 2127 1110 2191 Regi
1133 2128 1255 2176 cives
1276 2128 1507 2176 excubant
1527 2133 1583 2176 ad
1608 2129 1795 2177 salutem
1819 2147 1868 2177 e·

91 2195 167 2256 jus
187 2195 428 2249 tuendam,
467 2194 692 2255 Tyranno
715 2191 946 2256 peregrini
968 2193 1027 2239 ad
1068 2192 1190 2239 cives
1212 2192 1540 2257 opprimendos
1566 2212 1576 2240 :
1614 2195 1727 2240 alter
1747 2195 1875 2242 enim

94 2258 292 2315 civibus,
311 2259 427 2306 alter
444 2259 527 2305 fibi
547 2257 666 2321 gerit
683 2257 950 2320 imperium.
1020 2261 1089 2306 M.
1124 2257 1253 2316 Quid
1286 2274 1363 2305 eos
1387 2257 1468 2321 qui
1490 2274 1572 2321 per
1592 2258 1706 2313 vim,
1733 2261 1781 2308 δί
1805 2259 1873 2306 ci-

94 2337 164 2371 tra
188 2323 351 2389 populi·
373 2323 635 2370 consensum
659 2322 890 2369 summum
919 2321 1163 2384 imperium
1189 2323 1289 2370 sunt
1309 2322 1560 2385 adepti‚ita
1585 2333 1736 2369 tamen
1753 2324 1876 2370 mul·

96 2402 165 2436 tos
189 2405 330 2436 annos
354 2387 620 2435 civitatibus
657 2387 745 2434 suis
767 2386 1067 2451 praefuerunt,
1109 2400 1158 2433 ut
1180 2403 1337 2434 eorum
1363 2386 1764 2435 administrationis
1787 2403 1873 2449 po-

93 2455 259 2517 pulum
296 2469 388 2500 non
433 2452 702 2515 poenituerit
733 2454 752 2498 ?
798 2452 1084 2514 Qantulum
1110 2451 1232 2499 enim
1253 2453 1311 2498 est
1332 2452 1457 2514 quod
1485 2455 1534 2499 in
1559 2451 1765 2499 Hierone
1790 2449 1876 2514 Sy-

94 2519 309 2565 racusano
333 2517 484 2580 potuit
511 2533 523 2566 z
588 2529 669 2564 aut
712 2516 759 2563 in
782 2515 952 2565 Cosmo
994 2515 1186 2563 Medice
1207 2517 1475 2564 Florentino
1498 2517 1641 2579 potest
1669 2517 1724 2564 ad
1765 2514 1886 2579 justi·

95 2582 240 2647 Regis
266 2582 550 2630 functionem
573 2594 739 2643 praeter
759 2580 970 2646 legitima
991 2581 1203 2645 suffragia
1223 2581 1464 2628 desiderari
1494 2584 1513 2628 ἓ
1783 2575 1789 2580 “

102 2679 107 2683 -
160 2648 343 2695 XLVI.
374 2647 432 2693 B.
472 2646 583 2693 Istos
604 2646 796 2709 quidem
819 2645 850 2692 ὁ
869 2646 1197 2709 Tyran-norum
1220 2661 1413 2693 numero
1434 2645 1637 2693 eximere
1658 2661 1749 2693 non
1774 2645 1876 2708 pos-‘

96 2711 265 2759 sumus.
333 2711 554 2759 Praeclare
575 2711 700 2758 enim
724 2711 783 2757 ab
805 2709 1021 2758 historico
1039 2712 1228 2775 egregio
1249 2710 1421 2758 dicium
1446 2711 1525 2764 est,
1552 2713 1608 2756 Vi
1629 2713 1788 2774 quidem
1811 2726 1879 2757 rea

89 2795 189 2839 gere
201 2781 396 2839 patriam
420 2792 495 2823 aut
508 2788 706 2839 parentes
726 2794 963 2839 quanquam
984 2773 1040 2823 Εἴ
1069 2779 1205 2838 poffi's,
1244 2775 1300 2824 ἐξ
1332 2775 1486 2822 ΔεΙὶέῗα
1512 2781 1715 2838 corrigas,
1739 2790 1879 2823 tamen

95 2853 368 2902 mportunum
389 2845 458 2905 est.
529 2838 715 2888 Deinde
735 2840 805 2887 isti
829 2839 943 2886 mihi
966 2837 1157 2902 perinde
1177 2840 1326 2887 facere
1344 2840 1558 2886 videntur
1580 2855 1631 2885 ac
1653 2840 1877 2895 latroneS,

94 2908 173 2968 qui
204 2907 321 2952 male
344 2903 474 2966 parta
494 2907 739 2952 commode
761 2904 1030 2959 dividendo,
1056 2920 1114 2950 ex
1135 2903 1319 2966 injuria,
1350 2904 1555 2965 justitiae‚
1587 2910 1625 2949 &
1651 2920 1676 2949 e
1699 2903 1876 2965 rapina,

95 2970 382 3017 hbe2alitatis
406 2970 589 3016 laudem
613 2980 857 3032 quaerunt3
888 2985 1037 3032 neque
1060 2982 1212 3016 tamen
1232 2970 1357 3031 quod
1382 2979 1546 3032 petunt
1568 2963 1875 3031 affequuntur.
1905 2994 1907 2999 ·

96 3033 219 3080 Nam
250 3034 381 3081 unius
407 3033 621 3081 maleficii
636 3032 746 3080 odio
760 3049 944 3081 omnem
968 3034 1094 3081 illam
1115 3034 1347 3095 ostentatae
1361 3031 1671 3080 beneficentiae
1682 3030 1878 3095 gratiam

96 3098 312 3145 amittunt
338 3116 350 3145 ε
383 3114 531 3161 eoque
556 3098 708 3146 minus
730 3097 878 3145 civilis
902 3098 1045 3144 animi
1067 3096 1246 3145 civibus
1269 3098 1404 3144 fidem
1425 3095 1620 3150 faciunt,
1635 3096 1761 3158 quod
1781 3112 1873 3144 non

94 3177 254 3208 corum
279 3161 650 3219 commodis,‚·sed
675 3163 917 3210 dominatu
937 3162 1016 3209 suo
1039 3161 1090 3208 id
1108 3162 1344 3225 praestant,
1369 3174 1419 3209 ut
1441 3160 1658 3208 videlicet
1678 3159 1877 3207 securius

96 3224 183 3271 suis
212 3222 529 3290 voluptatibus
558 3227 786 3282 fruantur,
811 3233 849 3272 δι
877 3225 1062 3289 posteris
1085 3225 1198 3274 odio
1221 3226 1385 3290 populi
1408 3226 1595 3288 paulum
1619 3224 1765 3271 lenito
1785 3224 1879 3272 im-

95 3288 278 3352 perium
299 3289 541 3338 stabiliant.
591 3291 650 3338 Id
673 3304 827 3338 autem
851 3291 930 3337 ubi
952 3290 1245 3352 perfecerint,
1271 3291 1330 3337 ad
1349 3306 1497 3337 mores
1511 3304 1642 3335 veros
1661 3288 1875 3336 redeunti>

95 3355 283 3400 fruetus
307 3355 430 3399 enim
451 3356 533 3416 qui
559 3356 612 3401 fit
634 3355 923 3417 sequuturus,
951 3355 1196 3402 ersemente
1218 3354 1353 3401 facile
1377 3353 1521 3418 potest
1544 3351 1761 3414 intelligi.
1795 3351 1880 3418 Ad·

95 3417 223 3463 {uum
247 3416 371 3463 enim
394 3417 526 3466 unius
552 3430 715 3468 nutum
742 3414 898 3471 omnia
915 3435 1146 3475 revocare,
1161 3425 1200 3467 δε
1223 3418 1433 3469 omnium
1455 3417 1558 3466 vim
1583 3417 1740 3484 legum
1755 3414 1814 3466 in.
1832 3416 1876 3464 fe

115 3528 209 3614 b(i)
239 3546 286 3584 zd
305 3543 397 3593 edit,
416 3545 514 3595 qui:
544 3546 598 3600 ita
617 3533 733 3588 Gen..¹
797 3595 801 3599 ‚
932 3578 935 3579 ⁷
987 3547 1052 3600 (a)
1073 3548 1141 3587 Al.
1157 3518 1357 3588 Statuerat.

1720 3605 1874 3658 trans-1
1918 3634 1930 3640 „
