2096 3869
186 219 267 276 14
483 197 843 266 Renum
935 180 1630 265 Scorxcan‘vm

175 308 275 343 tum
297 293 444 342 millia
474 295 675 358 passuum
707 293 764 339 ab
802 291 1003 339 aestuario
1034 292 1211 338 Glottae
1244 293 1301 340 ad
1333 296 1640 344 confluentem
1663 297 1858 355 Forthae,
1883 301 1941 352 δι’

174 359 362 408 Avenni
380 359 552 405 vallum
569 358 716 410 duxit,
738 357 862 416 cujus
886 355 1035 427 adbuc
1057 355 1271 427 plurima,
1287 361 1334 407 δε
1355 360 1590 424 perspicua
1612 376 1845 410 remanent
1864 363 1939 411 in-

175 424 313 471 dicia.
378 423 575 469 Accedit
591 423 645 467 ad
666 423 777 475 haec,
800 419 923 481 qued
944 435 991 466 ln
1014 418 1213 482 antiquis
1232 425 1557 479 monumentis,
1575 425 1797 488 nusquam¹
1811 442 1938 474 com·

176 489 379 551 perimus
420 489 490 548 (1)
528 487 745 532 summam
769 484 833 529 rei
855 481 1036 530 Pifflcae
1061 485 1133 545 (2)
1158 500 1248 530 non
1274 485 1578 536 Cameloduni
1598 489 1741 546 fuisse,
1776 490 1851 538 sed
1874 493 1942 538 A-

178 551 477 600 brenethii&
503 550 693 613 regiam,
733 554 782 596 ὅ(
804 546 1009 608 primatis
1034 546 1248 611 Episcopi
1278 547 1445 605 sedem,
1480 569 1583 614 quae
1606 555 1764 617 postea·
1778 556 1835 602 ad
1857 557 1945 602 Fa-

176 633 290 663 num
308 615 506 662 Andreae
528 613 732 659 transsata
753 612 829 656 est.
899 611 1037 674 Qod
1064 612 1095 659 fi
1119 625 1363 676 quaeratur,
1400 614 1512 665 ouid
1535 617 1770 666 Romanos
1790 619 1943 683 impu-

176 679 300 735 lerit,
326 692 376 726 ut
395 678 622 724 coloniam
643 676 754 721 illuc
774 675 1069 734 deducerent,
1093 681 1131 727 ἃ
1163 680 1399 740 quomodo
1421 694 1521 725 eam
1544 679 1592 726 in
1614 697 1724 745 agro
1746 695 1838 730 tam
1862 685 1945 730 ste-

177 744 272 800 rili,
292 748 340 793 &
363 755 460 790 tum
486 746 556 802 (ut
577 757 645 785 res
667 741 815 799 erant)
841 740 1040 796 filvestri,
1065 744 1114 791 δι’.
1148 741 1340 798 inculto,
1364 752 1410 791 ὄι
1432 743 1622 792 hostium
1655 745 1947 795 serociffimo·

177 826 280 856 rum
297 806 543 854 obnoxiam
558 802 836 866 quotidianis
853 804 1031 866 injuriis
1046 805 1255 860 aluei-int,
1272 807 1610 869 respondebunt
1631 808 1796 873 opinor
1819 813 1948 874 (nam

178 889 272 920 non
295 872 431 917 video
453 868 567 932 quid
589 867 714 914 aliud
747 868 1016 932 respondere
1051 869 1232 932 possint)
1258 871 1402 934 copiis
1437 872 1675 921 maritimis
1699 891 1799 921 eam
1822 874 1950 923 fuisse

179 937 480 988 sustentatam,
513 933 701 997 quando
721 931 905 979 adv-'terso
936 935 1160 983 Carronte
1184 948 1279 980 tum
1303 952 1439 983 naves
1457 937 1513 982 ad
1538 937 1660 984 urbis
1684 938 1819 1002 usque
1843 955 1950 1002 por-

179 1013 248 1045 tas
269 998 500 1062 appellere
516 998 723 1044 solerent.
792 998 844 1044 Id
865 997 1086 1061 siquidem
1109 1014 1267 1045 verum
1292 998 1396 1054 fuit,
1422 1001 1589 1048 neceffe
1611 1004 1714 1048 effet
1737 1019 1869 1065 agros
1891 1004 1951 1050 ad

177 1077 403 1135 utranque
421 1061 568 1126 ripam
594 1062 772 1109 Forthae
785 1061 986 1122 jacentes
1010 1076 1109 1109 tum
1130 1063 1512 1112 inundationibus
1536 1065 1714 1113 Oceani
1734 1068 1947 1123 obrutos,

179 1144 234 1175 ac
254 1127 444 1190 perinde
477 1126 642 1173 steriles
676 1126 821 1182 fuisse,
843 1143 958 1190 quos
983 1140 1133 1174 tamen
1153 1127 1199 1174 in
1223 1126 1306 1174 illo
1327 1129 1469 1175 traEiu
1492 1128 1606 1175 solos
1631 1128 1953 1178 frumentarios

179 1193 266 1242 effe
283 1191 541 1254 oportebat.
568 1192 655 1238 llla
676 1207 819 1253 prope
837 1192 1066 1239 difficilior
1087 1191 1283 1238 occurrit
1300 1194 1504 1256 quaestio,
1528 1194 1654 1255 quod
1677 1209 1781 1241 cum
1805 1193 1952 1242 utrin-

180 1273 272 1320 que
291 1255 414 1303 circa
430 1256 644 1302 Fortham
664 1256 765 1302 loca
781 1273 909 1319 aqua:
929 1257 1115 1305 marinae
1133 1256 1411 1312 obtinerent,
1426 1274 1505 1304 cur
1527 1257 1623 1305 illic
1641 1259 1840 1305 Romani
1859 1275 1952 1307 non

180 1322 335 1383 potius
367 1322 541 1367 vallum
580 1319 779 1374 finirent,
812 1337 949 1382 quam
981 1320 1255 1386 supervacuo
1287 1322 1443 1369 labore
1474 1322 1660 1370 ulterius
1691 1339 1773 1387 per
1807 1323 1953 1371 multa

180 1384 328 1432 millia
350 1386 549 1447 passuum
571 1385 873 1448 producerent
897 1389 916 1432 ?

248 1451 430 1496 XXIII.
461 1449 600 1496 Ultra
616 1448 933 1497 Sterlinensern
954 1466 1113 1514 agrum
1137 1452 1202 1511 est,
1217 1451 1424 1508 Levinia,
1458 1451 1484 1498 a
1506 1453 1769 1501 Renfroana
1789 1452 1953 1516 praese-

183 1517 311 1561 &ura
332 1514 514 1568 Glotta,
540 1513 567 1560 a
582 1516 653 1577 (3)
667 1513 926 1561 Glascuenfi
948 1516 1149 1563 Kelvino
1166 1533 1298 1563 amne
1324 1519 1393 1581 (4)
1415 1516 1572 1572 divisa,
1593 1518 1651 1565 ab
1672 1533 1782 1581 agro
1795 1517 1956 1566 Sterli-

182 1579 307 1626 nenfi
321 1576 573 1634 montibus,
594 1578 621 1624 a
633 1577 829 1625 Taicltia
845 1581 875 1625 F
879 1581 1011 1626 ortha
1026 1579 1280 1627 dirimitur:
1299 1582 1481 1629 tandem
1501 1582 1546 1628 in
1565 1595 1765 1630 montem
1782 1583 1953 1630 Gram-

182 1643 312 1705 pium
334 1642 515 1697 definit,
537 1643 595 1689 ad
611 1643 930 1703 cujus‘radices
949 1661 1030 1707 pcr
1051 1646 1215 1691 vallem
1239 1661 1392 1692 cavam
1416 1645 1653 1693 Lominius
1671 1649 1795 1694 lacus
1815 1646 1855 1694 se
1874 1663 1955 1693 ex-

184 1706 345 1770 plicat,
370 1705 540 1769 viginti
559 1721 757 1769 quatuor
789 1707 935 1755 millia
958 1709 1160 1771 passuum
1184 1710 1367 1773 longus,
1392 1712 1495 1757 οὲὶο
1518 1713 1651 1758 latus.
1720 1712 1866 1773 Supra
1883 1710 1953 1757 vi-

182 1771 307 1835 gssnti
344 1783 541 1834 quatuor
570 1771 733 1819 insulas
771 1772 1105 1834 compleftitur.
1175 1774 1342 1822 Praeter
1378 1773 1721 1823 multitudinem
1759 1775 1955 1824 aliorum

184 1834 374 1898 piscium
400 1835 538 1882 habet
558 1841 598 1882 δι
619 1835 680 1882 sui
736 1835 881 1884 eneris
904 1837 977 1884 esu
1001 1853 1092 1885 non
1115 1836 1318 1886 insuaves
1346 1858 1356 1886 ε
1381 1839 1584 1886 Pollacas
1607 1851 1787 1887 vocant.
1824 1840 1955 1888 Tan-

186 1902 290 1947 dem
313 1916 557 1963 erumpens
581 1853 819 1946 meridiem
842 1901 989 1947 versus
1013 1902 1238 1949 Levinum
1259 1919 1459 1958 amnem,
1481 1904 1564 1966 qui
1585 1903 1764 1967 regioni
1786 1920 1957 1955 nomen

185 1964 334 2019 dedit,
356 1964 553 2011 effundit
579 1984 590 2011 :
635 1963 713 2028 qui
738 1981 879 2028 prope
913 1966 1308 2014 Britannodunum
1331 1984 1497 2021 arcem,
1524 1973 1564 2015 &
1587 1970 1748 2015 eodem
1771 1968 1958 2015 nomine

186 2027 413 2094 oppidum
433 2028 481 2076 in
502 2029 711 2076 Glottam
728 2028 1001 2092 ingreditur.
1053 2030 1254 2078 Leviniae
1276 2048 1451 2095 partem
1469 2046 1720 2080 extremam
1741 2032 1957 2098 Grampii

187 2093 359 2140 montis
383 2093 532 2139 ultimi
572 2095 713 2141 colles
734 2095 968 2151 attollunt,
995 2095 1090 2142 finu
1128 2094 1263 2143 maris
1298 2097 1486 2158 exiguo,
1509 2114 1646 2161 quem
1670 2097 1958 2147 Gerlochum

186 2174 216 2205 a
236 2157 457 2205 brevitate
480 2160 727 2221 appellant,
753 2158 962 2206 intercisi.
1030 2159 1170 2207 Ultra
1190 2161 1311 2207 hunc
1337 2160 1397 2207 est
1435 2161 1553 2208 finus
1577 2162 1722 2208 multo
1743 2160 1957 2226 amplior,

186 2238 327 2286 quem
350 2223 561 2286 Longum
585 2235 765 2276 vocant,
790 2239 816 2268 a
834 2224 998 2287 Longo
1015 2223 1094 2288 qui
1116 2224 1162 2271 in
1187 2241 1291 2271 eum
1314 2225 1437 2272 cadit
1459 2225 1614 2272 fluvio.
1685 2226 1727 2272 Is
1749 2226 1879 2273 limes
1898 2226 1960 2272 est

187 2285 309 2335 inter
342 2287 599 2341 Leviniam,
635 2292 685 2337 ὅτ
721 2288 978 2335 Covaliam.
1047 2288 1147 2351 Ipsa
1191 2290 1399 2345 Covalia,
1427 2290 1712 2354 Argathelia,
1757 2290 1832 2338 seu
1873 2305 1957 2352 po-
2016 2349 2018 2357 Α

189 2350 280 2398 tius
316 2351 576 2415 Ergahelia,
619 2357 665 2400 ὅ(
701 2352 956 2415 Cnapdalia
1002 2353 1182 2400 multis¹
1209 2353 1376 2402 finibus
1421 2354 1617 2418 angustis
1654 2371 1712 2402 ex
1756 2354 1959 2403 aestuario

191 2416 369 2465 Glottae
391 2415 568 2469 infufis,
608 2416 654 2463 in
681 2417 846 2463 multas
869 2430 1017 2480 partes
1038 2416 1337 2466 dirimuntur.
1405 2419 1538 2466 Unus
1562 2419 1681 2466 inter
1703 2432 1866 2466 caetera
1887 2417 1956 2465 in-

190 2479 330 2541 signis
362 2482 487 2526 lacus
524 2480 652 2528 Finis
685 2494 893 2537 vocatur,
918 2498 944 2528 a
976 2481 1091 2530 Fino
1127 2483 1287 2536 fluvio,
1324 2499 1464 2544 quem
1504 2483 1686 2546 recipit.
1757 2483 1800 2531 Is
1841 2483 1962 2530 ultra

190 2545 425 2608 sexaginta
470 2545 616 2592 millia
657 2547 862 2609 passuum
899 2547 950 2595 in
993 2547 1336 2619 longitudinem
1375 2547 1644 2611 porrigitur.
1714 2548 1788 2595 Est
1831 2553 1871 2595 δε
1911 2546 1961 2595 in

192 2608 453 2672 Cnapdalia
475 2610 598 2657 lacus
621 2612 767 2664 Avus,
807 2610 854 2657 in
876 2627 972 2673 quo
994 2612 1055 2657 est
1083 2610 1228 2658 insula
1248 2612 1438 2675 exigua,
1464 2617 1606 2667 &arx
1629 2612 1823 2661 munita.
1888 2613 1962 2659 Ex

191 2691 248 2720 eo
266 2674 435 2721 fluvius
457 2676 587 2721 Avus
608 2675 863 2722 effunditur
882 2692 894 2721 ι
918 2675 1001 2740 qui
1026 2692 1141 2722 unus
1159 2675 1206 2721 in
1231 2676 1324 2722 illis
1342 2693 1390 2723 re
1429 2675 1612 2723 'onibus
1631 2678 1678 2724 in
1695 2693 1820 2724 mare
1833 2676 1960 2724 Deu-

192 2737 486 2785 caledonium
508 2744 617 2786 exit.
707 2741 846 2787 Ultra
867 2739 1175 2803 Cnapdaliam
1201 2741 1258 2787 ad
1281 2694 1574 2788 occidi-ntem
1605 2742 1853 2788 hibernum
1882 2757 1963 2788 ex-

192 2803 338 2850 currit
373 2803 606 2856 Cantiera‚
645 2803 734 2850 hoc
768 2804 829 2850 est
868 2803 1069 2868 regionis
1092 2819 1247 2866 caput,
1273 2804 1514 2853 Hiberniae
1536 2821 1797 2859 occurrens,
1823 2822 1849 2852 a
1869 2821 1965 2869 qua

192 2867 382 2914 modico
399 2866 790 2924 fretonidmitur,
807 2869 903 2931 ipsa
922 2870 1108 2933 longior
1125 2885 1263 2930 quam
1282 2869 1435 2924 latior,
1460 2870 1574 2917 adeo
1596 2870 1729 2918 ardis
1752 2869 1964 2917 faucibus

194 2931 468 2995 Cnapdaliae
489 2932 804 2995 conjungitur,
839 2945 888 2979 ut
921 2932 1001 2978 vix
1028 2933 1156 2979 mille
1180 2933 1324 2994 passus
1347 2935 1578 2996 expleant.
1602 2934 1744 2998 idque
1768 2934 1964 2998 spatium

194 2996 311 3043 ninil
334 2994 462 3043 aliud
484 3014 623 3060 quam
645 3014 780 3044 arena
802 2997 872 3054 fit,
896 2998 1012 3044 adeo
1032 2996 1242 3051 humilis,
1267 3010 1317 3044 ut
1339 3015 1421 3062 per
1442 3014 1543 3045 eam
1562 2999 1787 3048 naviculis
1809 3000 1966 3046 tradu-

195 3060 280 3107 &is
302 3076 453 3106 nautae
475 3062 746 3125 plaerunque
767 3061 1018 3124 navigandi
1039 3062 1369 3126 compend'um
1391 3076 1615 3126 quaerant.
1665 3064 1803 3111 Hanc
1825 3063 1965 3114 attin.-

195 3124 268 3187 git
288 3125 441 3170 Lorna
462 3126 745 3188 Argatheliae
771 3125 1000 3187 adjacens,
1021 3129 1061 3173 &
1085 3126 1302 3189 usquead
1325 3128 1519 3175 Abriam
1541 3126 1774 3191 pertinens
1801 3147 1812 3175 :
1836 3127 1967 3193 regio

195 3189 349 3251 plana,
367 3205 451 3234 nec
467 3188 750 3237 infoecunda.

261 3252 440 3299 XXIV.
478 3254 587 3316 Qa
605 3253 859 3316 Grampius
880 3269 1013 3302 mons
1034 3251 1258 3301 humilior
1269 3254 1352 3311 est,
1378 3259 1419 3302 δε
1458 3255 1603 3322 magis
1625 3255 1808 3320 pervius
1830 3255 1968 3304 Braid

198 3316 346 3364 Albin
368 3316 501 3380 regio
523 3331 728 3374 vocatur,
751 3320 841 3365 hoc
861 3321 922 3365 est
943 3320 1069 3382 quafi
1088 3319 1344 3367 altiffimam
1363 3321 1530 3386 Scotiae
1546 3333 1725 3386 partem
1747 3320 1891 3375 dicas,
1915 3335 1968 3367 ae

252 3433 315 3485 (1)
333 3434 422 3471 The
440 3444 546 3473 court
561 3449 604 3473 or
619 3436 727 3475 chief
738 3439 841 3487 place
859 3437 1045 3487 osjustice
1125 3427 1129 3432 ¹
1165 3437 1226 3488 (3)
1241 3437 1326 3476 The
1344 3439 1552 3488 regalityor
1568 3433 1705 3488 barony
1718 3437 1764 3477 of
1775 3438 1964 3489 Glasgow,

114 3526 121 3529 ,
196 3490 268 3525 and
283 3499 543 3536 gtvernment,
561 3502 602 3526 or
618 3489 683 3526 the
696 3490 915 3529 head-town
926 3491 1046 3528 ofthe
1116 3491 1291 3529 ofwbich
1309 3493 1370 3528 tbe
1390 3493 1671 3538 D.of1.ennox‚
1684 3493 1753 3529 and
1772 3493 1866 3544 after
1882 3492 1965 3529 him

196 3543 396 3588 kingdom.
1117 3544 1168 3582 D.
1187 3546 1385 3583 Hamilton
1404 3558 1500 3583 were
1514 3545 1672 3583 baillies.

197 3592 610 3685 degzgedlcnismus.
666 3596 712 3634 In
729 3594 812 3633 aliis
829 3596 933 3635 codd.
954 3596 1050 3635 Arb.
1118 3597 1234 3689 εκῃ(ἐ)
1262 3598 1351 3637 MS.
1371 3600 1408 3636 ae
1424 3598 1490 3637 alii
1508 3599 1614 3637 codd.
1631 3596 1765 3637 divisus
1781 3610 1796 3647 3
1816 3597 1868 3636 ita
1887 3597 1968 3637 Ge-

1889 3699 1975 3748 ubi
