2068 3868
380 81 762 148 ..Lmen
857 78 1512 148 UNDEclmus.
1710 101 1838 169 309

75 182 367 233 inimicorum
401 179 591 243 potuisse
627 177 864 234 saevitiam,
897 178 1037 240 quam
1070 180 1299 242 superiora
1331 179 1479 224 ostica
1513 176 1598 221 suae
1632 175 1839 233 familiae,

76 248 216 312 quam
240 263 266 293 a
286 247 416 309 Rege
438 245 726 306 impetratam
745 242 943 297 veniam,
965 243 1106 306 quam
1125 243 1376 290 nobilitatis
1399 257 1570 305 preces.
1616 242 1776 302 Itaque
1798 238 1843 289 se

40 368 41 371 Ἰ
73 328 250 367 omneS,
275 310 356 372 qui
379 309 591 361 adeffent,
617 322 794 367 rogare,
821 319 871 352 ut
894 308 1132 368 praeclaros
1154 306 1354 371 imperii,
1386 305 1752 369 magistratusque
1782 306 1842 352 ti-

75 379 195 423 tulos
216 375 329 421 nihil
352 373 477 420 aliud
496 372 581 418 effe
599 368 870 424 existiment,
887 371 1027 432 quam
1045 372 1263 419 saeviturae
1281 371 1475 434 asperius
1495 369 1688 416 fortuna:
1708 368 1840 415 blan-

76 442 297 493 dimenta,
323 445 362 484 &
395 437 607 482 funerum
632 435 812 487 decora,
838 434 989 496 potius
1020 436 1158 497 quam
1181 436 1288 482 vitae
1323 435 1562 497 praesidia:
1598 433 1844 496 praesertim

77 522 185 551 curn
209 503 381 564 semper
404 502 507 563 plus
565 498 692 544 offint
713 498 915 559 improbi
953 500 1009 545 ad
1033 501 1258 546 bonorum
1280 499 1541 562 pernitiem,
1564 497 1703 559 quam
1731 513 1844 543 con·

77 571 215 616 sensio
238 567 463 612 bonorum
486 518 752 610 acijsalutem
772 562 1005 609 tuendam.
1074 565 1191 611 Haec
1211 581 1314 611 cum
1334 564 1528 619 dixisset,
1552 579 1656 609 cum
1678 561 1845 625 ingen-

74 633 107 680 ti
130 631 336 680 omnium
362 645 554 675 moerore
572 626 770 674 cervices
792 627 993 673 carnifici
1011 628 1218 689 subjecit.

138 696 290 743 XXV.
344 696 469 741 Inter
504 694 585 738 hos
629 703 779 738 motus
820 689 969 738 mili'us
1012 694 1072 738 est
1112 692 1162 738 in
1197 693 1403 739 Galliam
1446 690 1758 746 Crichtonius,
1793 703 1845 740 ut

71 774 238 824 praeter
269 759 448 819 antiqui
489 757 672 804 foederis
718 756 1079 810 renovationem,
1120 756 1258 803 etiam
1302 758 1470 804 Iacobo
1507 757 1629 819 Regi
1672 769 1845 817 peteret

74 826 214 889 Regii
250 823 428 888 generis
470 838 674 868 uxorem.
738 820 843 866 Nec
868 821 1128 885 Duglasssus
1158 823 1340 868 moleste
1372 822 1546 870 ferebat
1579 819 1844 876 absentiam,

75 893 154 937 etsi
185 888 481 936 honorificam
505 885 705 932 hominis
736 885 872 945 juxta
909 885 1163 948 prudentis,
1200 902 1251 932 ac
1282 887 1464 941 strenui,
1502 892 1542 932 δε
1563 902 1619 932 ex
1641 885 1847 949 reliquiis

71 969 278 1002 veterum
314 951 640 998 discordiarum
663 950 746 996 fibi
765 966 855 995 non
881 950 980 996 satis
1005 950 1140 1012 aequi.
1209 953 1264 996 ln
1297 964 1388 997 tam
1412 951 1676 1013 perturbato
1709 948 1844 1013 regni

77 1021 190 1066 statu
217 1018 357 1071 idem,
382 1017 464 1079 qui
493 1015 540 1061 in
562 1027 749 1062 caeteros
770 1015 983 1075 vulgatus
1008 1030 1102 1060 erat
1124 1016 1327 1068 morbuS,
1352 1015 1699 1060 ecclesiasticum
1722 1014 1849 1060 ordi-

73 1101 178 1130 nem
200 1084 277 1128 suo
298 1080 515 1144 contagio
538 1078 704 1126 affecit.
775 1079 967 1124 Ioannes
988 1080 1270 1125 Cameronus
1295 1078 1504 1124 Glascuae
1529 1078 1777 1142 Episcopus
1798 1077 1849 1125 in

73 1148 162 1195 suae
185 1146 373 1194 ditionis
395 1149 517 1207 (quae
546 1145 591 1191 in
613 1142 771 1206 primis
794 1144 947 1204 ampla
968 1144 1048 1202 est)
1070 1142 1294 1206 agricolas
1319 1143 1464 1189 multa
1485 1142 1785 1200 crudelitatis,
1806 1147 1852 1190 δε

77 1211 277 1259 avaritiae
294 1211 507 1271 exempla
526 1208 620 1271 ipse
637 1207 870 1254 ediderat:
897 1208 1044 1253 multa
1068 1223 1147 1269 per
1170 1222 1262 1260 εοε,
1279 1222 1475 1268 quorum
1499 1206 1547 1253 in
1570 1224 1706 1253 manu
1727 1206 1850 1253 sum-

50 1294 151 1325 >ma
173 1292 322 1323 rerum
352 1287 464 1327 erat,
490 1272 727 1337 prodenda
747 1285 982 1318 curaverat
1009 1290 1019 1318 :
1058 1285 1108 1317 ut
1138 1270 1337 1317 dominis
1370 1270 1532 1333 iniquo
1553 1271 1731 1331 judicio
1760 1270 1850 1317 cir-

74 1340 350 1395 cumventis,
377 1340 498 1385 bona
521 1338 579 1384 ad
601 1354 705 1384 eum
728 1336 929 1383 redirent
952 1353 962 1382 :
997 1334 1316 1398 omniumque,
1339 1351 1442 1398 quae
1473 1335 1754 1398 populariter
1771 1334 1851 1381 fie-

76 1407 188 1454 bant
219 1406 441 1452 malorum
471 1415 548 1449 aut
570 1404 741 1455 arfflcor,
772 1413 849 1447 aut
874 1399 1024 1447 fautor
1054 1401 1338 1447 credebatur.
1408 1399 1515 1462 Ejus
1546 1399 1633 1445 viri
1655 1399 1853 1463 dignum

75 1471 169 1518 vita
193 1469 363 1517 nefarie
382 1471 480 1514 a&a
502 1467 629 1513 fuisse
652 1465 836 1512 tradunt
853 1464 1063 1512 exitium.
1102 1464 1254 1511 Pridie
1274 1465 1470 1511 natalem
1488 1464 1655 1511 Christi
1679 1480 1782 1521 cum
1802 1463 1853 1511 in

76 1535 188 1583 villa
205 1535 402 1597 quadam
426 1532 501 1578 sua
525 1534 580 1578 ad
604 1530 774 1593 septem
800 1529 947 1576 millia
967 1529 1169 1592 passuum
1193 1529 1220 1575 ὲ
1250 1527 1450 1575 Glascua
1484 1528 1672 1575 distante
1702 1527 1853 1591 quies-

79 1616 219 1654 ceret,
244 1615 402 1645 vocem
427 1597 664 1660 ingentem
687 1593 844 1640 audire
866 1593 1002 1649 visus,
1027 1593 1069 1639 se
1092 1596 1149 1641 ad
1171 1594 1372 1640 tribunal
1395 1593 1580 1649 Christi,
1603 1605 1652 1639 ut
1672 1592 1854 1641 causam

75 1665 264 1717 diceret,
277 1661 499 1709 vocantis·
517 1661 586 1706 Ex
608 1677 661 1705 ea
678 1659 918 1721 repentina
940 1658 1280 1721 perturbatione
1302 1657 1460 1704 somno
1480 1659 1681 1704 excuffus
1702 1656 1851 1705 famu-

76 1730 147 1777 los
169 1727 354 1782 excitat,
368 1726 590 1786 illatoque
610 1722 786 1769 lumine
807 1722 988 1770 assidere
1004 1722 1152 1784 jubet.
1205 1722 1304 1785 Ipse
1330 1721 1575 1783 (1)librum
1599 1721 1644 1768 in
1665 1737 1852 1770 manum

80 1793 277 1856 sumpto,
297 1807 403 1841 cum
426 1791 578 1852 legere
595 1786 871 1849 occoepiffet,
895 1787 1056 1834 eadem
1079 1787 1244 1834 iterum
1268 1787 1425 1834 audita
1448 1803 1537 1833 vox
1556 1786 1764 1833 omnium
1801 1803 1852 1833 a·

79 1857 229 1903 nimos
251 1858 428 1918 stupore
446 1852 618 1900 defixit.
688 1852 872 1898 Deinde
894 1868 1000 1898 curn
1023 1852 1163 1915 longe
1186 1851 1519 1905 vehementius,
1543 1863 1680 1914 atque
1701 1850 1851 1897 horri-

32 1940 35 1941 ’
77 1921 219 1967 bilius
241 1920 514 1971 insonuisset,
536 1915 788 1979 Episcopus
811 1916 990 1980 ingenti
1008 1917 1184 1979 gemitu
1204 1916 1346 1970 edim,
1368 1916 1526 1977 lingua
1548 1929 1849 1969 exerta,mor-

85 2001 187 2032 tuus
207 1986 253 2032 in
277 1984 445 2030 lestulo
467 1983 526 2027 est
547 1982 776 2027 inventus·
827 1982 935 2027 Hoc
956 1993 1049 2027 tam
1068 1979 1355 2043 perspicuum
1379 1979 1546 2027 divinae
1570 1979 1755 2026 ultionis
1773 1995 1856 2026 ex-

80 2051 304 2113 emplum,
327 2061 376 2094 ut
399 2063 545 2109 neque
569 2059 737 2092 temere
755 2045 993 2099 affirmare,
1021 2061 1102 2092 nec
1124 2045 1331 2092 refellere
1349 2046 1410 2091 est
1431 2044 1609 2091 animus
1631 2063 1642 2090 ε
1662 2044 1727 2090 ita
1747 2060 1856 2091 cum

79 2116 138 2161 ab
159 2115 259 2162 aliis
279 2115 330 2160 fit
349 2112 600 2176 proditum,
621 2116 661 2156 Sc
679 2110 900 2156 constanti
921 2126 1099 2157 rumore
1117 2110 1458 2173 pervulgatum,
1478 2109 1689 2156 omittere
1711 2108 1858 2157 visum

84 2197 175 2226 non
206 2181 282 2226 est.
351 2177 527 2224 Eodem
550 2189 756 2237 tempore
779 2176 972 2227 Iacobus
1005 2176 1258 2222 Kennedus
1280 2177 1391 2229 vita,
1417 2181 1458 2221 δι
1491 2173 1691 2220 moribus
1714 2173 1858 2236 longe

29 2273 31 2276 v
82 2245 284 2299 diversis,
313 2255 360 2289 ut
382 2241 464 2304 qui
485 2240 641 2286 omnia
663 2238 740 2287 sua
761 2238 948 2302 consilia
968 2241 1026 2287 ad
1049 2241 1238 2287 salutern
1261 2240 1495 2300 publicam
1515 2238 1722 2290 referret,
1748 2239 1857 2284 cum

81 2326 232 2372 neque
250 2306 534 2360 auctoritate,
562 2318 640 2351 aut
656 2304 843 2350 consilio
862 2305 991 2350 novis
1010 2304 1219 2368 quotidie
1242 2304 1373 2351 malis
1394 2302 1714 2366 ingruentibus
1732 2301 1857 2349 refis-

83 2388 183 2422 tere
200 2375 358 2436 poffe-t,
384 2369 643 2433 Regiasque
665 2369 783 2415 vires
805 2369 1016 2415 adversus
1038 2370 1354 2432 improborum
1379 2367 1760 2430 conspirationem
1781 2365 1855 2412 vi·

81 2442 211 2495 deret
231 2439 449 2490 infirmas,
475 2433 670 2480 fortunis
693 2433 908 2479 omnibus
926 2434 974 2479 in
999 2436 1201 2497 praedam
1224 2431 1389 2480 relictis
1407 2432 1502 2495 ipse
1522 2431 1856 2478 suam‘salutem

79 2504 297 2551 tuebatur
316 2520 328 2549 :
353 2515 437 2547 nec
457 2500 502 2544 in
521 2499 591 2544 his
616 2498 746 2543 malis
765 2498 1022 2544 domesticis
1043 2515 1111 2545 res
1131 2497 1240 2544 foris
1260 2496 1509 2559 quietiores
1532 2509 1675 2544 erant.

147 2569 324 2619 XXVI.
357 2563 521 2612 Finitis
540 2579 647 2608 cum
663 2563 818 2625 Anglo
840 2560 1039 2609 induciis
1055 2561 1179 2610 Scoti
1191 2561 1240 2608 in
1256 2563 1496 2624 Angliam,
1512 2562 1657 2625 Angli
1676 2559 1726 2607 in
1747 2559 1859 2607 Sco·

80 2631 194 2681 tiam
216 2632 490 2681 incursiones
510 2628 675 2682 fecere,
695 2643 969 2692 quacunque
990 2626 1136 2682 ibant,
1157 2626 1314 2673 omnia
1332 2627 1450 2673 ferro
1469 2628 1745 2687 flammaque
1761 2622 1859 2671 vas-

86 2710 252 2744 tantes.
282 2707 284 2709 ’
318 2697 374 2742 In
393 2692 566 2756 Anglia
587 2691 850 2738 Annevicus
873 2693 932 2737 ab
954 2693 1124 2739 Iacobo
1149 2691 1347 2738 Comitis
1367 2691 1614 2756 Duglaffiae
1637 2689 1791 2742 fratre,
1811 2687 1861 2734 in

83 2762 239 2809 Scotia
262 2758 585 2807 Drumfriiium
604 2755 632 2802 a
651 2757 837 2803 Comite
860 2756 1135 2810 Sarilburiae‚
1160 2757 1452 2803 Dumbarum
1476 2755 1505 2802 a
1526 2754 1711 2802 Comite
1734 2753 1862 2799 Nor-

82 2825 331 2873 thumbriae
353 2824 602 2886 direptum,
627 2827 667 2868 &
692 2820 924 2868 incensum
947 2824 1024 2868 est.
1073 2822 1263 2885 Magnae
1288 2821 1502 2884 utrinque
1523 2819 1689 2883 praedae
1710 2815 1863 2863 homi-

78 2904 211 2946 num,
235 2904 371 2951 atque
396 2888 628 2951 pecudum
653 2885 822 2932 abaCtae
844 2884 961 2932 sunt.
1007 2887 1133 2933 Inter
1154 2887 1292 2932 duces
1313 2898 1612 2936 conventum,
1637 2893 1686 2929 ut
1708 2879 1861 2943 capti-

84 2971 246 3001 vorum
270 2955 396 3000 fieret
416 2949 714 3015 permutatio,
776 2951 919 2998 Erant
939 2950 1064 2998 enim
1087 2950 1182 2998 fere
1209 2965 1418 3004 numero,
1444 2954 1493 2997 &
1515 2963 1681 3011 genere
1711 2960 1862 3008 pares.

87 3019 180 3066 His
214 3017 545 3080 incursionibus
568 3032 673 3061 cum
706 3015 803 3079 agri
826 3031 944 3077 pene
975 3016 1033 3062 ad
1055 3014 1347 3061 solitudinem
1379 3013 1712 3076 redigerentur,
1745 3007 1864 3056 nihil

85 3094 238 3128 autem
256 3083 314 3127 ad
334 3081 554 3127 summam
573 3078 684 3125 belli
707 3079 1176 3141 proficeretur,rursus
1193 3079 1243 3125 in
1265 3077 1436 3140 septem
1460 3092 1603 3122 annos
1628 3071 1747 3136 pasti
1763 3072 1868 3121 sunt

1 3157 5 3160 ”
80 3145 304 3193 inducias·
339 3146 393 3190 In
415 3145 504 3189 hoc
524 3144 636 3190 stat-u
654 3159 803 3189 rerum
821 3144 1015 3190 Iacobus
1034 3141 1317 3189 Dumbarius
1334 3139 1556 3189 Moraviae
1574 3139 1744 3186 Comes
1761 3153 1866 3185 mo-

28 3250 34 3270 :
80 3210 212 3257 ritur.
277 3211 322 3256 Is
346 3224 451 3254 cum
474 3208 584 3253 duas
607 3206 724 3262 filias
747 3207 998 3269 reliquisset
1017 3207 1237 3260 haeredes,
1263 3205 1409 3265 major
1426 3216 1536 3256 natu
1559 3202 1591 3252 a,
1608 3215 1736 3266 pa-tre
1757 3212 1867 3249 ante

74 3288 278 3326 mor-tem
313 3273 484 3319 Iacobo
520 3270 794 3316 Crichtonio
817 3271 1041 3318 collocata
1062 3269 1224 3316 fuerat.
1295 3269 1461 3315 Minor
1480 3280 1607 3330 patre
1641 3266 1862 3313 defun&o

26 3358 30 3368 ·>
81 3338 336 3386 Arcibaldo
360 3331 558 3383 Comitis
582 3333 828 3395 Duglafliae
852 3333 982 3380 fratri
1014 3334 1181 3395 nupfit.
1212 3333 1257 3379 Is
1281 3344 1440 3380 contra
1467 3333 1610 3397 leges,
1637 3330 1865 3377 instituta-

79 3420 172 3465 que
201 3404 426 3462 majorum
450 3402 619 3447 Comes
644 3396 867 3442 Moraviae
890 3409 1196 3459 nuncupatur.
1243 3396 1399 3442 Tanta
1421 3409 1518 3443 turn
1552 3409 1649 3443 erat
1678 3395 1729 3441 in
1761 3396 1866 3441 aula

15 3449 32 3526 ,Γ
85 3466 308 3530 Duglassii
331 3465 556 3535 potentia.
623 3461 728 3512 Nec
749 3460 840 3509 hoc
859 3460 1146 3514 incremento
1170 3471 1432 3526 contentu-5,
1452 3463 1554 3529 quo
1570 3459 1707 3539 latius
1730 3457 1869 3510 fami-

140 3573 205 3628 (ε)
232 3573 301 3616 Al.
322 3575 436 3618 libro.
1797 3585 1871 3635 liae
