2055 3828
130 119 264 188 280
435 120 795 187 RERUM
888 117 1573 186 ΞεοτῐοΑπυΜ

128 226 329 272 ruerunt,
343 217 481 282 quam
500 220 673 279 Regem
696 231 799 261 eum
819 229 907 259 non
929 214 1104 278 alioqui·
1122 214 1405 269 auditurum,
1420 213 1498 261 nifi
1523 216 1629 264 fidei
1647 218 1735 265 suae
1753 232 1880 266 com-

128 280 307 329 miffum
325 300 336 330 :
357 298 459 330 cum
479 275 656 328 absente
671 277 784 325 nihil
799 276 1138 325 transacturum.
1165 278 1424 326 Alexander
1438 277 1649 326 omnibus
1668 282 1877 342 periculis

133 344 480 408 circumspectis,
504 359 608 390 cum
630 341 743 389 nihil
767 341 975 389 adversus
1008 342 1122 389 iram
1145 342 1286 405 Regis
1310 356 1455 390 tutum
1486 343 1567 388 fibi
1591 344 1880 405 prospiceret,

132 420 354 472 ternpore,
375 416 413 456 &
433 410 535 455 loco
553 406 608 453 ad
626 405 673 452 id
694 407 837 452 eleeto
855 405 897 452 se
915 407 956 452 ei
974 405 1235 469 permittere
1252 407 1416 454 statuit.
1485 408 1555 454 Ita
1571 407 1691 453 enim
1711 407 1883 470 suppli·

121 484 242 520 cem
254 471 455 519 violandi
485 471 800 517 verecundiam
823 469 865 516 se
884 470 1237 531 ei·inje6turum.
1307 471 1465 534 Itaque
1495 471 1700 518 occultus
1721 471 1901 535 Edims

131 534 346 600 burgum,
370 533 448 581 ubi
469 546 566 582 tum
590 535 689 581 Rex
710 534 890 597 agebat,
913 535 1038 581 venit
1062 553 1072 580 z
1107 548 1159 579 ac
1180 533 1302 581 lineo
1325 547 1499 581 tantum
1522 533 1721 581 amiculo
1743 537 1887 583 tectus

132 600 296 664 magi5‚
320 597 458 660 quam
489 597 670 645 vestitus
702 615 757 644 eo
787 598 878 652 die,
901 601 993 661 quo
1026 597 1246 645 memoria
1273 596 1603 646 resurrec‘tionis
1626 599 1886 647 Dominicae

134 680 298 726 magna
317 662 918 713 ceremonia-celebrabatur.
941 663 996 708 ad
1019 679 1166 727 genua
1190 662 1329 726 Regis
1352 662 1599 726 supplicem
1619 663 1661 710 se
1680 663 1844 725 dejecit
1868 682 1882 711 t

133 742 188 772 ac
208 726 410 773 oratione
432 726 488 773 ad
507 725 857 773 misericordiam
877 728 1144 789 composita,
1158 726 1215 779 se,
1236 726 1516 790 salutemque
1535 726 1656 774 suam
1676 725 1716 773 ei
1739 727 1887 775 credi-

120 791 217 836 dit.
286 790 438 836 Movit
472 789 806 838 circumstantes
838 790 1037 845 habitus,
1059 790 1291 852 locusque,
1318 796 1354 837 δι
1388 803 1584 854 tempus,
1610 807 1661 837 ac
1688 803 1811 838 tanta
1836 794 1889 841 &t

136 864 225 899 tam
249 852 394 901 subita
415 854 609 901 sortunae
633 853 837 901 mutatio.
891 854 1087 916 Regina,
1102 853 1397 918 proceresque
1417 855 1495 919 qui
1515 856 1720 909 aderant,
1734 871 1817 918 pro
1834 870 1892 902 eo
1927 890 1930 892 -

135 919 310 980 Regem
343 917 575 981 deprecati
607 920 819 966 haftenus
855 933 1108 974 moverunt,
1134 933 1183 964 ut
1208 918 1478 979 juberentur
1505 917 1726 966 sacrorum
1754 920 1892 967 finem

133 984 383 1045 expeEtare.
419 984 597 1030 Interea
614 984 714 1030 Rex
735 984 889 1029 omnia
912 982 1057 1030 se'cum
1082 983 1383 1045 perpendens,
1407 1000 1511 1030 cum
1536 999 1618 1030 nec
1637 996 1786 1031 tutum
1809 999 1889 1031 ex-

133 1045 364 1101 istimaret,
392 1046 622 1095 hominem
661 1060 911 1110 potentem,
942 1046 1191 1100 factiosum,
1212 1051 1252 1092 &
1273 1047 1497 1110 perfidum
1521 1046 1709 1110 impune
1734 1048 1891 1095 dimit·

135 1121 230 1158 tere
251 1111 544 1162 incolumem,
559 1110 827 1174 aliquidque
849 1111 1045 1159 tribuere
1064 1111 1253 1174 Reginae
1270 1111 1481 1174 precibus
1497 1112 1652 1164 vellet,
1665 1112 1894 1174 optimum

136 1174 255 1222 saCtu
279 1189 479 1230 ratus,ut
500 1175 652 1222 vivum
676 1175 721 1223 in
746 1176 947 1223 custodia
969 1176 1095 1222 firma
1116 1174 1343 1223 retineret.
1396 1177 1466 1222 Ita
1488 1175 1600 1231 sore,
1619 1189 1668 1222 ut
1683 1181 1721 1222 Sc
1745 1176 1824 1224 fibi
1840 1193 1893 1224 o·

138 1239 369 1302 pinionem
387 1243 456 1300 (i)
472 1239 714 1287 clementia
730 1254 922 1302 pareret,
940 1245 976 1287 ἃ
993 1239 1060 1287 illi
1082 1239 1342 1303 potestatem
1364 1240 1469 1286 novi
1493 1240 1666 1287 sceleris
1684 1239 1895 1302 patrandi

136 1304 348 1358 auferret,
373 1309 412 1350 Bc
427 1304 572 1367 plebis
595 1304 867 1366 prospiceret
887 1303 1129 1356 securitati,
1155 1308 1192 1349 Sc
1216 1304 1427 1366 exemplo
1449 1303 1678 1351 licentiam
1698 1305 1892 1352 aliorum

135 1367 417 1430 reprimeret.
463 1368 598 1415 Illum
623 1368 669 1414 in
690 1370 1014 1416 Tentallonem
1039 1366 1197 1420 mittit,
1223 1381 1412 1415 matrem
1435 1368 1670 1415 mulierem
1696 1365 1895 1417 ferocem

135 1432 184 1478 in
209 1433 454 1479 AEmonam
479 1431 668 1479 insulam
698 1434 884 1500 relegat,
911 1446 959 1480 ut
986 1449 1088 1495 quae
1122 1430 1266 1479 filium
1298 1431 1485 1479 subinde
1507 1433 1564 1479 ad
1594 1449 1712 1479 nova
1733 1433 1896 1482 scelera

132 1496 358 1559 impulisse
378 1496 660 1544 credebatur.
698 1532 702 1538 -

214 1561 435 1607 xxxm.
471 1563 541 1608 lta
561 1560 756 1611 inhibita
777 1559 1028 1609 Alexandri
1049 1559 1250 1615 licentia,
1275 1561 1479 1608 nondum
1503 1573 1651 1609 tamen
1675 1561 1720 1610 in
1745 1562 1897 1623 regio·

137 1623 273 1671 nibus
293 1625 348 1670 ad
371 1624 696 1686 septentriones
716 1625 931 1697 porrec‘tis
950 1643 1017 1671 res
1039 1623 1230 1672 omnino
1249 1625 1504 1687 tranquilla:
1526 1624 1725 1674 fuerunt.
1768 1627 1896 1674 Nam

139 1688 401 1742 &Catanei‚
420 1695 459 1736 δι
485 1688 766 1741 Cameronii.
790 1688 872 1751 qui
892 1687 1193 1752 superioribus
1216 1687 1344 1735 annis
1361 1689 1669 1737 Alexandrum
1694 1691 1899 1738 deserue-

137 1752 381 1808 rant,‘ort0
404 1753 522 1800 iuter
543 1753 660 1817 ipsos
686 1752 879 1808 dissidio,
902 1766 1027 1800 tanta
1048 1752 1340 1800 contentione
1369 1752 1642 1802 animorum.
1669 1762 1707 1802 8.-
1730 1754 1897 1802 virium

136 1829 417 1879 pugnarunt,
443 1831 493 1864 ut
521 1818 676 1864 multis
703 1819 1008 1864 Cataneorum
1038 1817 1290 1870 trucidatiS,
1314 1817 1576 1864 Cameronii
1603 1836 1717 1881 pene
1739 1835 1899 1866 omnes

137 1871 323 1928 extinfti
344 1881 527 1929 suerint.
595 1883 647 1930 In
668 1881 867 1930 AEbudis
889 1898 1091 1955 quoque,
1107 1898 1211 1944 qua:
1233 1880 1510 1944 relegatione
1533 1882 1899 1947 Alexandriqui-

134 1957 279 1993 eturae
299 1944 587 2000 videbantur,
610 1962 779 1995 novum
814 1946 1031 1994 excitavit
1069 1958 1242 1993 motum
1267 1945 1508 1993 Donaldus
1532 1949 1756 1995 Balochus
1786 1948 1898 1996 Ale-

141 2008 303 2057 xandri
326 2008 463 2057 frater
483 2008 716 2073 patruelis,
733 2010 862 2059 velut
883 2009 1093 2074 injuriam
1118 2009 1380 2073 propinquo
1401 2008 1572 2059 illatam
1599 2013 1787 2060 ulturus.
1824 2013 1900 2062 Ad

88 2086 94 2102 ⁴
140 2073 266 2122 hunc
285 2074 534 2122 tumultum
557 2073 951 2138 comprimendum
980 2076 1050 2136 (2)
1077 2075 1353 2130 Alexander,
1370 2079 1409 2122 δι
1426 2074 1599 2124 Alanus
1623 2076 1809 2129 Stuarti‚
1825 2076 1902 2125 hie

135 2137 440 2193 Cathanefiae,
455 2137 533 2186 ille
546 2139 733 2189 Martia:
747 2140 933 2193 Comes,
957 2140 1111 2186 coac'ta
1133 2139 1420 2203 popularium
1441 2155 1579 2189 manu
1601 2140 1783 2190 obviam
1799 2142 1901 2190 Do·
1978 2174 1985 2184 ·
2011 2121 2033 2139 ‘A

142 2202 282 2250 naldo
304 2200 352 2249 in
372 2201 561 2251 Abriam
588 2203 690 2265 (ubi
710 2203 1016 2251 exscensurum
1041 2203 1162 2250 fama
1185 2204 1299 2263 erat)
1325 2203 1514 2266 proseffi
1537 2207 1781 2259 adventum
1805 2205 1902 2268 ejus

140 2265 527 2330 praestolabantur.
594 2267 697 2322 Ille,
716 2269 821 2316 cum
842 2284 918 2314 eos
940 2267 1281 2329 incompositos,
1301 2267 1389 2314 fine
1405 2268 1570 2323 castris,
1591 2263 1683 2317 sine
1698 2270 1903 2319 excubiis

140 2347 276 2403 agere
310 2331 610 2394 comperisset,
634 2331 691 2380 de
712 2344 874 2395 quarta
890 2330 1054 2396 vigilia
1074 2330 1160 2378 suis
1187 2331 1296 2395 *sine
1309 2332 1510 2379 tumultu
1531 2333 1743 2395 expolitis
1765 2348 1904 2382 neco:

136 2400 371 2458 'pinantes,
396 2401 436 2443 &
455 2395 737 2444 semisomnes
760 2396 984 2462 aggressus
1008 2411 1220 2459 magnam
1243 2397 1433 2460 stragem
1454 2394 1615 2452 edidit.
1683 2397 1820 2446 Periit
1837 2396 1905 2444 ibi

144 2458 322 2507 Alanus
343 2476 447 2507 cum
482 2459 568 2508 suis
592 2460 683 2507 sere
704 2461 933 2509 omnibus.
1000 2460 1261 2508 Alexander
1289 2459 1467 2522 trepida
1489 2461 1599 2526 fuga
1623 2478 1728 2509 cum
1750 2461 1905 2523 paucis

142 2522 298 2570 evasit.
353 2524 462 2571 Hoc
483 2525 673 2572 succeffu
694 2525 937 2574 Donaldus
959 2524 1155 2572 ferocior
1172 2538 1314 2573 totam
1336 2523 1545 2580 Abriam,
1565 2527 1694 2574 nullo
1716 2527 1909 2576 resistere
1976 2523 2004 2548 ”

141 2585 250 2632 auso
273 2586 689 2652 serro‚fla'mm2'1que
706 2589 798 2642 late
816 2588 1099 2652 pervastavit.
1121 2588 1210 2636 Sed
1233 2588 1390 2645 audito
1412 2589 1588 2662 Regem
1613 2589 1841 2654 maiorein
1864 2589 1907 2638 se
1982 2639 1986 2643 ,
2047 2619 2050 2626 ι

144 2662 363 2711 apparatu
384 2651 557 2705 venire,
581 2654 735 2716 praeda
757 2653 1024 2718 ampliffima
1050 2652 1098 2700 in
1122 2670 1256 2700 naves
1274 2653 1500 2716 congesta,
1526 2670 1573 2702 in
1604 2654 1815 2703 ffbudas
1836 2671 1907 2701 re-

147 2713 251 2761 diit.
319 2716 420 2762 Rex
441 2715 499 2762 ad
528 2717 934 2778 Stephanodunum
954 2718 1205 2781 progressus
1228 2717 1540 2780 populationis
1560 2717 1809 2775 foedissjmae
1829 2734 1910 2766 ve·
1969 2744 2010 2767 ,-

146 2776 278 2841 stigia
292 2778 591 2842 conspicatus,
613 2779 662 2829 in
698 2781 945 2844 cutemque
961 2781 1130 2828 irarum
1158 2780 1327 2828 molem
1340 2779 1395 2842 „in
1416 2783 1571 2830 animo
1587 2776 1783 2838 versans,
1803 2797 1911 2829 cum
1980 2805 1982 2809 ·

139 2842 236 2903 jam
260 2843 522 2905 traJecturus
543 2842 591 2890 in
621 2844 668 2892 in
691 2845 784 2892 ulas
807 2844 943 2900 foret,
967 2844 1242 2892 familiarum
1265 2843 1493 2908 principes
1522 2846 1581 2894 ad
1609 2862 1712 2893 eum
1737 2846 1912 2909 suppli·

147 2922 222 2952 ces
242 2918 481 2964 venerunt,
510 2920 728 2971 negantes
758 2907 1006 2973 quicquam
1028 2908 1216 2955 consilio
1238 2905 1427 2970 publico
1447 2911 1614 2962 actum,
1639 2910 1820 2974 culpam
1857 2908 1908 2958 in

133 2971 480 3027 Alexandrum,
511 2971 806 3036 hominesque
831 2985 1038 3046 egentes,
1068 2976 1108 3018 δι
1131 2969 1404 3018 facinorosos
1430 2972 1740 3021 conferebant.
1807 2972 1911 3022 Rex
1941 3007 1950 3015 -
1979 2980 1987 3011 2
2051 2972 2054 3008 ἕ

145 3033 213 3081 ita
232 3034 419 3083 demum
441 3035 484 3083 se
513 3036 634 3084 hanc
696 3049 981 3100 urgationem
1005 3034 1296 3083 admissurum
1330 3035 1576 3099 respondit,
1608 3036 1908 3086 si'scelerato's
1968 3054 2002 3094 :f

646 3053 692 3147 dp
696 3099 967 3164 supplicium
990 3099 1234 3146 traderent.
1286 3100 1360 3146 Ad
1384 3101 1430 3147 id
1453 3118 1556 3149 cum
1579 3100 1702 3148 suam
1723 3117 1912 3165 operam
1963 3102 1979 3129 ”·
2002 3145 2003 3151 ,

132 3162 492 3221 pollicerentur,
517 3177 693 3227 partem
712 3179 870 3218 eorum
906 3163 964 3210 ad
993 3163 1190 3210 latrones
1211 3162 1548 3236 conquirendos
1569 3164 1770 3212 dimisit:
1805 3166 1913 3214 reli·
1966 3179 1982 3186 ·’

148 3099 494 3161 comprehensos
515 3100 598 3147 fibi
618 3116 642 3146 a

149 3239 267 3285 quos
283 3225 489 3274 obsidum
512 3229 618 3276 loco
634 3228 754 3292 apud
773 3226 815 3275 se
832 3226 1035 3274 retinuit.
1104 3225 1198 3290 Qi
1223 3226 1382 3273 rermfli
1401 3228 1566 3276 domos
1583 3241 1727 3283 erant,
1745 3229 1913 3284 multos

151 3285 181 3333 ὲ
209 3287 459 3340 latronibus
495 3292 766 3340 occiderunt
787 3301 809 3340 τ
837 3302 1063 3339 trecentos
1098 3289 1156 3337 ad
1190 3290 1369 3357 Regem
1401 3291 1578 3340 viuCtos
1608 3291 1911 3341 adduxerunt.

163 3406 167 3411 ·
206 3438 269 3486 (il
297 3441 364 3478 Al·
391 3441 617 3481 clementiae.
736 3436 741 3440 ’
1057 3441 1134 3480 carl
1152 3438 1199 3480 of
1211 3439 1335 3482 Athol
1354 3457 1364 3483 ι
1393 3443 1413 3483 1
1430 3442 1508 3482 find
1525 3448 1591 3483 not
1607 3439 1690 3481 that
1708 3439 1757 3480 he
1780 3438 1853 3478 had
1870 3448 1910 3475 a·

208 3490 271 3540 (2)
298 3495 431 3531 Alexr.
456 3506 530 3530 was
547 3495 691 3533 natural
720 3494 782 3533 son
812 3501 851 3532 to
871 3494 1017 3532 Alexi-ff
1054 3507 1106 3543 ny
1124 3493 1308 3545 posterity.

122 3567 125 3571 -
156 3545 230 3583 earl
246 3542 296 3583 of
306 3545 476 3584 Buchan.
506 3547 624 3584 Allan
640 3559 715 3586 was
731 3547 796 3586 {bn
807 3554 846 3585 to
857 3547 1006 3585 Walter
1062 3557 1066 3560 ·
1228 3555 1233 3559 ”

1791 3602 1916 3653 ‘Nam
1956 3593 1967 3598 i

1981 3685 2052 3710 lllllll
