2106 3838
241 182 366 258 144
531 171 892 237 RERUM
979 170 1673 242 Sco’r1CARt1M

234 268 462 331 pertinere
482 268 735 316 videbatur.
805 266 1040 330 Accipiter
1060 284 1086 314 a
1119 269 1304 319 bubone
1337 271 1476 319 reciso
1498 286 1685 336 gutture
1700 276 1760 322 est
1780 276 1996 325 interfec-

238 344 328 379 tus.
394 334 602 383 Alterum
626 332 753 394 vulgi
782 331 1156 394 interpretatione
1188 336 1350 383 eodem
1372 337 1608 384 referebat.
1677 339 1761 386 Per
1782 344 1853 388 sex
1877 356 1997 388 totos

237 397 345 458 post,
372 399 543 444 caedem
575 397 742 442 menses
778 396 925 442 crebri
956 410 1121 459 praeter
1156 397 1338 446 solitum
1374 400 1504 464 ignes
1539 402 1807 450 micabantt
1843 411 1882 451 δε
1921 408 1999 452 ae'r

238 462 385 509 ventis
404 460 816 508 vehementioribus
835 459 1061 524 agitatus,
1074 467 1113 508 &
1133 463 1332 511 nubibus
1348 464 1414 511 ita
1434 466 1682 514 obdnaum
1706 467 1794 513 fuit
1809 470 1998 525 coelum,

243 539 293 577 ut
313 543 459 587 neque
484 526 559 577 sol,
588 541 734 586 neque
757 524 866 571 luna
885 524 1072 587 usquam
1104 525 1152 573 in
1177 527 1330 575 Scotia
1351 529 1699 592 conspiceretur.
1768 533 1999 580 Omnibus

238 590 381 653 igitur
399 593 442 635 in
466 589 510 634 id
537 605 672 634 unum
698 588 902 644 intentis,
923 604 974 636 ut
994 589 1156 652 opti-mi
1182 592 1324 654 Regis
1347 606 1540 640 mortem
1566 595 1880 643 ulciscerentur
1902 598 2001 643 Cu-

239 657 367 703 lenus
390 653 434 698 in
454 653 708 698 Moraviam
729 666 942 715 properat
963 670 974 699 t
1008 668 1226 718 tanquam
1248 656 1361 710 illic,
1380 657 1456 703 ubi
1481 657 1620 706 scelus
1641 673 1866 722 patratum
1894 661 1999 715 fuit,

237 719 429 766 certiora
446 717 540 777 ejus
567 730 823 778 reperturus
846 717 1035 764 indicia.
1075 719 1317 767 Donaldus
1335 722 1389 769 ad
1408 723 1529 768 hunc
1548 739 1775 770 rumorem
1789 741 1901 777 *curn
1919 723 2003 772 fibi

240 780 422 829 nefaria:
443 781 721 827 crudelitatis
744 782 848 827 esset
864 782 1083 837 conscius,
1105 788 1143 829 &
1165 785 1318 840 nimia,
1341 792 1382 832 δε
1406 802 1547 849 prope
1566 786 1717 834 insana
1735 787 1830 848 ejus
1852 789 1897 834 in
1912 806 2003 835 au-

240 845 436 892 &oribus
458 844 728 908 vestigandis
751 845 993 908 diligentia
1027 847 1182 893 multis
1204 851 1308 895 esset
1329 849 1542 912 suspecta,
1569 868 1732 897 navem
1762 852 1817 898 ad
1839 853 2002 900 ostium

240 914 387 972 Spaeae
399 909 598 957 fluminis
618 911 769 955 nasta>
786 909 934 956 insciis
955 927 1110 963 uxore,
1133 917 1172 956 δι
1190 913 1580 976 propinquiseam
1599 931 1702 961 cum
1723 915 1879 978 paucis
1893 933 2004 962 eon·-

238 974 437 1021 1cendit:
463 972 628 1020 veritus
654 973 881 1028 videlicet,
909 991 963 1020 ne
982 992 1050 1020 res
1069 991 1126 1020 ex
1148 975 1244 1038 ipso
1268 978 1504 1025 tormentis
1527 979 1853 1042 exquireretur.
1910 982 2004 1028 Hic

240 1056 425 1102 quoque
447 1039 542 1099 ejus
566 1037 807 1092 festinatio,
829 1043 869 1085 δε
891 1040 1044 1085 vultus
1066 1041 1372 1101 perturbatuS,
1397 1045 1444 1091 &
1470 1044 1730 1097 comitatus,
1753 1045 1802 1092 &
1823 1044 1870 1090 in
1894 1062 2005 1091 con-

241 1104 494 1151 scendendo
517 1102 776 1165 trepidatiO,
802 1103 1046 1165 praesertim
1076 1106 1122 1150 in
1148 1106 1403 1152 naviculam
1436 1104 1552 1154 forte
1574 1106 1773 1154 oblatam
1798 1108 1886 1154 fine
1911 1110 2007 1154 ullo

242 1182 460 1231 apparatu
494 1168 558 1214 ita
601 1168 890 1214 vehementer
923 1168 968 1214 in
992 1169 1217 1224 omnium,
1254 1171 1334 1232 qui
1365 1172 1551 1217 aderant
1590 1170 1763 1219 animos
1790 1170 2008 1235 impressit

244 1233 552 1294 suspitionem,
573 1244 623 1278 ut
645 1250 670 1277 a
704 1233 831 1279 nullo
864 1249 1031 1296 genere
1053 1236 1344 1281 contumeliae
1379 1234 1427 1281 in
1450 1251 1553 1281 eum
1578 1247 1898 1298 temperarent,
1918 1237 2006 1283 im·
2073 1284 2076 1286 ,

244 1298 393 1360 pium,
428 1297 712 1358 sacrilegum,
739 1294 1031 1358 parricidam,
1064 1304 1104 1345 &
1129 1299 1159 1344 fi
1196 1299 1307 1361 quid
1339 1298 1405 1345 ira
1426 1300 1607 1360 gravius
1641 1298 1908 1362 subjiciebat
1933 1316 2007 1347 ac-

241 1364 524 1409 clamantes:
559 1362 650 1407 Etsi
688 1360 830 1423 Regis
864 1362 1110 1407 adventurn
1135 1362 1331 1426 fugeret,
1356 1363 1447 1409 Dei
1483 1377 1632 1412 tamen
1668 1364 2004 1428 providentiam

241 1427 550 1490 subterfugere
573 1443 664 1472 non
686 1426 822 1489 polle.
848 1426 1063 1487 Denique
1085 1428 1297 1473 omnibus
1320 1428 1702 1482 execrationibus,
1721 1445 1832 1491 quas
1851 1429 2010 1491 indig-

242 1490 368 1538 natio
402 1490 643 1537 commotis
672 1489 835 1536 animis
868 1491 1104 1543 offerebat,
1135 1508 1240 1537 eum
1281 1491 1504 1554 prosecuti
1541 1493 1828 1546 sunt,'donec
1866 1494 1913 1539 in
1938 1495 2005 1539 al-

155 1577 168 1595 s
245 1567 343 1602 tum
361 1559 540 1602 eveelus
562 1557 589 1602 ὲ
611 1555 851 1618 conspeetu
872 1555 1002 1601 abiit.
1070 1556 1258 1602 Nuneio
1293 1570 1383 1602 tam
1407 1555 1596 1618 trepidae
1631 1557 1752 1618 fuga:
1775 1558 1828 1603 ad
1867 1558 2009 1604 Cule-

245 1637 355 1666 num
380 1623 552 1682 pei-lato
575 1622 659 1666 iter
679 1620 918 1665 accelerat.
967 1621 1174 1666 Uxorem
1198 1620 1418 1674 Donaldi,
1443 1637 1495 1665 ac
1518 1633 1605 1666 tres
1626 1622 1742 1667 filios
1766 1622 2008 1682 repracsen-

248 1684 352 1730 tatis
375 1684 611 1732 tormentis
633 1682 759 1747 cogit
779 1699 963 1730 omnem
989 1683 1199 1730 facinoris
1228 1685 1435 1729 ordinem
1459 1699 1701 1744 exponere.
1770 1687 1887 1730 Item
1910 1701 2009 1731 cor-

248 1766 334 1811 pus
352 1749 600 1812 quomodo>
620 1764 700 1811 per
717 1764 848 1808 quos,
870 1748 948 1794 ubi
970 1748 1210 1809 sepultum.
1245 1748 1425 1793 Horum
1445 1748 1650 1794 omnium
1671 1749 1712 1795 se
1734 1749 1897 1795 marito
1921 1766 2012 1796 non

247 1813 489 1867 consciam,
510 1830 600 1860 non
619 1812 833 1859 comitem
859 1813 1014 1867 modo,
1038 1812 1112 1859 sed
1135 1814 1362 1859 auelorem
1387 1811 1529 1859 fuiss'e.
1597 1813 1712 1859 Haec
1736 1814 1801 1874 (ι)
1821 1814 2011 1860 audien-

248 1890 293 1924 te
312 1879 501 1941 populo,
519 1881 644 1939 (nam
668 1878 817 1940 palam
838 1877 1025 1940 quaestio
1044 1876 1200 1923 habita
1215 1878 1332 1934 erat)
1348 1877 1426 1922 vix
1440 1893 1465 1922 a
1481 1876 1811 1939 magistratibus
1834 1878 2014 1940 persua-

248 1941 346 1989 deri
365 1957 558 2005 poterat,
581 1955 628 1988 ut
652 1942 860 1988 manibus
879 1954 1165 2002 temperaret.
1221 1939 1438 1988 Postridie
1458 1941 1698 1987 Donaldus
1712 1956 1815 1988 cum
1836 1940 2015 2003 aliquot

249 2005 346 2052 dies
367 2008 516 2053 ventis
544 2007 735 2053 adversis
766 2006 913 2053 fuiffet
929 2006 1141 2067 jacintus,
1171 2005 1355 2051 tandem
1378 2005 1619 2066 naufragio
1641 2004 1688 2050 in
1713 2003 1819 2051 litus
1846 2005 2014 2067 ejeetus

248 2071 306 2116 ad
330 2071 504 2133 Regem
524 2071 766 2133 perdue'tus
787 2087 876 2117 una
895 2086 1001 2117 curn
1021 2070 1105 2116 suis
1122 2069 1338 2116 omnibus
1361 2085 1518 2132 poenas
1537 2068 1680 2115 dedit.
1717 2070 1811 2130 Qi
1832 2086 1935 2116 eum
1958 2070 2015 2116 ad

251 2136 429 2197 Regem
452 2137 732 2183 adduxerant
758 2133 1006 2181 liberaliter
1029 2134 1291 2181 muneribus
1312 2133 1487 2180 donati.
1557 2135 1653 2179 Arx
1679 2134 1909 2187 omnibus,
1935 2134 2017 2196 qui

251 2199 298 2245 in
322 2215 376 2246 ea
392 2214 517 2247 erant
537 2200 656 2246 caesis
674 2211 886 2246 cremata.
920 2200 1103 2262 Corpus
1121 2197 1247 2245 Duffi
1265 2197 1515 2245 honorifice
1530 2196 1752 2256 majorum
1770 2197 2017 2260 sepulchris

246 2263 444 2311 illatum.
656 2255 676 2271 ²

318 2329 499 2376 XXIV.
530 2329 645 2375 Haec
666 2340 714 2374 ut
733 2328 958 2376 bonorum
981 2328 1157 2376 animos
1181 2328 1472 2375 vehementer
1495 2327 1677 2374 Culeno
1697 2326 2016 2382 conciliarunt,

254 2392 319 2438 ita
339 2393 541 2455 reliquus
575 2392 681 2440 vitaz
712 2392 862 2439 cursus
885 2406 1061 2441 tantum
1092 2393 1133 2439 ei
1172 2393 1351 2455 peperit
1371 2392 1548 2446 odium,
1581 2408 1755 2453 quanto
1785 2404 1888 2438 ante
1910 2400 2019 2438 eu‘m

253 2473 392 2503 nemo
425 2459 607 2520 Regum
642 2458 923 2522 flagraverat.
992 2458 1098 2505 Sive
1126 2457 1250 2504 enim
1285 2470 1457 2503 naturae
1490 2457 1648 2520 sponte
1676 2455 1907 2509 inductus,
1931 2455 2020 2502 five

256 2533 384 2568 metu
407 2524 479 2582 (ut
499 2521 642 2567 videri
665 2523 868 2580 volebat)
894 2521 1084 2585 periculi
1107 2523 1291 2578 trastus,
1314 2520 1599 2583 disciplinam
1623 2520 1816 2567 severam
1841 2517 1921 2566 sub
1943 2521 2020 2566 In-

255 2584 405 2638 dulfo,
430 2585 666 2647 Duffoque
687 2587 857 2634 cultam
877 2587 989 2635 solvi
1011 2588 1072 2634 est
1094 2588 1238 2650 passus
1264 2604 1275 2633 :
1310 2599 1363 2631 ac
1379 2586 1668 2646 juventutem
1689 2583 2021 2631 comess‘ationi·

254 2648 340 2695 bus
376 2647 720 2709 intempestivis,
741 2656 786 2697 ’δε
809 2651 1061 2715 peregrinis
1094 2651 1264 2699 delitiis
1296 2650 1483 2697 fractam
1506 2648 1708 2711 permisit
1728 2651 1781 2696 ad
1806 2647 2022 2695 libidines

253 2713 435 2776 legibus.
449 2713 631 2769 vetitas,
654 2715 824 2761 deinde
838 2716 898 2762 ad
917 2716 1012 2763 vim
1030 2728 1252 2779 apertam,
1271 2713 1602 2780 latrociniaque
1618 2728 1931 2775 prorumpere.
1952 2712 2023 2760 Eo

251 2792 360 2824 eum
387 2776 605 2839 majorem
636 2778 989 2827 adolescentium
1015 2779 1241 2834 nobilium
1265 2790 1445 2842 partem
1461 2777 1683 2824 inclinare
1715 2774 2022 2831 intellexisset,

252 2840 465 2904 protinus
493 2847 534 2888 δε
556 2841 650 2905 ipse
669 2844 833 2890 eodem
848 2843 1042 2891 deflexit
1065 2860 1078 2890 e
1113 2858 1167 2890 ac
1187 2843 1339 2907 palam
1361 2841 1426 2888 ita
1446 2840 1487 2888 se
1511 2839 1695 2905 flagitiis
1717 2840 1951 2893 immersit,
1974 2851 2025 2886 ut
2089 2856 2100 2866 ·

254 2921 340 2952 nec
371 2922 398 2952 a
418 2905 636 2953 matronis
656 2906 868 2964 honestis,
891 2922 977 2955 nec
1009 2907 1140 2955 sacris
1160 2905 1416 2969 virginibus
1442 2910 1565 2968 (quae
1596 2917 1694 2951 tum
1716 2904 1778 2951 ob
1802 2903 2026 2967 singulare
2091 2956 2093 2962 ‚

251 2969 491 3031 pudicitiae
517 2971 588 3031 (2)
611 2970 843 3019 servandae
861 2971 1056 3019 studium
1077 2985 1207 3019 erant
1234 2971 1283 3018 in
1302 2970 1498 3030 honore)
1523 2985 1607 3016 nee
1630 2985 1656 3016 a
1672 2968 1896 3016 sororibus
1918 2966 2022 3022 suis,

254 3048 342 3079 nec
359 3050 386 3080 a
406 3033 584 3081 filiabus
606 3045 896 3099 temperaret,
915 3047 1275 3100 caeterarumque
1295 3034 1528 3098 virginum
1550 3049 1712 3098 greges
1730 3049 1812 3097 per
1832 3030 2025 3095 conqui-

255 3097 408 3145 fitores
430 3099 646 3147 adductas
669 3100 795 3146 velut
814 3100 862 3146 in
885 3099 1136 3163 prostibulo
1155 3100 1425 3147 contineret.

321 3161 474 3209 XXV.
509 3163 631 3211 Cum
666 3163 694 3210 εἴ
714 3163 822 3211 viris
855 3165 1231 3228 prudenti-oribus
1251 3165 1588 3217 admoneretur,
1614 3160 1782 3225 partim
1810 3160 2026 3221 juventu·

257 3233 350 3270 tem
376 3226 518 3272 aetatis
540 3229 828 3276 excusatione
848 3228 1344 3291 defendebat3->partim
1367 3228 1426 3281 se,
1446 3226 1619 3274 etiamsi
1640 3225 1851 3299 quaedam
1877 3223 2027 3270 minus

255 3288 376 3336 reete
398 3289 493 3337 fieri
513 3293 820 3350 confiteretur,
844 3306 971 3342 metu
993 3306 1146 3342 tamen
1171 3294 1229 3341 ad
1250 3309 1304 3340 ea
1328 3292 1564 3346 toleranda
1583 3305 1705 3355 cogi.
1770 3286 2029 3336 Meminiffe
2097 3328 2103 3359 ζ

1016 3380 1018 3383 ,
1504 3375 1506 3378 ,
2083 3382 2106 3415 ,ἶ

2083 3419 2106 3499 [1

309 3413 372 3476 (1)
398 3418 513 3464 Here,
541 3431 578 3458 as
595 3420 635 3457 in
654 3421 752 3460 some
770 3422 880 3461 other
894 3424 1031 3474 places,
1047 3421 1115 3460 the
1167 3423 1236 3460 See
1267 3421 1335 3460 lib.
1370 3431 1431 3470 14.
1451 3433 1555 3471 capp.
1588 3431 1651 3471 33³
1674 3430 1736 3471 39·
1750 3422 1757 3430 ⁸
1772 3415 1841 3457 lib·
1867 3428 1927 3469 ¹5·
1947 3429 2026 3466 ‘²1³’

256 3469 415 3507 ablatrve
433 3471 596 3509 absolute
617 3474 647 3510 is
661 3475 759 3522 used,
781 3475 893 3514 when
907 3478 940 3514 it
956 3478 1028 3513 and
1048 3475 1113 3513 the
1169 3489 1232 3528 59·
1645 3519 1647 3522 .

231 3553 238 3558 ,
257 3521 486 3562 nominative
504 3524 549 3561 of
575 3525 640 3563 the
670 3528 755 3566 verb
773 3542 832 3566 are
850 3529 895 3567 of
920 3528 985 3566 the
1012 3528 1113 3566 same
1220 3526 1283 3580 (2)
1311 3527 1401 3567 MS.
1420 3527 1596 3567 Savztae·

255 3573 397 3625 person,
417 3576 456 3617 in
489 3575 678 3617 imitation
712 3580 757 3617 of
769 3579 833 3622 the
856 3582 929 3621 best
946 3580 1112 3622 authors.
1352 3583 1358 3587 ”

1891 3674 2031 3726 etiam
2078 3660 2088 3670 ’

2096 3257 2104 3277 C
