1994 3833
91 101 227 188 446
406 104 769 172 RERUM
861 101 1562 177 Scorto-Attum*

95 198 269 246 cendiis
291 202 494 249 contenti
516 217 637 247 arces
659 199 873 262 quasdam
897 201 1096 249 munitas
1123 201 1169 249 vi
1191 216 1432 266 caeperant‚
1473 210 1513 252 δε
1534 206 1747 268 praesidiis
1767 226 1874 262 σεο,
1898 205 1900 208 ’

48 312 51 315 ,
93 277 327 327 caparam,
397 267 500 313 Nec
536 266 583 311 in
623 263 808 328 reliquis
841 256 1067 313 limitibus
1104 284 1174 315 nes
1206 267 1374 332 quietae
1405 280 1549 316 erant.
1613 273 1875 328 tiRol.‚>ertus;⁸

92 327 395 385 Maxuallius,
419 329 466 375 in
488 345 626 391 quem
651 329 852 376 maxima
873 327 987 376 belli
1025 332 1260 394 tempestas
1297 331 1582 388 incubuerat,
1604 335 1859 385 Edimbur-

87 408 201 454 gum
226 393 284 439 ad
305 393 523 439 auxilium
543 393 675 439 rebus
697 392 1032 456 peueperditis
1044 396 1320 458 poscendum
1342 409 1539 444 venerat.
1606 399 1707 460 jam
1729 401 1858 450 enim

88 457 138 504 in
157 457 276 521 agris
301 457 564 504 solitudines
581 458 828 508 vastasess‘e
853 477 863 505 ε
901 459 1106 522 praefidia
1127 460 1188 510 ab.
1199 459 1400 508 inimicis
1422 461 1565 519 teneri
1593 482 1604 509 :
1649 462 1860 515 cultores

88 537 302 584 agrorum
326 520 900 585 sedibusupatriisffejec‘toffi
921 523 1242 588 tomnit‘tmque
1274 542 1425 575 rerum
1445 525 1603 588 inopia
1622 527 1860 578 confectos

89 585 343 632 amicorum
366 585 679 633 misericordia
693 586 883 638 vivere:
916 588 1043 651 quod
1066 588 1202 638 fidem
1224 605 1332 653 erga
1353 591 1531 654 Regem
1552 603 1727 640 mutare
1750 593 1860 640 nol*
1914 614 1921 617 ·

86 649 200 704 lent,
219 649 319 695 haec
340 649 452 712 pati.
511 650 652 714 Qod
673 651 755 702 nifi
776 668 933 704 eorum
951 651 1136 716 egestati
1151 652 1464 717 prospiciatur,
1485 655 1610 702 brevi
1627 655 1875 713 futurum„
1937 660 1941 665 ’

90 726 142 760 ut
165 719 201 758 ἂν
221 713 304 775 ipfi
323 713 409 761 suis
432 714 619 762 miseriis
655 716 881 772 coaffl,‚&
902 716 1044 764 vicini
1067 717 1281 765 similium
1303 731 1429 767 metu
1440 718 1499 775 ‘in
1518 720 1654 768 fidem
1677 721 1860 784 Anglo·

88 793 190 823 rum
230 779 273 824 se
315 777 518 829 dedant.⁴
552 780 626 834 Ei,
670 792 718 827 ut
752 779 838 827 {ua
860 794 1163 844 recuperaret,
1205 782 1376 832 auxilia
1412 784 1639 847 promissa.
1690 785 1873 834 Prorex.

87 855 192 887 cum
215 843 462 890 exercitum
487 847 543 892 eo
566 845 769 900 duceret,
788 846 847 892 ad
868 846 1107 910 Megaram
1128 864 1307 895 amnem
1326 849 1464 895 castra
1485 848 1671 911 posu-iu„
1715 849 1791 896 Ibi
1809 867 1863 897 a·

87 905 237 962 micis,
275 912 314 955 δι
336 908 607 972 propinquis
633 909 893 957 Cardinalis
933 910 960 956 a
982 913 1177 975 Prorege
1214 912 1477 974 importune
1506 911 1785 976 petentibuS,
1810 925 1861 969 ut

89 970 350 1034 Georgium
373 973 571 1021 Lessium
595 974 1039 1037 Normanipatrem,
1075 976 1157 1039 qui
1179 975 1244 1022 ibi
1278 976 1451 1033 aderat,
1474 976 1522 1024 in
1539 978 1615 1039 jus
1628 990 1819 1027 *vocaret
1843 996 1857 1026 ε

89 1051 180 1081 neu
204 1036 438 1085 hominem
463 1051 717 1101 potentem,
750 1038 824 1086 sed
848 1039 955 1085 fidei
977 1040 1149 1096 dubiae‚
1165 1053 1245 1088 aut
1266 1041 1416 1089 verius
1437 1054 1591 1104 aperte
1613 1042 1784 1091 hostem
1816 1054 1866 1093 ut

86 1098 197 1146 belli
219 1100 390 1148 socium
411 1102 627 1151 duceret:
666 1104 854 1158 ComeS,
886 1104 962 1150 etfi
985 1108 1037 1154 ὃς
1070 1118 1267 1170 tempuS,
1312 1111 1353 1153 δι
1371 1106 1500 1152 locus
1520 1121 1683 1156 contra
1701 1107 1860 1154 suade-

87 1177 205 1219 rent,
232 1178 384 1213 tamen
405 1168 577 1214 nullam
601 1167 834 1228 sejudicio
856 1186 1031 1217 moram
1049 1169 1273 1217 facturum
1288 1170 1500 1217 ostendit.
1567 1170 1718 1236 Igitur
1733 1171 1862 1232 judi?

87 1244 194 1276 cum
213 1230 478 1278 nominibus
503 1234 560 1279 de
585 1249 708 1280 more
734 1238 891 1296 (quem
920 1236 990 1294 (1)
1013 1234 1123 1282 alibi
1145 1233 1407 1294 retulimus)
1433 1234 1580 1290 lectiS,
1604 1251 1657 1282 ac
1680 1236 1863 1284 nemine

87 1293 147 1341 ab
164 1295 426 1343 adversariis
449 1296 790 1344 nominatorum
813 1298 997 1359 rejecto,
1017 1297 1248 1346 sententiis
1269 1300 1481 1347 omnibus
1505 1301 1564 1347 est
1586 1301 1834 1348 absolutum

154 1360 305 1406 XLV.
339 1361 453 1407 Inde
475 1361 533 1407 ad
559 1363 832 1425 Langopum
854 1363 1256 1427 arcemprogressi,
1288 1363 1483 1427 expulfis
1521 1364 1649 1412 illinc
1673 1364 1858 1429 Anglis,

88 1440 193 1471 cum
218 1425 308 1471 alia
338 1426 542 1488 praesidia
563 1426 757 1489 aggredi
792 1428 1001 1483 vellent}¹
1021 1428 1190 1475 nuncio
1228 1428 1469 1490 repentino
1507 1428 1607 1476 sunt
1641 1430 1860 1478 revocati.

89 1489 297 1536 Allatum
323 1490 447 1536 enim
470 1503 581 1543 erat,
607 1491 841 1538 Gallicam
860 1494 1036 1539 classem
1060 1509 1151 1539 non
1170 1493 1329 1555 procul
1352 1493 1410 1539 ab
1428 1492 1572 1539 Ebbae
1593 1506 1863 1557 promonto-

90 1553 160 1600 rio
180 1553 333 1608 visam,
361 1554 407 1601 in
427 1571 516 1616 qua
529 1556 666 1606 essent
685 1552 789 1608 una,
813 1561 853 1602 &
876 1556 1044 1619 viginti
1062 1556 1281 1606 triremes·
1307 1558 1493 1613 Prorex,
1515 1557 1565 1604 id
1587 1558 1711 1621 quod
1727 1575 1796 1606 res
1815 1575 1864 1604 e-

88 1631 176 1672 rat,
198 1617 440 1681 suspicatus
456 1620 513 1666 ad
531 1635 679 1667 arcem
697 1619 988 1669 Andreanam
1013 1620 1099 1682 (uti
1113 1624 1406 1680 convenerat)
1423 1623 1776 1686 expugnandam
1789 1639 1864 1669 eas

89 1682 478 1737 advenire‚.laetus
503 1684 692 1731 domum
712 1697 944 1746 properam„
994 1684 1067 1733 lbi
1087 1701 1189 1732 cum
1215 1687 1285 1747 (2)
1308 1691 1482 1741 Leonte
1506 1686 1685 1734 Strozio
1710 1686 1864 1733 Galli-

90 1764 247 1798 carum
280 1747 534 1797 triremium
559 1748 774 1811 pra-:fecto
798 1751 1051 1800 coll-ocutus
1077 1749 1330 1810 conjunctis
1351 1749 1495 1812 copiis
1524 1765 1674 1798 arcem
1696 1750 1864 1797 obsidi-

92 1829 180 1859 one
204 1812 415 1876 cingunt,
441 1825 566 1860 tanta
587 1813 843 1869 celeritate,
862 1826 909 1860 ut
933 1813 1067 1860 multi
1089 1830 1145 1860 ex
1164 1813 1449 1877 praefidiariis
1471 1815 1822 1862 excluderentur
1848 1834 1861 1863 ε

91 1882 132 1923 &
155 1876 393 1940 plmique,
429 1878 510 1940 qui
531 1891 658 1925 extra
679 1895 788 1924 cam*
802 1878 1165 1938 conjurationem
1188 1892 1332 1932 erant,
1364 1878 1540 1942 negotii
1561 1879 1691 1926 causa
1714 1896 1863 1928 arcem

92 1941 270 2005 ingressi
290 1942 650 1990 includerentur.
700 1943 817 1989 Mox
841 1943 1028 1992 sublatis
1044 1942 1267 1990 machinis
1288 1947 1424 1990 aeneis
1438 1942 1486 1991 in
1508 1958 1648 1991 turres
1667 1943 1865 1992 duorum

88 2004 390 2069 templorum,
415 2023 519 2069 quae
542 2008 590 2054 in
608 2006 822 2069 proximo
846 2007 1059 2070 utrinque
1081 2007 1271 2062 stabant,
1287 2020 1430 2056 totam
1449 2007 1562 2055 arcis
1581 2023 1728 2056 aream
1751 2009 1868 2058 adeo

92 2070 515 2134 propugnatoribus
536 2070 743 2123 infestam
781 2071 1114 2127 reddiderunt„
1139 2084 1189 2118 ut
1225 2088 1362 2119 nemo
1390 2072 1480 2119 fine
1505 2073 1739 2120 manifesto
1760 2073 1867 2120 vitae

92 2136 299 2198 periculo
322 2149 449 2183 extra
472 2137 589 2184 aedes
613 2152 828 2199 apparere
851 2135 1053 2187 auderet.
1121 2136 1226 2183 Nec
1264 2135 1412 2183 multo
1450 2137 1562 2199 post,
1598 2138 1724 2201 quod
1746 2137 1869 2185 inter

94 2198 206 2248 duas
231 2213 374 2248 turres
404 2201 524 2247 muri
546 2214 641 2248 erat
678 2204 802 2262 (cum
827 2199 1170 2250 substructiones
1206 2199 1470 2263 posteriores
1499 2208 1604 2248 cuin
1635 2201 1869 2265 prioribus

74 2278 184 2312 ‘non
210 2265 313 2312 satis
335 2278 667 2330 coagmentatae
689 2266 845 2325 essent)
872 2264 1068 2312 admotis
1092 2264 1338 2327 majoribus
1361 2264 1585 2312 machinis
1607 2281 1714 2318 cum
1735 2282 1869 2330 mag-

93 2346 154 2380 no
173 2329 353 2393 fragore
376 2330 564 2378 corruit.
607 2331 708 2393 jam
731 2345 837 2377 vero
853 2329 933 2393 qui
956 2342 1088 2377 antea
1099 2328 1431 2377 munitionibus
1442 2330 1673 2382 confisnse.
1686 2330 1744 2378 ad
1764 2347 1866 2377 om-

95 2395 172 2442 nia
193 2395 453 2442 discrimina
484 2395 718 2443 subeunda
738 2407 979 2458 promptos
1011 2393 1564 2457 ostenderantstrepidare
1593 2407 1866 2458 coeperunt:
1908 2416 1909 2420 ¹

98 2466 140 2508 &
162 2473 414 2507 convocato
437 2460 495 2507 de
517 2460 691 2507 summa
706 2476 857 2506 rerum
881 2458 1086 2514 consilio,
1106 2460 1314 2523 Proregis
1338 2459 1655 2506 crudelitatem
1678 2463 1801 2522 (quae
1817 2459 1868 2506 in

98 2524 263 2572 animis
296 2524 678 2572 imbecillioribus
711 2523 859 2571 acrius
892 2524 1178 2571 exardescere
1199 2523 1338 2582 soiet)
1371 2522 1420 2569 in
1454 2524 1702 2587 propinqui
1723 2537 1874 2572 morte

98 2588 358 2637 ulciscenda
391 2602 664 2643 metuentes,
701 2588 868 2636 Leonti
909 2588 1088 2636 Strozio
1108 2588 1474 2635 incolumitatem
1514 2588 1654 2636 modo
1689 2587 1808 2652 pacti
1828 2589 1875 2635 se

97 2653 391 2701 dediderunt.
460 2654 547 2701 Ille
581 2653 667 2700 suis
698 2659 756 2700 ad
792 2669 939 2700 arcem
964 2653 1246 2716 spoliandam
1268 2650 1490 2707 immiffiS,
1525 2651 1574 2699 in
1595 2664 1688 2715 qua
1708 2664 1874 2716 praeter
1909 2653 1918 2657 ”

96 2717 249 2765 omnis
271 2715 451 2782 generis
473 2730 754 2766 commeatus
778 2717 874 2764 vim
897 2717 1163 2772 maximam,
1188 2722 1228 2764 δι
1253 2715 1513 2765 Cardinalis
1535 2717 1797 2780 pecuniam,
1819 2719 1876 2783 ὃς

96 2782 443 2846 supellectilem,
484 2782 623 2830 etiam
647 2780 1028 2846 praefidiariorum
1067 2797 1228 2828 omnes
1249 2780 1507 2836 facultateS,
1550 2787 1591 2828 <Sc
1621 2782 1884 2839 multorum,

97 2859 320 2912 praeterea
359 2846 551 2903 civium,
595 2860 644 2894 ut
671 2847 897 2894 inlocum
934 2845 1198 2893 tutissimum
1227 2861 1337 2910 opes
1359 2857 1490 2892 erant
1509 2847 1748 2910 congestae,-
1783 2862 1876 2893 una

97 2927 205 2960 cum
229 2910 440 2976 Proregis
463 2912 576 2967 filio,
619 2911 701 2975 qui
722 2911 849 2958 obses
871 2927 898 2957 a
921 2923 1048 2974 patre
1072 2909 1310 2958 Cardinali
1330 2909 1482 2965 datus,
1498 2911 1654 2974 ‚e6que
1691 2909 1804 2957 caeso
1822 2911 1872 2958 in

99 2991 203 3024 arce
224 2976 529 3041 deprehensus
548 2975 711 3024 fuerat.
780 2978 880 3023 Arx
892 2975 950 3022 de
970 2973 1148 3024 confilii
1164 2973 1567 3023 sententiadiruta.
1634 2975 1762 3022 Leon
1775 2975 1876 3038 post

101 3057 272 3104 paucos
307 3041 534 3089 dies-cum
557 3040 725 3088 deditis
746 3039 796 3088 in
817 3040 961 3088 altum
990 3039 1094 3086 vela
1113 3037 1259 3087 dedit.
1325 3038 1519 3090 Haeciu
1549 3039 1748 3087 mensein
1770 3040 1873 3086 Au·
1897 3033 1901 3038 ’
1972 3044 1973 3047 ’

99 3108 279 3170 gustum
306 3106 413 3152 anni
442 3121 603 3173 1547.
636 3105 914 3154 inciderunt.

167 3172 345 3219 XLVI.
377 3173 554 3221 Eodem
577 3170 672 3218 fere
708 3183 916 3233 tempore
953 3168 1140 3216 allatum
1163 3168 1248 3225 est,.
1273 3167 1452 3234 Anglos
1490 3183 1679 3234 magnas
1717 3166 1881 3233 copias,

103 3244 238 3291 terra,
263 3234 471 3299 marique
492 3250 669 3300 parare,
694 3248 744 3282 ut
761 3235 811 3283 in
833 3233 1036 3281 Scotiam
1058 3232 1330 3298 irrumpant,
1371 3238 1410 3280 δι
1434 3233 1557 3295 pacti
1592 3232 1778 3280 foe-deris
1814 3232 1870 3280 fi-

100 3299 209 3351 dem
243 3312 451 3362 repetant
475 3318 487 3348 ε
529 3302 657 3362 quod
678 3300 828 3347 foedus
849 3298 1030 3346 circiter
1048 3312 1246 3361 quatuor
1266 3311 1406 3344 annos
1428 3309 1563 3345 antea
1581 3296 1750 3346 factum
1771 3295 1880 3343 fue-

102 3373 174 3410 rat
195 3378 300 3410 curn
323 3366 520 3428 Prorege
544 3367 602 3412 de
623 3364 806 3430 Regina
827 3362 993 3411 Scotiae
1017 3363 1163 3429 Angli
1179 3363 1276 3413 filio
1295 3361 1580 3414 collocanda.
1647 3358 1871 3428 Repenti-

157 3489 223 3540 (ι)
252 3491 320 3528 See
341 3492 409 3530 lib.
434 3506 496 3531 10.
521 3509 602 3546 cap.
620 3507 687 3547 29.

156 3547 219 3598 (2)
248 3544 355 3584 Prior
372 3546 417 3586 of
429 3548 573 3600 Capua,
591 3561 640 3589 an
657 3547 796 3592 Italian
813 3547 1064 3600 gentleman..
