2085 3864
497 130 827 225 LrssEa
923 133 1411 222 ernrua
1716 167 1839 235 n7

64 248 126 279 na
148 232 234 278 five
256 231 420 285 sorore,
442 231 530 278 five
552 249 609 278 ex
630 230 839 295 legitima
862 248 1002 281 uxore
1021 235 1128 284 filia.
1182 241 1285 304 Ego
1302 240 1366 287 eis
1388 240 1540 304 potius
1564 245 1732 294 accedo
1755 253 1837 313 qui

67 296 263 343 sororem
288 295 415 342 fuisse
436 297 622 343 tradunt
647 315 657 342 :
692 308 831 357 atque
852 313 1051 345 errorem
1074 318 1129 347 ex
1148 320 1202 350 eo
1225 316 1381 353 natum
1406 320 1537 366 puto,
1569 311 1696 370 quod
1718 314 1838 362 Ute-
1909 364 1911 366 ,

64 360 158 406 rius
208 361 315 406 liam
335 377 391 405 cx
413 361 671 407 concubina
692 362 877 406 Annam
898 360 1108 411 sustulisse
1130 367 1325 416 dicatur.
1372 371 1481 418 Hoc
1499 385 1676 434 patrato
1698 378 1836 426 trium

64 426 250 487 Regum
276 424 445 483 foedere
476 427 633 471 multae
663 424 721 471 de
745 424 1000 472 Saxonibus
1022 442 1162 489 partae
1185 433 1386 481 victoriae
1407 453 1418 481 ε
1455 451 1508 482 ac
1528 452 1697 485 nomen
1719 441 1839 490 Ute-

63 488 124 535 rii
148 505 384 551 magnum,
411 495 449 534 &
473 488 766 536 formidabile
789 506 869 551 per
891 501 1035 537 totam
1053 494 1339 544 Britanniam
1362 500 1446 546 effe
1467 513 1684 564 coeperat.
1719 506 1838 554 Om-

63 552 199 598 nibus
223 552 315 599 fere
339 555 571 599 Saxonum
595 553 786 601 ducibus
805 553 980 610 occisis,
1006 562 1045 603 δε
1065 557 1346 621 superstitum
1366 563 1506 612 fracta
1522 567 1746 628 potentia,
1767 588 1839 618 re-

65 615 237 678 busque
260 633 403 679 prope
426 621 547 679 apud
571 635 648 665 eos
678 618 920 680 desperatis
944 621 1133 668 Uterius
1167 625 1285 672 inter
1308 629 1537 676 maximos>
1572 632 1715 679 aetatis
1749 635 1838 684 suae

63 680 217 743 Reges
241 694 420 745 poterat
441 681 678 737 recenseri,
711 681 792 728 nifi
830 683 1007 745 flagitio
1029 685 1156 734 foedo
1189 706 1294 739 cum
1327 692 1507 756 ingenti
1528 695 1693 743 scelere
1727 715 1838 747 con-

58 743 223 804 juncto
246 746 424 809 magnis
457 745 701 792 virtutibus
733 748 960 794 maculam
983 749 1237 813 aspverfiffet.
1316 757 1425 804 Erat
1465 757 1585 806 inter
1603 763 1837 827 principes

65 808 393 858 Britannorum
418 807 605 856 Gorlois
627 810 815 866 virtute,
854 817 896 860 ot
930 816 1136 876 potentia
1155 818 1316 867 clarus.
1376 822 1485 882 Ejus
1504 840 1693 874 uxorem
1711 831 1841 893 Iger-

64 890 171 920 nem
192 874 338 921 forma
359 875 641 938 praestantem
665 876 853 923 Uterius
877 879 1027 926 adhuc
1044 880 1247 942 privatus
1269 885 1523 948 deperibat.
1608 892 1698 939 Sed
1732 910 1840 944 cum

68 939 228 985 omnia
248 938 369 986 circa
386 956 484 986 eam
509 939 694 1003 obsepta
715 940 943 1004 pudicitia
965 944 1152 992 libidini
1169 947 1207 1008 ej
1217 965 1265 995 us
1288 951 1530 1009 obstarent,
1549 956 1734 1004 tandem
1757 976 1841 1022 per

64 1002 325 1050 Merlinum
364 1003 600 1051 hominm
622 1005 861 1063 audacem,
900 1013 939 1054 &
973 1010 1231 1058 maleficum
1267 1015 1473 1062 mulieris
1507 1019 1840 1072 continentiam

64 1080 316 1131 expugnat.
385 1070 453 1114 Ex
475 1070 560 1115 hac
592 1070 730 1132 stupri
751 1072 1078 1119 consuetudine
1113 1089 1243 1123 natus
1266 1080 1327 1124 est
1358 1079 1422 1126 eis
1458 1081 1577 1129 filius
1599 1085 1839 1136 Araurus.

66 1132 256 1179 Uterius
278 1132 486 1197 legitima
504 1150 643 1180 uxore
678 1146 875 1190 mortua,
906 1136 1024 1183 liber
1058 1154 1083 1183 a
1104 1138 1298 1188 vinculis
1320 1143 1620 1205 nuptialibus,
1657 1150 1708 1201 ’ὃς
1738 1153 1843 1202 Rex

63 1194 211 1244 faetus
254 1201 325 1259 (ut
345 1197 426 1244 fibi
455 1199 773 1261 persuadebat)
807 1201 976 1247 101utus
999 1202 1180 1266 legibus
1203 1220 1309 1252 cum
1345 1209 1530 1271 Igernes
1565 1212 1840 1268 defiderium

66 1259 184 1306 ferre
203 1278 293 1308 non
317 1260 474 1325 poffe‘t,
500 1263 792 1310 temerarium
815 1280 871 1312 ex
894 1282 1048 1314 amore
1069 1267 1308 1317 confilium
1331 1272 1470 1335 capit.
1529 1276 1738 1328 Crimine
1759 1284 1841 1330 ad-

66 1325 215 1371 versus
241 1326 456 1375 Gorloim
480 1330 675 1376 conficto
695 1344 844 1376 arcem
868 1331 965 1392 ejus
986 1332 1200 1380 obsess‘am
1224 1334 1364 1398 capit.
1424 1336 1578 1400 Ipsum
1599 1341 1840 1396 interimit.

64 1389 282 1452 Igernem
307 1407 494 1439 uxorem
517 1394 662 1449 ducit,
687 1398 727 1440 &
751 1396 999 1442 Ar6turum
1018 1397 1165 1445 filium
1187 1401 1392 1464 agnoscit
1414 1419 1426 1448 ε
1462 1415 1599 1467 atque
1621 1409 1750 1457 omni
1771 1411 1843 1459 in-

63 1452 306 1518 dulgentia
338 1456 388 1502 in
422 1458 545 1520 spem
569 1459 699 1523 regni
734 1459 915 1508 educat.
985 1463 1054 1509 Ut
1085 1473 1246 1510 autem>
1271 1465 1420 1513 uxoris
1443 1466 1635 1518 infamia
1655 1477 1845 1536 quando

64 1520 164 1581 tegi
187 1535 278 1565 non
298 1533 495 1583 poterat,
544 1523 702 1572 saltem
723 1524 978 1573 elevaretur
1012 1527 1216 1575 fabulam
1237 1531 1509 1594 confingunt
1530 1551 1623 1584 non
1656 1538 1843 1588 diffimi-

65 1581 159 1628 lem
182 1583 241 1637 ei,
265 1602 367 1647 quae
389 1587 446 1634 de
468 1589 599 1650 Jove,
625 1595 665 1636 &
686 1589 912 1638 Alcmena
932 1592 980 1637 in
1003 1591 1190 1639 theatris
1221 1593 1335 1657 saepe
1359 1596 1542 1645 affilitata
1562 1600 1725 1659 fuerat.
1770 1607 1842 1654 U-

66 1646 236 1694 terium
259 1648 429 1697 scilicet
450 1665 545 1699 arte
580 1652 772 1700 Merlini
792 1655 841 1701 in
876 1655 1038 1702 faciem
1062 1655 1304 1704 Gorloidis
1321 1660 1496 1708 versum
1517 1664 1714 1726 primam
1736 1686 1844 1719 cum

67 1710 232 1772 Igerne
255 1712 453 1762 habuisse
473 1717 865 1766 consuetudinem.
901 1720 961 1765 Et
977 1732 1074 1768 erat
1094 1720 1131 1767 is
1151 1721 1378 1772 Merlinus
1401 1726 1479 1787 qui
1502 1745 1644 1791 pravo
1665 1734 1839 1795 potius,

67 1790 208 1836 quam
227 1777 357 1824 nullo
387 1778 588 1828 facinore
611 1782 750 1830 vellet
770 1783 1021 1839 nobilitari.

134 1840 316 1888 XXIII.
349 1845 568 1892 Arcturus
589 1845 806 1910 igiturex
827 1849 916 1896 hoc
948 1848 1123 1898 furtivo
1157 1855 1390 1916 congressu
1415 1855 1598 1919 genitus
1635 1860 1712 1908 ubi
1746 1865 1846 1926 pri·

66 1917 197 1950 mum
217 1905 242 1950 ὲ
256 1907 407 1966 pueris
429 1910 609 1956 exceffit
627 1928 718 1959 non
735 1911 879 1960 solum
893 1915 1097 1977 corporis
1115 1916 1524 1974 lineamentis‚·sed
1542 1923 1684 1972 animi
1702 1929 1842 1978 etiam

63 1964 224 2013 indole
243 1970 344 2016 talis
363 1974 591 2035 apparuit,
627 1989 677 2022 ut
701 1981 750 2026 ὃς
785 1991 1044 2040 parentum,
1081 1985 1122 2027 δε
1144 1980 1427 2044 reliquorum
1451 1986 1624 2035 civium
1646 1991 1840 2051 animos,

28 2043 31 2045 ·
65 2031 314 2095 oculosque
334 2034 382 2082 in
407 2037 449 2084 se
471 2052 773 2097 converteret,
799 2048 840 2088 δε
862 2043 1024 2090 futurae
1048 2044 1381 2108 magnitudinis
1404 2051 1550 2098 multa
1570 2052 1742 2103 indicia
1763 2076 1844 2106 ex-

66 2093 248 2143 hiberet
268 2116 277 2145 :
303 2115 502 2165 eumque
525 2117 710 2153 mortuo
728 2120 857 2169 patre
876 2124 1035 2154 omnes
1055 2110 1234 2173 Regem
1257 2110 1338 2157 fibi
1356 2113 1644 2165 destinarent.
1683 2124 1743 2170 Et
1762 2141 1846 2187 pa-

66 2169 136 2205 ter
154 2160 242 2207 hoc
275 2166 402 2223 velut
439 2170 654 2231 populari
686 2170 841 2218 omine
863 2173 1010 2228 laetu5‚
1034 2174 1167 2238 vulgi
1189 2176 1492 2238 cupiditatem
1513 2179 1580 2228 ita
1600 2187 1728 2233 omni
1749 2201 1846 2237 arte

64 2222 268 2288 fovebat.
284 2242 332 2276 ut
348 2231 444 2292 jam
463 2233 617 2280 cuncti
633 2233 682 2281 in
694 2248 865 2283 certam
878 2237 1004 2299 spem
1018 2239 1244 2296 venirent,
1266 2241 1307 2287 se
1322 2259 1414 2289 non
1435 2245 1576 2293 alium
1595 2250 1728 2313 regni
1749 2252 1845 2301 hae-

65 2288 223 2336 redem
246 2293 481 2343 habituros
545 2299 712 2346 Uterio
731 2317 836 2348 cum
863 2302 1189 2365 septemdecim
1209 2309 1431 2369 regnass‘et
1443 2313 1695 2361 annosvita
1712 2316 1848 2367 func-

66 2363 118 2398 to
148 2355 293 2405 statim
327 2360 370 2407 ei
392 2360 601 2410 suffectus
637 2363 726 2412 fuit
749 2368 990 2423 Arc'turus‚
1033 2370 1231 2418 multum
1269 2371 1508 2422 obnitente
1531 2377 1686 2425 Lotho
1715 2382 1847 2447 Rege

67 2415 318 2480 Pictorum,
338 2425 419 2489 qui
440 2427 548 2473 suos'
562 2428 732 2476 liberos
757 2431 910 2492 (binos
934 2433 1058 2479 enim
1080 2434 1280 2482 habebat
1300 2452 1356 2482 ex
1375 2438 1512 2486 Anna
1532 2443 1713 2492 Arcturi
1731 2448 1848 2495 ami-

65 2492 115 2528 ta
137 2499 283 2542 natos,
302 2489 398 2549 jam
422 2505 521 2538 tum
538 2493 784 2555 pueritiam
806 2498 1019 2561 egressos)
1044 2498 1243 2561 graviter
1264 2503 1541 2562 querebatur
1557 2522 1702 2571 regno
1724 2510 1847 2561 frau-

67 2545 182 2602 dari,
211 2551 508 2618 spuriumque
534 2573 591 2605 ex
611 2559 837 2607 adulterio
859 2562 1072 2624 genitum
1093 2564 1157 2609 eis
1179 2565 1401 2627 praeferri.
1470 2569 1647 2618 Contra
1675 2575 1847 2624 Britto-

66 2626 146 2658 nes
170 2617 363 2665 univerfi
383 2636 467 2681 pro
489 2622 686 2670 Aramo
708 2624 881 2673 stabant
900 2644 914 2674 ε
947 2643 999 2673 ac
1020 2644 1105 2691 pro
1125 2628 1279 2691 spurio
1300 2630 1565 2680 habendum
1584 2640 1843 2702 negabant:

67 2677 196 2737 quod
221 2681 408 2729 Uterius
433 2699 624 2733 matrem
646 2688 744 2749 ejus
777 2691 856 2737 etfi
880 2707 934 2737 eo
950 2691 1048 2752 jam
1074 2706 1198 2749 nato,
1235 2711 1428 2743 uxorem
1449 2711 1602 2748 tamen
1635 2704 1846 2763 duxifi'et,

64 2739 218 2802 eisque
240 2747 413 2809 nuptiis
433 2751 580 2797 filium
599 2752 800 2816 legitimi
817 2756 921 2801 loco
955 2756 1039 2804 fibi
1059 2759 1294 2820 recepisset
1317 2777 1328 2806 ε
1361 2773 1501 2824 atque
1519 2780 1575 2810 ex
1597 2782 1652 2813 eo
1674 2767 1849 2834 semper

67 2821 175 2851 eum
200 2826 283 2871 pro
305 2813 517 2876 legitimo
535 2816 762 2864 habuerit.
832 2820 921 2867 Sed
945 2838 1210 2888 quanquam
1232 2824 1355 2871 hunc
1370 2825 1488 2889 juris
1510 2831 1716 2879 colorem.
1730 2851 1847 2897 prae-

37 2918 40 2921 ,
64 2872 321 2931 tenderent,
357 2880 455 2938 plus
479 2891 632 2927 tamen
669 2884 866 2930 Aramo
887 2885 1062 2948 profuit
1083 2889 1300 2950 praeclara
1321 2889 1520 2948 indoles,
1549 2898 1599 2944 ὃς
1619 2896 1845 2947 virtutum

65 2931 293 2994 specimen
318 2941 577 3005 saepiuscule
599 2946 859 2995 exhibitum
885 2967 896 2996 :
945 2955 986 2999 δε
1007 2951 1137 2998 velut
1157 2952 1296 3000 tacita
1318 2956 1531 3017 quaedam
1553 2958 1602 3006 in
1633 2963 1844 3011 omnium

63 2999 243 3048 animos
275 3002 483 3067 impressa
503 3010 728 3058 divinatio
750 3013 808 3059 de
834 3014 931 3075 ejus
953 3015 1162 3063 claritate
1188 3017 1359 3065 futura.
1427 3021 1655 3086 Adeoque
1688 3041 1847 3078 omnes

64 3059 114 3106 in
135 3066 231 3126 ejus
253 3082 402 3129 partes
426 3071 573 3120 ierant
592 3075 870 3138 praecipites,
896 3091 946 3125 ut
967 3080 1145 3126 Lothus
1168 3098 1260 3128 non
1274 3082 1431 3129 solum
1451 3084 1535 3131 illa
1543 3087 1658 3147 juris
1677 3089 1845 3153 specie,

66 3128 138 3188 (1)
158 3145 261 3191 quae
280 3146 400 3184 certe
413 3138 512 3197 post
528 3137 576 3184 id
597 3139 772 3202 semper
789 3139 835 3188 in
855 3143 1092 3191 Britannia
1109 3146 1272 3201 valuit,
1293 3147 1370 3193 sed
1393 3148 1567 3205 studiis,
1593 3157 1633 3199 δι
1650 3158 1864 3220 popula-⁷

63 3191 104 3237 ri
127 3197 272 3256 gratia
294 3196 524 3260 superatus
557 3219 585 3248 a
613 3220 758 3267 regno
780 3208 984 3267 petendo
1005 3208 1226 3266 destiterit
1247 3229 1261 3265 3
1310 3211 1463 3274 eoque
1481 3208 1682 3273 facilius,
1717 3224 1848 3284 quod

63 3255 235 3305 liberos
257 3262 426 3322 quibus
450 3282 644 3329 regnum
666 3270 870 3330 petebat,
906 3271 1191 3320 Brittonibus
1213 3272 1397 3321 infensis
1419 3279 1709 3330 committere
1751 3303 1845 3334 non

33 3369 38 3373 ,
65 3321 269 3379 auderet.
297 3329 367 3388 (z.)
383 3329 641 3380 ,Moverant
661 3332 800 3384 etiam
817 3350 974 3396 preces
988 3336 1241 3385 amicorum
1259 3339 1345 3402 qui
1361 3340 1648 3394 affirmabant
1664 3351 1845 3399 nullum

116 3452 180 3504 (Ι)
204 3454 302 3493 This
321 3466 492 3507 pretence
510 3460 556 3497 of
571 3461 644 3498 law
665 3461 766 3512 (that
785 3461 850 3499 the
865 3463 920 3500 fa·
976 3479 1051 3503 was
1081 3466 1174 3516 kept
1204 3481 1242 3505 as
1273 3481 1294 3506 a
1323 3468 1410 3514 firm
1433 3471 1508 3511 law
1537 3472 1579 3513 in
1609 3477 1664 3515 all
1699 3478 1848 3521 Britain

61 3503 147 3545 ther
164 3507 210 3555 by
237 3511 425 3559 marrying
442 3512 507 3549 the
526 3515 678 3552 mother
694 3516 738 3552 of
757 3515 823 3554 the
843 3516 923 3554 bas.
978 3519 1195 3558 thereafcer.

58 3561 156 3607 tard,
176 3559 248 3598 had
267 3562 423 3614 thei-chy
451 3570 558 3605 made
579 3568 663 3607 him
696 3568 921 3620 legitimate)
1031 3573 1100 3627 (2)
1131 3575 1219 3614 MS.
1261 3587 1474 3619 moverunt.

1749 3708 1853 3758 reg-
