2025 3833
159 165 286 249 382
430 149 792 235 RERUM
893 166 1595 240 ScormARussr*

154 267 367 314 terutrius
393 267 521 313 sexus·
542 267 630 312 sine
653 263 819 327 insigni
838 263 1111 327 ignominia,
1134 265 1207 313 vel
1226 266 1355 312 clade
1375 267 1567 316 decessit.
1644 273 1743 329 Rex
1764 287 1921 325 autem

159 332 371 387 Iacobus,
400 343 449 377 ut
468 331 597 376 vivus
620 328 835 375 omnibus
869 329 958 375 fuit
978 328 1238 385 cariffimus,
1276 329 1341 376 ita
1364 330 1458 391 ejus
1493 333 1629 380 amissi
1651 348 1824 386 tantum
1847 359 1918 389 re-

153 396 315 443 mansit
334 394 456 457 apud
488 393 740 455 superstites
771 392 1058 447 defiderium,
1096 405 1187 440 tam
1221 395 1426 455 jucunda
1452 395 1499 442 in
1519 398 1724 445 omnium
1755 404 1921 452 animis·

150 461 277 509 haefit
297 457 569 511 recordatiO,
591 468 813 518 quantum
832 457 1000 504 nullius
1019 457 1147 504 fuiffe
1173 457 1311 521 Regis
1334 471 1413 505 aut
1430 462 1741 517 meminimu3‚
1759 479 1837 512 aut
1849 468 1916 514 le·

149 523 323 588 gimus.
389 520 525 585 Qod
552 521 741 567 eveniffe
772 521 995 568 credibssle
1028 523 1104 576 est,
1147 523 1275 569 fimul
1308 525 1647 586 comparatione
1673 529 1916 587 malorum,

150 605 255 652 quae
278 587 350 634 vel
371 585 467 645 ejus
486 602 675 647 regnum
698 587 1027 647 praecesserunt,
1050 586 1122 632 vel
1145 587 1288 633 statim
1315 586 1518 635 secutura
1536 588 1808 638 videbantur
1827 610 1838 639 :
1864 596 1920 641 fi-

150 653 246 700 mul
264 651 484 696 virtutum
507 650 826 712 expressarum,
853 665 904 697 ac
924 651 1141 698 vitforum
1159 651 1295 698 etiam
1323 653 1630 714 popularium,
1655 673 1757 718 quae
1775 656 1920 704 virtu-

150 729 248 765 tum
271 713 487 761 affinitate
509 714 705 777 quadam
724 715 854 778 vulgi
872 715 1047 761 animos
1072 714 1205 762 facile
1223 715 1474 778 decipiunt.
1546 718 1656 764 Erat
1673 719 1794 767 enim
1817 737 1919 769 cor-

144 796 258 843 ·pore
288 779 439 833 firmo,
463 777 774 839 staturajussa,
797 778 887 824 oris
910 776 1136 842 dignitate
1159 778 1347 834 summa,
1382 780 1574 844 ingenio
1595 783 1783 846 quidem
1807 785 1916 842 acri,

145 844 222 892 sed
242 842 358 890 vitio
393 847 611 906 temporis
633 842 691 890 ab
713 843 857 891 literis
877 842 1070 890 inculto.
1139 845 1299 892 Unum
1325 861 1348 890 e
1371 847 1539 893 vetusta
1558 846 1708 909 gentis
1730 849 1918 897 consue-

143 907 304 956 tudine
323 906 467 954 haufit
488 906 637 961 avide,
671 919 720 954 ut
741 907 930 954 vulnera
949 907 1229 956 scientissime
1251 911 1477 956 trastaret.
1546 911 1689 972 Cujus
1707 913 1772 959 rei
1793 914 1918 976 peri-

143 972 209 1020 tia
231 971 320 1020 toti
339 974 577 1018 Scotorum
615 971 864 1027 nobilitati,
908 983 957 1019 ut
979 971 1240 1020 hominibus
1270 972 1319 1021 in
1358 974 1494 1020 armis
1537 975 1700 1022 assidue
1721 977 1917 1025 viventi·

142 1038 245 1092 buS,
271 1036 418 1083 fuerat
441 1035 595 1098 priscis
619 1035 902 1099 temporibus
925 1036 1198 1084 communis.
1266 1038 1375 1084 Erat
1395 1038 1439 1084 ei
1460 1038 1509 1085 in
1532 1040 1742 1087 adeundo
1764 1041 1914 1089 facili·

139 1112 226 1158 tas,
250 1101 298 1148 in
322 1100 538 1163 responsis
561 1100 741 1155 lenitaS,
782 1101 828 1149 in
845 1100 948 1162 jure
979 1101 1182 1148 dicundo
1205 1102 1411 1165 aequitas,
1448 1102 1495 1149 in
1519 1103 1749 1167 suppliciis
1772 1123 1916 1169 expe·

140 1165 290 1213 tendis
315 1165 583 1220 moderatio,
605 1176 654 1212 ut
673 1166 729 1210 ad
742 1182 794 1211 ea
811 1165 1006 1212 invitum
1026 1164 1131 1230 cogi
1149 1182 1307 1215 omnes
1325 1166 1460 1213 facile
1482 1166 1912 1219 animadverterent.

138 1231 367 1278 Adversus
391 1230 719 1276 malevolorum
744 1230 987 1282 sermones,
1019 1236 1059 1276 Sc
1081 1230 1332 1278 amicorum
1356 1229 1692 1280 admonitiones
1717 1246 1841 1281 tanta
1862 1252 1911 1282 a·

136 1295 252 1343 nimi
274 1294 470 1342 altitudo
491 1310 547 1340 ex
567 1293 756 1357 optimas
778 1294 1066 1341 conscientiae
1086 1295 1436 1358 tranquillitate,
1460 1301 1497 1342 δι
1522 1296 1609 1343 suae
1631 1297 1907 1346 innocentiae

133 1359 304 1407 fiducia
319 1371 467 1413 enata,
493 1372 542 1404 ut
565 1374 654 1405 non
678 1370 855 1405 tanturn
875 1375 965 1406 non
987 1360 1347 1415 excandesceret,
1366 1359 1438 1406 sed
1453 1375 1540 1406 nec
1560 1359 1781 1424 asperiore
1804 1380 1904 1410 ver-

135 1425 198 1472 bo
226 1440 428 1487 „unquam
456 1435 670 1469 uteretur.
740 1423 865 1469 Inter
886 1423 965 1468 has
988 1427 1176 1470 virtutes
1198 1424 1407 1486 quaedam
1435 1425 1729 1486 obrepserunt
1761 1428 1908 1477 nimio

134 1487 455 1553 popularitatis
479 1487 627 1534 studio
646 1485 774 1533 vitia.
843 1488 965 1534 Nam
1003 1488 1113 1534 dum
1132 1487 1301 1534 famam
1325 1486 1525 1535 avaritiae
1548 1501 1747 1551 paternae
1770 1505 1908 1538 cona·

133 1566 259 1602 retur
277 1554 494 1616 effugere,
520 1557 561 1597 δε
581 1551 714 1615 vulgi
737 1551 930 1614 gratiam
953 1552 1354 1599 substrufflonibus
1387 1552 1672 1614 sumptuosis,
1698 1555 1908 1603 convivi-

131 1632 286 1671 orum,
313 1619 363 1666 &
385 1615 743 1677 spectaculorum
766 1627 1005 1677 apparatu,
1031 1621 1070 1662 &
1094 1615 1353 1662 immodicis
1377 1616 1703 1665 donationibus
1724 1635 1907 1683 captare

132 1694 341 1734 conatur,
365 1680 411 1726 in
432 1694 531 1726 eam
553 1678 718 1726 incidit
737 1677 960 1741 inopiam,
985 1696 1088 1741 quae
1112 1680 1142 1726 si
1164 1679 1337 1726 diutius
1356 1679 1550 1736 vixisset,
1571 1681 1811 1730 videbatur
1835 1685 1908 1731 su·

132 1745 366 1810 pet-iorum
384 1757 645 1806 temporum
667 1743 861 1806 gratiam
884 1743 994 1790 odio
1018 1758 1243 1790 novorum
1263 1743 1538 1790 tributorum
1559 1745 1827 1802 extinRura,
1859 1759 1909 1795 ut

135 1826 257 1859 mors
279 1808 323 1857 ei
347 1808 495 1874 magis
520 1808 779 1862 commode,
801 1824 937 1870 quam
955 1808 1201 1854 immature
1222 1807 1428 1854 accidisse
1450 1807 1579 1871 possit
1596 1809 1858 1859 existimari.

821 1873 953 1919 CVI.
1023 1873 1063 1917 R
1100 1874 1138 1919 E
1174 1873 1234 1919 X.
1599 1871 1604 1874 ’
1731 1887 1735 1891 ·

191 1939 370 1989 XLIII.
403 1937 647 1986 EXTIN
664 1938 704 1984 C
720 1938 826 1984 TO
857 1936 1028 1983 Iacobo
1044 1949 1209 1998 quarto
1244 1935 1496 2000 Margarita
1519 1954 1631 1985 uxor
1658 1953 1764 1986 cum
1787 1939 1903 1987 duo-

133 2004 221 2052 bus
243 2002 347 2050 filiis
369 2002 525 2050 relicta
545 2004 622 2057 est,
658 2017 854 2064 quorum
887 2002 1031 2061 major
1053 2000 1292 2048 biennium
1327 2018 1418 2048 non
1441 2003 1717 2065 expleverat.
1784 2005 1904 2051 Eum

125 2079 378 2117 conventus
398 2082 639 2130 procerum
663 2064 848 2113 Sterlini
868 2064 1051 2111 habitus
1068 2064 1193 2112 sexto
1221 2066 1449 2112 Calendas
1464 2067 1655 2114 Martias
1680 2084 1805 2115 more
1822 2085 1906 2132 pa-

128 2132 220 2182 trio
233 2133 412 2197 Regem
433 2131 649 2179 declarat.
684 2129 868 2177 Deinde
887 2129 944 2175 ad
963 2130 1122 2176 statum
1135 2129 1373 2192 publicum
1391 2129 1694 2179 ordinandum
1709 2147 1905 2179 conver·-

133 2197 186 2254 fi,
211 2209 310 2245 tum
343 2198 530 2244 demum
567 2194 825 2259 intelligere
842 2205 1082 2255 coeperunt
1098 2193 1186 2240 suae
1221 2192 1494 2241 calamitatis
1520 2195 1903 2258 magnitudinem.

131 2262 272 2310 Caefis
296 2261 419 2309 enim
441 2259 735 2324 primoribus,
757 2258 806 2305 in
830 2258 996 2321 quibus
1019 2256 1196 2321 aliquid
1217 2257 1515 2312 auctoritatis,
1540 2264 1578 2305 &
1603 2261 1778 2313 consilii
1799 2261 1899 2307 ine-
1975 2288 1978 2290 v

127 2339 215 2382 rat,
240 2326 322 2390 qui
343 2325 620 2389 supererant,
642 2340 745 2387 pars
780 2322 926 2384 major
945 2338 1027 2385 per
1047 2334 1247 2378 aetatem,
1271 2327 1310 2369 δι
1333 2322 1478 2369 animi
1498 2322 1808 2371 infirmitatem
1842 2327 1901 2374 ad

124 2408 195 2439 res
231 2406 419 2456 magnas
454 2402 659 2453 tempore
687 2399 780 2435 tam
815 2386 1358 2434 turbulento-trac‘tandas
1380 2403 1541 2448 parum
1569 2398 1695 2435 erant
1727 2388 1899 2436 idonei.

128 2456 226 2520 Qi
247 2467 402 2504 autem
423 2470 448 2501 e
469 2452 802 2518 potentioribus
823 2451 1063 2506 restabant,
1103 2450 1149 2498 in
1174 2451 1341 2515 quibus
1373 2451 1550 2514 aliquid
1588 2453 1693 2500 effer
1715 2453 1893 2518 ingenii

125 2522 188 2567 ob
210 2511 529 2574 ambitioffiem,
551 2521 602 2568 δε
624 2515 859 2565 avaritiam
881 2531 908 2563 a
938 2514 1106 2579 quietis
1124 2515 1429 2563 abhorrebant
1445 2515 1659 2575 consiliis..
1693 2517 1899 2580 Alexan·

125 2584 209 2631 der
228 2584 432 2630 Humius
454 2582 661 2630 omnium
683 2581 884 2628 limitum
908 2579 1146 2644 praefec'tus
1169 2596 1389 2644 magnum
1411 2596 1597 2635 nomen,
1615 2582 1896 2645 magnasque

123 2663 237 2712 opes
257 2648 389 2712 Rege
410 2646 534 2702 vivo,
575 2649 624 2696 ὃς
646 2647 693 2692 in
716 2644 983 2709 regionibus
1005 2645 1063 2692 ad
1086 2646 1306 2709 Angliam
1330 2645 1662 2707 pertinentibus
1685 2662 1741 2692 eo
1773 2662 1897 2693 mor-

126 2725 208 2760 tuo
229 2728 346 2776 pene
369 2711 561 2775 Regiam
587 2709 826 2759 obtinebat
860 2709 1192 2757 auctoritatem.
1260 2709 1305 2755 Is
1342 2725 1484 2772 prava
1512 2709 1762 2757 ambitione
1783 2727 1889 2758 cum
1951 2757 1955 2761 .

124 2775 365 2825 latrocinia
389 2793 477 2823 non
502 2774 747 2829 inhiberet,
790 2786 841 2820 ut
862 2773 1086 2821 *homines
1119 2773 1335 2827 audaces,
1372 2777 1421 2823 ὅτ
1443 2771 1716 2821 ἷειεὶηοτοῖὃε
1748 2775 1895 2839 magis

130 2841 320 2889 haberet
335 2839 581 2893 obnoxios,
600 2837 723 2885 viam
745 2838 803 2885 ad
822 2837 1014 2898 majores
1035 2853 1144 2900 opes
1163 2835 1421 2900 pernicioso
1442 2837 1650 2891 confilio,
1670 2842 1721 2888 Sc
1741 2839 1899 2886 infeli-

130 2906 174 2952 ci
195 2905 323 2952 exitu
347 2903 599 2951 muniebat.
687 2902 744 2948 Ei
765 2901 1008 2964 imperium
1032 2902 1191 2948 datum
1223 2900 1271 2947 in
1295 2901 1504 2965 regiones
1522 2901 1637 2948 'citra
1658 2903 1893 2960 Fortharn,

123 2970 341 3017 ulteriora
360 2968 624 3016 Alexandro
642 2966 887 3013 Gordonio
909 2965 1158 3020 commissa,
1186 2976 1235 3011 ut
1256 2965 1459 3013 nationes
1481 2963 1580 3012 infe
1599 2965 1822 3014 seditiosas
1845 2966 1896 3015 in

124 3034 278 3082 officio
320 3033 590 3081 contineret.
656 3032 845 3078 Nomen
897 3030 1061 3077 summi
1097 3028 1281 3092 imperii
1318 3046 1458 3092 penes
1508 3030 1736 3095 Reginam
1773 3027 1891 3080 erit.

126 3099 251 3146 Nam
274 3114 332 3146 ex
353 3100 617 3145 testamento
638 3094 798 3160 Regis,
839 3095 966 3158 quod
985 3093 1268 3157 profec'turus
1306 3093 1366 3142 ad
1399 3093 1569 3141 bellum
1593 3093 1777 3150 fecerat,
1808 3096 1890 3143 de-

124 3174 299 3210 cretum
322 3175 432 3218 erat,
459 3175 508 3209 ut
528 3177 598 3215 ea,
621 3160 842 3223 quamdiu
863 3159 1034 3206 coelebs
1057 3169 1275 3211 maneret,
1295 3157 1480 3205 summae
1500 3174 1650 3205 rerum
1671 3159 1889 3221 praeeffet.

124 3227 180 3274 Id
199 3227 280 3273 etsi
301 3240 466 3290 praeter
488 3241 661 3273 morem
683 3223 899 3288 patrium,
923 3226 973 3272 &
996 3222 1198 3285 primum
1219 3221 1406 3286 imperii
1439 3222 1676 3270 muliebris
1696 3230 1886 3286 exemp-

121 3290 219 3353 lum
240 3291 362 3354 apud
379 3291 538 3338 Scotos
561 3288 664 3343 fuit,
687 3300 838 3336 tamen
853 3285 1012 3351 inopia
1026 3286 1228 3334 virorum
1249 3286 1376 3342 fecit,
1393 3298 1444 3334 ut
1461 3285 1697 3335 tolerabile
1715 3287 1886 3351 plaeris-

125 3368 234 3416 que,
258 3370 310 3401 ac
330 3355 526 3401 maxime
546 3352 670 3417 pacis
691 3353 876 3416 cupidis*
893 3351 1139 3411 videretur.
1768 3391 1769 3394 ,

186 3418 362 3465 XLIV.
393 3419 439 3465 Is
460 3416 743 3481 magistratus
765 3415 809 3464 ei
829 3416 1070 3478 diuturnus
1089 3429 1183 3463 non
1203 3413 1306 3462 fuit.
1363 3414 1510 3476 (Nam
1531 3425 1636 3462 ante
1651 3413 1772 3462 veris
1790 3411 1888 3461 exi·

123 3489 225 3528 tum
261 3484 331 3543 (ι)
370 3481 620 3529 Arcibaldo
652 3480 889 3546 Duglaffio
927 3478 1106 3528 Comiti
1137 3478 1355 3544 Angufiae
1389 3477 1664 3527 adolescenti
1697 3491 1882 3543 genere,

133 3584 136 3589 .
178 3606 244 3660 (ι)
272 3608 347 3648 Son
375 3614 415 3648 to
433 3608 579 3657 George
609 3611 815 3652 masterssof
828 3612 977 3660 Angus‚
1032 3608 1125 3652 nain
1138 3615 1179 3651 at
1195 3609 1224 3649 1²
1226 3608 1392 3655 Ιοκνάοπ,
1407 3605 1622 3659 grandchild
1636 3603 1887 3652 toAzchbald
