2055 3828
229 162 362 210 220
537 148 894 214 RERUM
989 140 1674 216 SCoTICARUM

229 242 373 308 nigne
388 260 614 311 accaeptus
637 246 756 308 agris
780 246 836 293 ad
861 245 1074 293 Glottam
1105 245 1293 293 fluvium
1315 236 1387 292 *est
1421 247 1630 312 donatus.
1697 247 1807 311 Ejus
1830 245 1992 312 posteri

231 307 326 357 non
348 311 494 358 multo
526 315 620 372 post
645 310 715 369 (1)
741 309 789 357 in
813 325 1052 373 procerum
1086 310 1399 374 dignationem
1431 324 1733 374 pervenerunt
1756 330 1768 359 :
1801 314 1994 375 opulen-

233 370 484 436 tissimaque
505 378 561 420 ab
583 389 638 420 eo
657 373 1050 421 Hamiltoniorum
1071 374 1245 421 familia
1264 375 1324 421 est
1344 376 1683 439 cognominata.
1766 375 1836 438 (2)
1863 378 1993 441 Agro

233 454 421 500 quoque
442 455 577 501 quem
598 436 623 483 ὲ
646 438 775 500 Rege
792 438 983 499 acca·pit
1007 438 1269 487 Hamiltoni
1291 455 1457 486 nomen
1479 440 1756 503 impositum.
1821 439 1923 486 Nec
1946 455 1995 486 a·

234 504 323 550 deo
346 503 491 547 multo
514 502 610 564 post
629 503 809 565 Anglus
833 502 1023 549 turbatis
1052 502 1179 549 domi
1201 502 1332 549 rebus
1355 519 1459 550 cum
1485 503 1508 550 ὲ
1526 503 1802 567 primoribus
1826 503 1995 551 multos

235 565 444 612 affecislet
466 563 705 638 supplici0‚
731 567 1058 631 spenser-osque
1076 580 1317 630 pravorum
1333 566 1620 615 consiliorum
1639 571 1841 625 auctores
1860 567 1996 614 altius

233 628 372 691 quam
397 628 646 693 propinqui
664 629 758 691 ejus
778 630 893 678 serre
908 633 1080 692 possent
1099 631 1340 686 extulisset,
1360 629 1453 694 ipse
1472 629 1498 676 a
1520 630 1632 688 filio,
1651 643 1789 695 atque
1807 632 1864 679 ab
1879 645 1994 678 uxo-

233 709 280 738 re
303 691 497 739 modicis
519 693 663 757 copiis
697 694 1000 743 transmarinis
1024 696 1138 745 freta
1170 694 1520 759 comprehensus
1546 696 1623 750 est,
1659 699 1708 743 δε
1741 695 1789 742 in
1812 695 1993 742 arEtiffi-

231 772 354 802 mam
377 756 623 806 custodiam
647 760 877 820 conjectus
900 759 1025 806 foedo
1063 759 1221 808 mortis
1243 777 1409 823 genere
1430 759 1730 823 interemptus
1751 759 1828 814 est,
1854 759 1996 806 trans-

231 820 361 867 misso
382 820 590 871 inanum
620 839 700 886 per
720 823 908 871 fistulam
931 835 1143 873 corneam
1163 824 1282 871 ferro
1300 823 1468 880 calido,
1505 822 1814 887 intestinisque
1834 822 1898 870 ita
1915 823 1997 871 ad-

233 884 356 939 ustis,
399 899 448 932 ut
483 885 611 934 nullo
644 888 843 935 exterius
881 887 1055 937 indicio
1090 887 1268 936 facinus
1308 887 1676 935 immaniffimum
1707 888 1992 952 proderetur.

230 947 401 1012 Neque
435 948 572 1006 filius,
613 952 653 998 δὲ
691 967 802 999 uxor
824 952 881 1000 ab
904 969 957 999 co
981 952 1169 1000 consilio
1198 950 1338 1000 alieni
1369 951 1704 999 credebantur:
1763 953 1837 1000 vel
1865 952 1995 1015 quod

230 1012 434 1062 custodes
456 1027 627 1063 tantam
648 1033 740 1063 rem
765 1030 856 1064 tam
887 1017 1041 1080 aperte
1065 1019 1155 1065 fine
1176 1030 1346 1080 magno
1375 1018 1557 1064 aufiiore
1590 1016 1680 1064 ausi
1703 1031 1794 1064 non
1817 1015 1997 1063 fuissent

229 1089 450 1125 attentare
471 1096 482 1126 ε
519 1081 592 1128 vel
615 1082 743 1144 quod
765 1081 890 1130 nulla
912 1080 1099 1145 qua‘stio
1121 1082 1177 1129 de
1196 1094 1288 1130 tam
1312 1080 1487 1128 nefario
1508 1080 1671 1128 scelere
1688 1081 1748 1128 est
1768 1081 1965 1128 decreta.

296 1146 351 1189 L.
385 1144 475 1191 Res
495 1144 539 1199 in
565 1145 739 1209 Anglia
761 1147 971 1202 turbatae,
997 1151 1033 1194 ἃ
1060 1143 1202 1210 Regis
1227 1145 1458 1193 subsecuta
1478 1159 1617 1199 mors,
1643 1149 1683 1192 δι
1706 1144 1874 1192 Bruffio
1892 1160 1994 1191 ver·

227 1220 366 1269 gente
389 1207 435 1255 in
455 1208 624 1260 senium
648 1210 850 1272 corporis
871 1210 1109 1258 infirmitas
1132 1210 1307 1274 aliquot
1343 1225 1484 1257 annos
1506 1208 1622 1257 inter
1640 1208 1836 1257 finitima
1853 1224 1996 1273 regna

227 1286 389 1334 pacem
407 1272 627 1335 praestitit.
696 1272 886 1323 Bruss'ius
909 1275 1031 1323 enim
1054 1281 1094 1322 δε
1118 1288 1242 1323 metu
1265 1275 1323 1321 ab
1346 1274 1501 1337 Anglo
1523 1274 1757 1329 liberatus,
1782 1279 1823 1321 δι
1846 1273 1990 1320 aetatis

227 1335 414 1383 decursu
439 1338 714 1386 admonente
740 1339 795 1386 ad
819 1339 1182 1387 res-domesticas
1216 1338 1499 1386 stabiliendas
1520 1338 1758 1386 conversus
1792 1337 1994 1400 primum

228 1397 440 1448 omnium
480 1419 671 1466 regnum
702 1404 906 1462 nondum
948 1403 1048 1450 satis
1085 1419 1142 1452 ex
1179 1402 1461 1466 superiorum
1496 1415 1754 1467 temporum
1789 1401 1992 1450 motibus

229 1466 527 1529 tranquillum
559 1467 655 1516 silio
690 1469 844 1523 unico,
860 1475 899 1532 ξι
919 1469 1066 1515 adhuc
1085 1483 1226 1529 puero
1243 1468 1509 1514 confirmare
1531 1483 1612 1530 per
1628 1478 1903 1514 conventum
1918 1481 1993 1514 or-

227 1527 389 1576 dinum
422 1530 611 1577 festinat.
681 1533 723 1579 Is
756 1549 863 1579 vero
887 1533 916 1579 si
951 1533 1040 1579 sine
1072 1532 1228 1579 liberis
1268 1544 1516 1578 moreretur
1558 1532 1813 1580 Robertum
1837 1533 1992 1578 Stuar-

228 1605 328 1638 tum
355 1608 567 1657 nepotem
590 1611 647 1641 ex
671 1595 761 1642 filia
785 1596 1069 1644 successorem
1093 1594 1282 1643 destinat
1307 1614 1317 1641 :
1353 1601 1392 1642 δε
1415 1595 1462 1641 in
1482 1595 1620 1641 verba
1637 1596 1806 1642 decreti
1830 1611 1991 1658 proce·

228 1672 297 1704 res
313 1658 610 1720 jurejurando
631 1661 803 1724 adegit.
870 1660 1053 1708 Deinde
1075 1660 1243 1707 veritus
1275 1674 1332 1706 ne
1360 1671 1488 1705 vetus
1519 1659 1576 1704 de
1597 1673 1740 1722 regno
1763 1670 1991 1707 certamen

213 1737 330 1779 ⁴cum
355 1724 550 1770 Balliolo
572 1722 613 1770 se
650 1739 831 1774 mortuo
853 1737 1164 1779 renovaretur,
1186 1721 1438 1798 praesertim
1463 1722 1719 1770 haeredibus
1741 1723 1828 1770 suis
1850 1740 1988 1787 prop-
2037 1769 2045 1778 ,

227 1798 295 1832 ter
315 1785 606 1834 immaturam
632 1802 808 1836 :etatem
832 1785 1040 1837 omnium
1063 1783 1244 1849 injuriae'
1261 1786 1532 1852 opportunis
1568 1786 1686 1834 misit
1712 1788 1760 1834 in
1783 1787 1989 1835 Galliam

225 1848 445 1899 Iacobum
473 1853 753 1925 Duglaslium
774 1854 831 1906 ad
854 1855 1072 1901 Ioannem
1096 1852 1340 1901 Balliolum
1362 1868 1466 1900 cum
1489 1847 1766 1915 amplissimis
1790 1854 1991 1900 muneri-

226 1912 329 1970 bus,
365 1921 405 1963 &
427 1916 648 1989 promislis
671 1931 721 1966 ut
742 1935 886 1982 regno
915 1920 1095 1977 cederet
1129 1937 1138 1965 :
1186 1915 1230 1964 id
1253 1931 1403 1964 autem
1427 1932 1517 1964 non
1542 1929 1634 1963 tam
1654 1915 1759 1963 novi
1777 1916 1890 1978 juris
1913 1930 1991 1964 ac·

224 1979 440 2042 quirendi
461 1981 591 2029 causa
630 1983 823 2056 (quippe
846 1983 928 2046 qui
949 2000 1003 2030 ex
1029 2000 1152 2032 more
1176 1984 1411 2030 Scotorum
1437 1982 1538 2028 Rex
1555 1981 1737 2027 decreto
1754 1980 1988 2037 ordinum,
2036 2002 2038 2006 ’

223 2057 363 2107 penes
385 2061 501 2108 quos
523 2048 584 2094 est
624 2064 832 2095 omnium
861 2064 1009 2095 rerum
1041 2047 1214 2094 summa
1238 2047 1447 2107 potestas,
1485 2046 1626 2092 sacius
1666 2044 1796 2106 esset)
1828 2045 1902 2092 scd
1939 2059 1991 2093 ut
2040 2067 2045 2106 j

223 2125 472 2172 pravorum
494 2110 732 2159 hominum
756 2111 997 2159 calumniis
1019 2112 1216 2175 posteros
1236 2110 1465 2165 liberaret,
1500 2115 1540 2156 &-
1576 2108 1844 2157 seditionum
1867 2109 1989 2158 radi·
2041 2113 2048 2161 ζ’

223 2189 298 2219 ces
321 2174 606 2237 praecidcret.
631 2172 706 2224 Du
745 2174 889 2223 laffius
903 2175 1144 2224 Balliolum
1161 2174 1256 2236 jam
1279 2188 1492 2222 extrema:
1514 2173 1752 2222 sene&utis
1775 2173 1990 2222 molestiis
2039 2179 2047 2233 ’,

223 2238 442 2286 obsess'um
467 2240 606 2304 longe
629 2242 677 2289 δε
718 2257 789 2294 ua,
814 2244 862 2290 ὃς
885 2241 1077 2290 aliorum
1099 2257 1128 2286 o
1164 2239 1318 2287 inione
1336 2238 1678 2303 placabiliorem
1698 2237 1890 2286 invenit.
1912 2239 1989 2287 In-

223 2303 375 2366 genue
396 2303 522 2352 enim
539 2303 758 2353 confessus
780 2305 841 2351 est
863 2305 945 2353 sua<
959 2306 1095 2370 culpa
1116 2257 1160 2351 (ξ
1175 2303 1222 2352 in
1240 2303 1448 2351 ordinem
1472 2304 1722 2359 redactum,
1739 2319 1791 2350 ac
1806 2302 1987 2358 merito.

222 2367 350 2414 velut
367 2385 510 2433 regno
532 2368 743 2417 inutilem
764 2370 990 2418 exailum.
1061 2371 1222 2432 Itaque
1244 2367 1285 2415 se
1309 2384 1400 2415 non
1420 2366 1558 2416 modi)
1576 2366 1710 2414 facile
1725 2367 1821 2431 pati
1837 2366 1989 2432 impe·
2035 2404 2038 2406 v

222 2430 342 2477 rium
367 2449 504 2495 penes
526 2433 781 2482 Robertum
820 2434 948 2481 suum
982 2433 1296 2499 propinquum
1330 2433 1433 2488 esse,
1456 2432 1584 2493 cujus
1604 2431 1775 2479 virtute
1794 2430 1986 2487 summa,

217 2493 439 2559 singulari
459 2497 746 2554 felicitate,&
771 2497 980 2546 maximis
1002 2498 1234 2546 laboribus
1254 2496 1302 2544 in
1322 2496 1554 2560 pristinum
1578 2494 1863 2559 splendorem
1884 2497 1991 2544 esset

222 2557 522 2609 vindicatum.
589 2563 714 2610 Illud
736 2563 872 2611 etiam
893 2562 935 2610 se
955 2563 1171 2627 gaudere,
1188 2561 1315 2625 quod
1333 2578 1414 2624 per
1435 2576 1550 2623 quos
1568 2559 1661 2624 ipse
1679 2559 1897 2625 deceptus
1916 2560 1988 2610 fu·

222 2635 335 2677 erat,
353 2625 556 2687 perfidiae
578 2626 666 2673 suae
688 2627 876 2690 praemio
899 2643 989 2675 non
1012 2627 1284 2676 fruerentur.
1446 2624 1449 2628 ’
1857 2663 1860 2665 -
1953 2675 1959 2682 ,

288 2688 369 2735 Ll.
401 2689 520 2737 Haec
542 2706 649 2737 cum
672 2691 900 2739 Robertus
933 2708 989 2739 ex
1012 2690 1230 2739 sententia
1252 2687 1519 2754 perfecisset,
1548 2688 1710 2751 eodem
1741 2705 1880 2745 anno,
1902 2688 1986 2753 qui

224 2750 314 2799 fuit
335 2753 598 2801 millesimus
624 2756 959 2802 trecentesimus
983 2756 1227 2820 vigesimus
1245 2754 1459 2817 septimus
1493 2753 1630 2799 nostri
1657 2753 1842 2801 tradunt
1862 2755 1988 2817 lega-

225 2828 294 2862 tos
317 2817 374 2863 ab
396 2818 610 2866 Eduardo
628 2818 762 2865 tertio
783 2820 838 2866 ad
860 2819 1187 2882 pacificandum
1208 2817 1253 2865 in
1277 2816 1475 2864 Scotiam
1499 2817 1665 2871 missos,
1685 2819 1811 2881 quod
1833 2818 1988 2865 insidi-

222 2881 296 2927 ose
318 2879 396 2929 vifi
415 2884 551 2930 essent
567 2898 701 2948 agere
718 2898 799 2946 pro
815 2898 925 2946 pace
940 2884 1110 2930 bellum
1130 2883 1320 2930 domum
1335 2881 1544 2934 retulisse,
1565 2897 1723 2927 verum
1745 2899 1847 2945 quae
1866 2881 1988 2930 fraus

221 2943 525 2994 intentaretur
544 2964 635 2994 non
657 2945 903 3010 explicant.
943 2948 1003 2998 Et
1027 2947 1170 3011 Angli
1193 2946 1366 2994 bellum
1385 2943 1539 3009 aperte
1563 2942 1591 2991 ὲ
1610 2945 1989 2994 Robertoindic-

222 3021 321 3056 tum
346 3012 571 3075 affirmant
596 3031 607 3060 :
643 3011 716 3057 sed
736 3027 818 3058 nec
843 3012 979 3058 ullam
1004 3012 1070 3058 illi
1091 3011 1264 3058 causam
1290 3009 1544 3057 ascribunt:
1568 3025 1669 3074 eam
1688 3022 1838 3059 tamen
1859 3025 1989 3076 mag·

224 3089 329 3120 nam
365 3074 510 3132 fuisse,
544 3092 597 3124 ac
622 3075 784 3138 justam
807 3075 1027 3123 credibile
1045 3077 1120 3129 est,
1144 3092 1249 3138 quae
1270 3075 1418 3132 senem
1441 3071 1839 3130 valetudinarium,
1862 3087 1987 3123 tran·

225 3137 455 3200 quillitate
477 3142 603 3188 domi
625 3140 814 3187 vixdum
837 3140 1096 3195 constituta,
1120 3146 1159 3187 δι
1182 3137 1322 3202 quem
1363 3154 1456 3186 non
1478 3135 1722 3193 belorum,
1747 3137 1823 3186 sed
1841 3138 1991 3187 νίἃο.

225 3203 391 3250 riarum
415 3204 591 3253 satietas
613 3220 774 3268 capere
795 3204 1004 3266 potuisset
1025 3204 1084 3251 ad
1106 3221 1231 3251 arma
1252 3218 1343 3250 tam
1365 3199 1534 3264 cupide
1555 3199 1821 3255 resumenda
1837 3198 1990 3250 excie-

223 3265 300 3312 rit.
368 3269 506 3316 Certe
538 3269 653 3317 illud
677 3267 779 3316 satis
800 3270 986 3324 constat,
1011 3269 1185 3342 Regem
1211 3281 1342 3315 aetate
1361 3264 1617 3314 invalidum
1640 3265 1764 3313 bello
1812 3300 1814 3304 ,
1863 3266 1991 3328 ’ξιιὰο

225 3345 316 3376 non
339 3331 601 3381 interfuisse.
669 3330 787 3379 Miffi
808 3333 871 3379 alr
883 3348 938 3380 eo
955 3332 1059 3379 sunt
1084 3350 1130 3382 m
1170 3328 1388 3396 Angliam
1410 3329 1618 3377 Thomas
1645 3329 1829 3379 Rando'
1851 3346 1920 3387 us,

174 3451 178 3456 .
223 3393 419 3448 Iacobus
440 3397 698 3462 Duglassius
716 3395 924 3444 omnium
942 3397 1064 3445 illius
1087 3397 1231 3445 aetatis
1252 3398 1426 3444 ducum
1443 3395 1493 3446 δι
1510 3392 1801 3452 fortitudine,
1816 3396 1859 3447 ac
1870 3409 1911 3460 R
1977 3461 1981 3467 ⁴

1888 3506 1891 3513 ι
1913 3481 1960 3528 οῖ’

278 3522 342 3575 (ι)
372 3525 484 3563 Made
502 3526 622 3563 lords:
787 3524 793 3532 ’
1129 3539 1215 3568 now
1234 3524 1447 3566 Hamilton.
1587 3571 1591 3575 .
1727 3563 1730 3568 ,
1827 3539 1862 3564 ‘v

279 3582 342 3630 (a)
368 3579 497 3617 Called
516 3580 676 3628 cadyow
694 3593 735 3618 or
755 3580 921 3632 Kedyow
939 3579 1077 3627 before,
1711 3583 1715 3588 ”

1835 3655 1864 3705 d
1944 3650 1959 3664 Ο
