2126 3833
264 210 490 299 ¹45..
582 210 943 275 RERUM
1034 194 1717 262 Sco-r1cARUM

264 328 323 366 na
343 308 490 358 subito
511 305 557 353 in
582 313 832 352 extremum
856 293 1132 342 miseriarum
1153 293 1349 353 caderet.
1418 291 1566 355 Igitur
1586 305 1689 336 cum
1714 289 1908 334 Sconam
1931 283 2016 332 iret

268 374 370 422 satis
393 386 560 436 magno
577 365 812 414 comitatu,
836 359 908 406 sed
932 358 1127 413 imbelli,
1150 373 1201 405 ac
1218 358 1312 419 jam
1337 358 1392 404 ad
1413 355 1720 403 Methuanum
1737 351 1889 396 vicum
1911 365 2017 411 pro-

269 439 493 502 pinquum
518 427 796 495 pervenisset,
821 441 846 470 a
882 425 950 486 (1)
987 423 1155 470 Thano
1175 421 1370 485 regionis
1390 421 1450 467 ob
1472 421 1670 481 stuprum
1694 430 1773 478 per
1794 413 1886 459 vim
1917 413 2021 457 filiae

269 504 447 549 illatum
477 500 536 544 est
564 492 749 540 occisus.
817 490 945 535 Mors
977 487 1071 548 ejus
1102 485 1256 533 audita
1288 485 1353 530 uti
1387 483 1598 530 omnibus
1621 480 1710 526 fuit
1728 487 1873 542 grata,
1897 474 2021 537 quod

271 567 445 614 minore
467 574 601 623 quam
620 556 904 618 speraverant
940 551 1094 599 labore
1129 549 1208 598 tali
1235 548 1429 595 monstro
1447 543 1627 592 liberati
1660 545 1812 594 essent,
1833 540 1899 587 ita
1929 539 2021 584 Ro-

272 628 419 679 ·hzrdi,
460 626 544 671 sxve
575 617 775 668 Radardi
800 615 957 669 Thani
999 613 1172 661 facinus
1211 613 1502 660 vehementer
1531 607 1742 654 omnibus
1780 600 2024 666 displicuit.

275 688 519 752 Pegnavin
550 681 939 748 quemadmodum
962 685 1001 726 &
1034 678 1231 741 superior
1266 679 1382 731 Rex,
1408 673 1536 721 annis
1566 683 1775 735 quatuor,
1801 665 2025 715 mensibus

274 756 360 802 sex,

940 809 1021 856 LX
1033 808 1135 855 XX.
1182 806 1223 854 R
1246 807 1282 853 E
1304 806 1361 852 Χ.

342 881 543 929 XXVII.
577 876 902 926 CULENO
935 873 1140 918 suffectus
1175 870 1262 916 fuit
1295 867 1563 915 Kennethus
1597 863 1718 910 Duffi
1749 859 1900 912 frater,
1936 858 2031 918 ejus

277 946 472 995 nominis
497 942 669 991 tertiuS.
739 942 781 986 Is
812 952 860 985 ut
882 934 1085 1000 ingenio,
1108 934 1329 986 moribus,
1356 935 1402 980 δε
1427 930 1565 976 totius
1588 929 1692 974 vite:
1717 923 1917 970 instituto
1941 923 2033 968 Re-

279 1013 327 1076 gi
351 1008 564 1074 superiori
599 1005 687 1053 fuit
717 1002 952 1054 diffimilis,
975 999 1040 1045 ita
1072 998 1168 1063 pari
1192 997 1337 1044 fludio
1359 994 1403 1040 in
1440 990 1718 1063 corrigendis
1741 984 2036 1034 adolescenti-

283 1094 358 1124 um
391 1074 609 1124 moribus,
641 1082 777 1131 atque
800 1067 877 1114 ille
907 1065 955 1111 in
977 1058 1320 1126 corrumpendis
1351 1059 1631 1104 elaboravit:
1664 1054 1811 1114 coque
1840 1048 2036 1095 difficili-

284 1159 333 1187 us
365 1140 413 1187 id
436 1138 478 1185 ei
500 1149 728 1183 certamen
758 1131 862 1186 fuit,
886 1142 1057 1194 quanto
1086 1128 1254 1188 majore
1275 1122 1415 1171 :minzi
1438 1117 1733 1184 propensione
1756 1112 1961 1174 homines
1990 1112 2038 1158 in

282 1206 396 1252 vitia
419 1200 669 1265 praecipites
691 1210 846 1250 ruunt,
871 1209 1008 1258 quam
1028 1193 1082 1239 ad
1103 1192 1314 1238 virtutem
1336 1204 1415 1251 per
1437 1185 1647 1236 arduum,
1663 1184 1711 1232 δι
1730 1179 1855 1225 velut
1877 1175 2039 1223 diffiei-

284 1271 377 1317 lem
399 1267 569 1314 clivum
591 1263 839 1310 enituntur.
907 1261 1022 1321 Qae
1060 1274 1127 1303 res
1151 1252 1425 1318 potissirnum
1459 1249 1505 1296 in
1536 1245 1664 1294 causa
1697 1242 1822 1290 suiss‘e
1844 1240 2041 1293 videtur,

289 1349 339 1381 ut
369 1329 596 1381 nonnulli,
621 1326 700 1389 qui
734 1322 963 1387 sapientia:
987 1321 1130 1368 studio
1160 1318 1243 1365 lese
1266 1315 1554 1367 dediderunt,
1581 1304 1931 1358 existimaverint
1960 1303 2044 1349 ho-

288 1398 432 1447 mines
456 1395 512 1442 ad
534 1389 787 1454 vcluptates
811 1386 1021 1434 fruendas
1044 1396 1250 1444 anatura
1272 1381 1409 1427 faites
1432 1378 1532 1431 effe,
1553 1376 1611 1422 ad
1632 1372 1845 1419 virtutem
1867 1367 2044 1430 violen-

291 1477 359 1510 ter
380 1461 538 1506 contra
563 1455 688 1502 suum
713 1452 950 1516 ingeninm
974 1449 1104 1495 trahi.
1172 1444 1298 1493 Falso
1332 1442 1519 1506 quidem
1559 1451 1783 1499 utrunque
1809 1451 1819 1478 ε
1853 1432 1924 1478 sed
1946 1431 2044 1491 ejus

291 1525 452 1575 erroris
489 1522 596 1568 inde
626 1519 800 1566 i'ortafie
834 1515 922 1562 fuit
943 1515 1144 1567 initium,
1164 1509 1290 1583 quod
1312 1523 1416 1554 cum
1440 1505 1486 1552 in
1509 1502 1695 1551 homine
1719 1498 1890 1560 duplex
1912 1509 2045 1541 natu·

293 1608 354 1638 1ae
379 1590 429 1635 sit
450 1586 537 1640 vis,
560 1586 700 1630 altera
721 1579 943 1644 corporis,
964 1580 1102 1624 altera
1123 1561 1262 1621 axirmi
1283 1589 1294 1617 :
1329 1567 1528 1632 corporis
1548 1566 1735 1629 quidem
1760 1562 1893 1624 vigor
1925 1557 2050 1622 prins

294 1650 561 1704 adolescere,
586 1644 726 1694 animi
748 1660 856 1691 vero
897 1642 1064 1688 tardius
1086 1639 1310 1685 videatur.
1381 1636 1450 1681 Ac
1471 1632 1596 1677 velut
1627 1628 1778 1690 stirpes
1800 1623 1922 1686 prius
1945 1637 2051 1667 cau·

296 1720 381 1772 les,
419 1713 545 1768 solia,
571 1708 788 1773 floresque
822 1706 997 1770 aspeitu
1017 1702 1244 1765 jucundos
1268 1696 1548 1749 diffundunt,
1614 1708 1717 1739 uam
1751 1689 1897 1735 semen
1933 1685 2081 1741 intra·

297 1781 501 1847 vaginas,
525 1781 570 1826 δε
591 1773 917 1837 conceptacula
938 1768 1123 1816 formari
1141 1764 1328 1828 incipiat
1349 1781 1359 1809 ε
1410 1710 1733 1807 maturescente
1754 1768 1862 1800 vero
1886 1749 2054 1797 semine

298 1848 397 1894 haec
415 1841 569 1890 omnia
589 1837 896 1901 languescant,
917 1851 965 1881 ac
984 1834 1167 1880 demum
1192 1827 1464 1876 marcescant
1487 1841 1498 1870 ε
1529 1823 1592 1870 ita
1617 1834 1805 1881 corpora
1825 1815 1967 1862 nostra
1988 1813 2056 1859 ci-

301 1923 350 1958 to
370 1905 628 1955 adolescunt
650 1902 854 1966 quidem,
880 1911 1123 1959 antequam
1141 1894 1282 1941 virtus
1306 1889 1445 1938 animi
1467 1887 1612 1933 adhuc
1634 1881 1801 1930 insumi
1825 1879 1918 1925 suas
1939 1877 2055 1924 vires

301 1973 432 2039 possit
452 1984 667 2018 exerere:
704 1983 755 2012 ac
785 1961 1109 2011 senescentibus
1143 1955 1359 2023 paulatim
1393 1948 1778 1999 membris'robur
1809 1942 1988 1994 mentis,
2016 1945 2056 1987 δι

305 2036 479 2087 consilii
502 2033 664 2096 magis»,
689 2046 739 2077 ac
762 2028 907 2092 magis
930 2027 969 2074 se
991 2024 1179 2089 profert.
1247 2021 1406 2081 Itaque
1431 2032 1523 2063 non
1544 2013 1664 2060 secus
1687 2025 1740 2056 ac
1762 2010 1808 2054 in
1834 2006 2058 2070 segetibus

304 2099 640 2150 herbescentem
661 2093 930 2142 luxuriosius
953 2090 1129 2137 messem
1160 2081 1487 2148 compescimus
1508 2079 1580 2124 vel
1615 2072 1856 2139 pascendO,
1886 2071 1957 2116 vel
1980 2069 2059 2115 de-

307 2165 515 2218 secando,
534 2161 597 2209 ita
626 2160 672 2207 in
698 2156 1056 2217 adelescentibus
1078 2151 1280 2199 indolem
1309 2146 1351 2194 se
1374 2142 1683 2193 vehementius
1703 2139 1920 2184 ostentare
1942 2132 2061 2180 festi-

307 2244 494 2278 nantem
512 2242 636 2280 cum,
652 2230 697 2274 ἃ
719 2224 846 2269 cultu
869 2218 1171 2267 cohibendam
1192 2217 1317 2282 leges
1339 2207 1537 2262 censent,
1551 2206 1695 2252 donec
1714 2199 1969 2249 adolescens
1991 2213 2062 2243 ra·

308 2291 377 2342 tio
399 2310 479 2356 per
500 2293 540 2339 se
561 2288 762 2354 corporis
790 2287 885 2348 jam
906 2280 1075 2331 infirmi
1096 2282 1293 2345 impetus
1323 2273 1611 2337 comprimat.
1681 2267 1768 2315 Sed
1798 2264 1856 2312 ad
1878 2263 2062 2310 Kenne·

310 2359 442 2407 thum
462 2355 715 2405 redeamus.
1710 2333 1711 2337 ’

378 2422 604 2470 xxvln.
639 2421 682 2466 ls
705 2432 807 2466 cum
830 2410 1080 2479 persuasum
1103 2409 1290 2458 haberet
1310 2405 1473 2469 vulgus
1497 2401 1590 2448 fere
1617 2397 1670 2445 ad
1695 2392 1957 2456 Princspum
1983 2407 2066 2436 nu-

313 2500 385 2536 tus
407 2483 674 2548 circumagi,
698 2487 745 2533 &
785 2478 927 2527 studia
947 2493 1105 2525 ccrurn
1140 2473 1382 2537 diligenter
1403 2463 1620 2518 aemulari,
1645 2461 1844 2526 primum
1883 2453 2072 2502 familiae

315 2553 403 2600 suae
436 2549 719 2612 disciplinam
758 2544 951 2593 formare
985 2539 1174 2590 instituit
1202 2557 1211 2585 :
1249 2550 1296 2583 ut
1319 2550 1421 2598 qua:
1442 2528 1591 2578 verbis
1617 2524 1898 2590 praeciperct,
1935 2520 2069 2566 rebus

313 2614 589 2680 exprimeret
613 2631 624 2659 z
649 2624 784 2673 atque
808 2621 856 2655 ut
876 2607 999 2653 suam
1017 2605 1158 2652 vitam
1181 2599 1494 2651 familiaribus,
1515 2594 1577 2640 ita
1594 2589 1790 2654 ipsorum
1814 2599 1959 2632 mores
1982 2599 2071 2629 cae·

315 2680 424 2728 'teris
441 2678 652 2738 exemplo
671 2675 756 2721 esse
777 2671 942 2720 voluit.
1014 2670 1137 2717 Aula
1153 2664 1415 2717 libidinum,
1437 2666 1476 2707 δε
1499 2654 1716 2720 nequitiae
1738 2647 1946 2698 ministris
1964 2662 2072 2710 pur-

312 2747 440 2808 gata,
466 2741 658 2790 ntidem
678 2738 728 2785 in
761 2736 932 2784 caeteris
952 2733 1083 2799 regni
1111 2728 1315 2796 partibus
1336 2724 1578 2792 praestaret,
1608 2717 1700 2781 ipse
1729 2715 1797 2763 ad
1826 2722 2074 2759 conventus

314 2805 552 2857 habendos
582 2801 777 2868 fingulas
797 2798 1008 2862 regiones
1037 2791 1367 2854 obire-statuit:
1402 2799 1451 2834 ut
1483 2785 1619 2838 furta,
1643 2780 1806 2832 caedes,
1829 2781 1870 2823 ει
1891 2771 2075 2837 latroci-

317 2872 399 2922 'nia
418 2867 652 2935 suppliciis
670 2879 956 2918 coercens,ac
978 2858 1177 2936 praemiis
1196 2866 1354 2905 omnes
1376 2852 1434 2900 ad
1455 2850 1630 2899 labores
1649 2840 1940 2909 perferendos
1957 2835 2078 2884 invi-

319 2949 438 2991 tans,
458 2942 502 2985 δι
525 2927 780 2981 commodis
801 2926 1081 2987 sermonibus
1107 2922 1166 2971 ad
1185 2915 1477 2968 concordiam
1498 2912 1741 2960 adhortans
1763 2917 1961 2967 veterem
1991 2898 2092 2959 dis-⁴

318 2999 542 3065 ciplinam
573 2992 796 3061 paulatim
816 3000 1065 3040 revocaret.
1132 2985 1221 3033 Sed
1242 2983 1291 3031 id
1312 2976 1594 3045 experiundo
1615 2968 1844 3021 difficilius
1862 2964 2081 3030 opinione

320 3063 516 3130 invenit,
539 3060 675 3125 quod·
705 3072 873 3121 magna
896 3069 995 3118 pars
1033 3047 1285 3100 nobilitatis
1307 3058 1385 3092 aut
1412 3042 1508 3107 ipsa
1535 3039 1754 3096 scelerum
1787 3031 1869 3081 fibi
1906 3027 2083 3077 conscia

318 3134 324 3139 '
351 3127 487 3190 v<renas
509 3125 721 3174 timeret:
753 3130 843 3168 aut.
870 3134 974 3180 cum
1005 3112 1267 3168 facinorofis
1297 3108 1478 3175 illigata
1508 3096 1935 3169 propinquitatibus*
1961 3094 2086 3138 estet.

319 3143 476 3255 {gstur
495 3188 599 3237 cum
621 3185 800 3263 primus,
816 3194 1068 3232 conventus
1089 3179 1146 3226 ad
1170 3173 1444 3224 Lanericum
1466 3167 1662 3217 Glottiae
1681 3160 1907 3229 oppidum
1935 3155 2086 3203 indic-

326 3255 538 3310 tusess'et,
561 3251 643 3319 qux
657 3247 814 3299 -vocati
834 3247 882 3296 in
911 3246 984 3309 jus
1007 3243 1187 3292 fuerant
1207 3235 1477 3287 admonitis.
1494 3227 1764 3297 propinquis
1785 3232 1960 3289 quanto
1979 3234 2087 3268 cum

322 3316 531 3383 periculo
551 3314 689 3378 effent
706 3312 904 3368 venturi,
923 3309 1114 3374 quidam
1136 3306 1184 3353 in
1202 3301 1429 3362 AEbudas,
1454 3296 1532 3345 alii
1551 3295 1601 3342 in
1617 3292 1726 3340 alias
1747 3281 1997 3337 latrociniis
2017 3281 2087 3328 in-

283 3408 285 3411 ·
320 3379 697 3445 fanzesregio'nes
712 3380 894 3443 lugere.
958 3375 1064 3422 Rex
1080 3375 1190 3419 'cum
1211 3365 1419 3416 fraudem
1449 3356 1747 3423 intelligeret,
1777 3365 1862 3401 nec
1885 3347 2101 3405 ειιιξὶοῐεεςΔ

327 3517 329 3519 ’
349 3513 352 3518 ’
380 3507 450 3560 (ι)
475 3508 684 3553 Τὴειιυς,ἀ
703 3507 830 3544 thane.
866 3506 910 3544 ·1t
932 3517 1008 3543 was
1031 3516 1052 3541 ι
1076 3502 1180 3540 word
1232 3497 1278 3536 of
1291 3496 1336 3546 by
1351 3494 1418 3532 the
1445 3493 1564 3536 stota,
1598 3485 1694 3524 after
1722 3459 1810 3532 they
1827 3479 1898 3517 had
1917 3477 2000 3514 beat
2022 3472 2091 3510 the

328 3565 399 3603 and
417 3562 523 3601 office
542 3562 625 3598 used
638 3561 801 3607 amongst
819 3558 884 3597 the
897 3557 1031 3604 <mem
1052 3553 1182 3593 which
1235 3549 1338 3591 Ρίἃε
1354 3553 1420 3585 out
1436 3544 1481 3583 of
1491 3541 1624 3581 Albin.
1647 3539 1683 3576 1t
1699 3549 1775 3574 was
1792 3531 1907 3572 much
1926 3529 2007 3568 like
2024 3526 2106 3564 the>

330 3615 504 3667 together»
518 3614 611 3659 with
629 3611 728 3651 their
745 3613 864 3657 lanas,
894 3623 969 3651 wa
997 3611 1105 3648 mae
1122 3606 1184 3645 use
1237 3602 1344 3643 office
1359 3597 1405 3640 or
1416 3610 1437 3637 a
1449 3592 1585 3637 maur
1596 3590 1813 3632 orssstaewm.
2100 3610 2107 3620 .

975 3751 1001 3779 ἱ
