2006 3858
330 132 613 197 Ltssnu
714 131 1571 197 Decimus-randum,
1708 128 1834 212 383

67 236 233 287 ibana,
266 231 477 278 omnibus
516 230 715 291 denique
750 231 882 276 bonis
915 230 1084 276 artibus
1117 227 1308 275 Scoticae
1333 224 1586 286 juventutis
1617 225 1836 286 primario

73 298 260 359 nupsit.)
282 293 636 343 'Discordiarurn
660 293 780 340 enim
805 294 973 340 semina
995 307 1098 340 ante
1122 294 1256 339 finem
1279 291 1403 336 illius
1437 290 1545 362 anni
1567 288 1666 362 sun-t
1699 290 1836 350 jaas,

73 364 240 409 Earum
262 360 439 406 initium
465 357 521 404 ab
539 357 700 403 ordine
723 358 1028 404 Eccleliastico
1053 357 1112 403 est
1133 369 1302 403 ortum.
1337 355 1559 403 Extinfitls
1581 370 1706 399 enim
1731 372 1841 418 pro.

67 426 270 478 ceribus,
294 439 396 470 curn
421 422 466 468 in
495 421 708 467 omnibus
743 422 940 483 publicis
977 420 1275 468 conventibus
1301 419 1443 479 major
1461 435 1566 481 pars
1595 435 1652 465 ex
1681 435 1737 463 eo
1759 438 1843 483 ge..

75 507 181 538 nere
201 487 439 535 hominum
457 484 579 540 esset,
602 484 648 531 in
674 483 1010 531 calamitatibus
1030 484 1227 547 publicis
1251 484 1385 530 multi
1408 483 1533 529 suurn
1553 495 1738 546 agentes
1763 502 1845 531 ne.

74 555 252 617 gotium
278 562 422 597 tantas
443 567 552 612 opes
582 561 921 610 compararunt,
948 560 996 595 ut
1018 550 1145 596 nulla
1166 566 1234 594 res
1258 564 1332 595 eos
1357 546 1501 610 magis.
1524 547 1846 609 praecipitave-
1895 568 1898 571 ·

72 620 149 672 rit,
175 631 310 680 quam
334 614 635 668 intoleranda,
652 629 743 675 qua
762 614 910 675 postea
929 625 1205 674 arroganter,
1225 618 1263 659 δε
1282 611 1529 658 immodice
1551 611 1652 659 sunt
1675 613 1736 659 usi
1760 631 1847 676 po·

37 730 40 733 Α
75 681 232 728 tentia.
301 677 430 724 Caeso
469 679 526 724 ad
566 678 838 725 Fluidonem
873 678 942 737 (1)
971 677 1234 723 Alexandro
1279 679 1461 723 Stuarto
1493 677 1605 723 Fani
1643 678 1842 726 Andreae

74 742 451 806 Archiepiscop0‚
484 754 576 789 tres
600 741 653 788 ad
683 741 732 787 id
750 740 1048 788 sacerdotium
1073 739 1255 786 diversis
1286 741 1455 787 artibus
1484 742 1842 792 contendebant.

78 811 151 871 (2)
177 807 404 855 Galvinus
428 806 687 870 Duglassius
709 804 897 852 familiae
918 805 1174 868 splendore,
1198 807 1246 853 ὅτ
1271 804 1345 850 sua
1365 805 1550 860 virtute,
1576 811 1616 853 &
1639 806 1848 857 doetrina

76 874 235 926 fretus,
261 888 286 918 a
305 870 485 934 Regina
506 870 645 917 etiam
663 869 943 925 nominatus,
967 885 1116 916 arcem
1140 868 1432 915 Andreanam
1456 882 1666 932 occupat.
1711 872 1851 921 Ioan-

71 955 152 986 nes
192 936 475 1000 Hepburnus
514 934 853 982 Coenobiarcha
903 934 1193 988 Andreanus,
1230 932 1590 997 Archiepiscopo
1637 938 1848 986 nondum

77 1002 262 1050 suffeEto
297 1001 426 1047 velut
457 999 677 1064 sequester
699 1011 945 1062 proventus
968 999 1217 1062 colligebat
1241 1017 1254 1044 ε
1291 997 1524 1060 homoque
1550 1012 1729 1061 potens,
1755 1002 1849 1049 fac-

79 1065 238 1122 ti0su5,
269 1068 319 1116 δε
341 1063 554 1120 callidus,
586 1081 612 1110 a
632 1063 721 1111 suis
744 1063 979 1110 monachis
1005 1067 1164 1125 (penes
1196 1078 1309 1124 quos
1327 1061 1404 1123 jus
1420 1062 1642 1126 eligendi
1663 1066 1855 1130 antiquo

78 1147 206 1178 more
228 1130 313 1177 effe
330 1129 656 1188 contendebat)
678 1127 724 1175 in
747 1130 898 1176 locum
924 1127 1154 1174 demortui
1174 1128 1400 1181 suffe6tuS‚
1423 1127 1615 1174 Galvini
1637 1130 1853 1180 ministris

76 1195 216 1259 pulsis
254 1210 404 1241 arcem
438 1193 593 1241 valido
628 1192 839 1256 praefidio
865 1190 1156 1240 communiit.
1194 1224 1197 1225 γ
1225 1191 1432 1238 Andreas
1459 1193 1710 1241 Formanus
1744 1212 1850 1243 cum

77 1261 259 1313 Romae,
300 1264 341 1305 δι
376 1258 424 1304 in
462 1259 566 1305 aula
587 1257 773 1304 Gallica
792 1273 818 1302 e
856 1256 1134 1320 superiorum
1160 1266 1421 1318 temporum
1449 1256 1611 1302 officiis
1634 1274 1852 1322 magnam

62 1324 273 1389 >gratiam
297 1322 565 1385 collegisset,
589 1334 754 1386 praeter
775 1320 1130 1375 Moraviensem,
1161 1336 1301 1381 quern
1323 1318 1369 1366 in
1394 1321 1548 1368 Scotia
1563 1321 1659 1383 jam
1683 1325 1740 1370 ab
1763 1325 1855 1372 ini.

79 1390 146 1436 tio
169 1400 377 1435 tenuerat
408 1385 753 1449 Episcopitum‚
795 1385 853 1431 ab
876 1384 1116 1432 Ludovico
1137 1383 1419 1431 duodecimo
1453 1384 1699 1433 Gallorum
1722 1390 1855 1453 Rege

80 1464 332 1516 accaeperat
355 1451 814 1514 Archiepiscopatum
836 1448 1181 1497 Bituricensetn.
1232 1448 1376 1496 Iulius
1394 1465 1503 1496 vero
1525 1451 1740 1500 Pontifex
1759 1456 1858 1501 Ro-

78 1534 239 1566 manus
260 1516 398 1563 etiam
422 1515 704 1571 honoribus,
725 1520 764 1562 &
787 1514 1048 1561 sacerdotiis
1074 1513 1359 1560 cumulatum
1383 1531 1409 1560 a
1430 1513 1472 1561 se
1492 1515 1666 1566 dimifit
1689 1536 1701 1565 z
1749 1536 1856 1566 nam

81 1587 122 1630 &
162 1579 571 1644 Archiepiscopatu
605 1579 719 1627 Fani
754 1579 972 1634 Andreae,
1012 1577 1416 1633 FermelinodunO,
1464 1582 1514 1629 δε
1546 1581 1859 1631 Aberbrothia

83 1645 327 1694 Coenobiis
356 1646 500 1708 longe
521 1643 867 1708 opulentissimis
889 1659 994 1691 eum
1018 1642 1207 1690 donavit
1231 1659 1243 1688 t
1280 1648 1321 1690 &
1339 1654 1558 1705 praeterea
1578 1647 1859 1712 legationem

87 1715 162 1773 (ut
181 1711 367 1769 vocant)
394 1709 428 1755 a
451 1711 591 1756 latere
619 1709 803 1770 adjecit.
873 1707 963 1755 Sed
985 1719 1122 1755 tantae
1160 1720 1259 1754 turn
1295 1707 1544 1770 Hepburni
1578 1726 1858 1775 opes-erant,

83 1773 279 1824 Humiis
300 1774 453 1822 adhuc
475 1789 581 1821 cum
604 1788 658 1819 ea
681 1771 857 1820 familia
877 1772 1199 1827 concordibu8‚
1236 1784 1286 1819 ut
1320 1789 1457 1818 nemo
1479 1776 1657 1835 prorsus
1678 1777 1861 1825 inveni-

88 1853 233 1895 retur,
256 1839 338 1902 qui
360 1838 569 1901 diploma
588 1837 820 1885 Pontificis
843 1836 1046 1884 Romani
1067 1836 1124 1883 de
1155 1836 1369 1885 Formani
1402 1837 1625 1888 cletitione
1654 1844 1839 1904 promul
1854 1869 1868 1884 .

84 1920 195 1968 gare
216 1904 404 1950 auderet
425 1922 440 1959 ;
473 1902 620 1949 donec
649 1902 905 1951 Alexander
925 1899 1129 1953 Humius
1151 1900 1331 1962 magnis
1353 1901 1785 1963 pollicitationibus,
1820 1914 1863 1955 &-

84 1980 253 2031 praeter
272 1966 362 2014 alia
382 1983 572 2014 munera
594 1966 827 2014 Coenobio
850 1965 1177 2029 Coldingamia
1200 1965 1374 2012 Davidi
1397 1964 1591 2015 minimo
1613 1970 1709 2032 ejus
1733 1970 1862 2019 fratri

87 2032 261 2079 donato
302 2032 360 2078 ad
381 2031 557 2078 causam
583 2030 631 2077 in
654 2031 849 2094 speciem
867 2030 1098 2077 honestam
1119 2031 1339 2076 adductus
1365 2032 1514 2092 (quod
1532 2035 1567 2080 F
1569 2050 1864 2083 ormanorum

88 2096 265 2144 familia
295 2097 344 2143 in
366 2096 581 2143 clientela
603 2096 888 2143 Humiorum
908 2095 1031 2149 effet,
1071 2094 1230 2157 resque
1251 2111 1343 2142 non
1374 2094 1535 2159 iniqua
1565 2099 1662 2163 peti
1684 2101 1865 2149 videre-

85 2163 179 2220 tur)
206 2160 412 2225 diploma
433 2160 709 2224 Edimburgi
731 2171 909 2207 curaret
931 2159 1336 2223 promulgandum.
1390 2161 1456 2206 Ea
1475 2178 1543 2209 res
1566 2181 1862 2229 magnorum,

88 2240 193 2288 quae
217 2227 367 2288 postea
387 2225 669 2280 aeciderunt,
690 2226 916 2272 malorum
938 2223 1027 2271 fuit
1047 2223 1250 2271 initium..
1317 2225 1602 2286 Hepburnus
1624 2229 1747 2277 enim
1768 2232 1864 2278 ela-

87 2289 126 2337 ti
147 2292 288 2337 animi
311 2290 382 2337 vir
401 2291 461 2337 ab
479 2306 534 2338 eo
547 2301 763 2353 tempore
784 2289 899 2345 dies,
916 2289 1158 2353 noctesque
1180 2288 1373 2337 exitium
1396 2290 1586 2340 Humiis
1607 2293 1782 2358 semper
1802 2297 1865 2344 est

85 2354 388 2403 machinatus.

154 2420 309 2467 XLV.
343 2410 525 2484 Regina
545 2420 592 2468 in
608 2420 784 2469 summo
806 2419 1066 2483 magistratu
1087 2419 1136 2467 id
1157 2437 1295 2468 unum
1313 2421 1533 2470 memoria
1553 2421 1747 2487 dignum
1765 2425 1867 2490 ges.

89 2483 160 2538 fit,
176 2485 313 2547 quod
332 2486 386 2531 ad
411 2486 596 2533 fratrem
619 2485 806 2548 scripsit,
827 2497 878 2532 ut
897 2484 979 2539 sui,
998 2485 1308 2533 &liberorum
1328 2485 1507 2535 suorum
1528 2488 1671 2536 aetatis
1691 2506 1869 2538 memor

88 2548 214 2595 bello
236 2549 490 2597 abstineret.
559 2551 668 2597 Neu
689 2548 1030 2613 propinquisui
1051 2566 1244 2614 regnum
1275 2551 1324 2597 in
1354 2562 1424 2598 tot
1457 2551 1676 2601 fastiones
1706 2555 1868 2618 sponte

86 2613 281 2660 divi-sum
300 2615 502 2662 externis
524 2626 743 2677 praeterea
760 2613 897 2661 armis
917 2613 1145 2662 infestaret
1169 2633 1180 2661 :
1215 2615 1289 2662 sed
1312 2615 1465 2679 potius
1486 2616 1649 2673 aetatis,
1691 2624 1731 2667 δε
1754 2635 1868 2684 cog-

84 2676 287 2724 nationis
312 2695 490 2727 memor
505 2679 717 2727 adversus
738 2678 933 2726 aliorum
954 2678 1142 2741 injurias
1162 2690 1379 2727 tueretur.
1447 2681 1681 2730 Henricus
1704 2685 1862 2732 animo

87 2757 277 2807 magno,
302 2748 344 2791 8:
365 2744 472 2791 vere
490 2743 642 2808 Regio
664 2742 914 2807 respondit,
938 2743 1149 2793 {ibicum
1174 2745 1323 2797 Scotis
1347 2746 1520 2808 pacatis
1540 2761 1720 2810 pacem,
1756 2765 1865 2797 cum

78 2796 367 2856 'bellantibus
390 2809 564 2857 bellum
583 2809 697 2857 fore.
754 2808 877 2855 Cum
897 2807 1079 2873 Regina
1098 2826 1181 2873 per
1203 2809 1384 2875 nuptias
1409 2827 1434 2858 a
1457 2813 1720 2876 magistratu
1738 2814 1868 2861 exci-

88 2935 373 2986 Bell-the-cat,
391 2939 606 2982 mentioned
619 2939 744 2978 before
759 2939 860 2990 (capa
879 2952 898 2989 3
908 2936 946 2990 5)
984 2940 1152 2989 ἶ(ἕξοι-μ
1170 2941 1215 2980 of
1226 2940 1502 2991 Pittendriegh‚
1522 2942 1714 2981 succeeded
1731 2943 1807 2982 ear}
1824 2944 1870 2982 of

91 2991 180 3030 who
198 2995 372 3030 returned
389 2994 502 3031 home
518 3007 536 3031 a
555 2994 628 3032 few
642 2996 728 3042 days
748 2992 871 3030 before
883 2993 950 3030 the
1003 2995 1150 3042 Angus,
1172 2997 1253 3038 „and
1272 3004 1310 3032 to
1339 2995 1422 3034 him
1454 2998 1544 3043 good
1576 2997 1652 3033 earl
1671 2996 1868 3036 Arehbald

91 3044 179 3082 field
210 3046 256 3083 of
277 3047 471 3092 Flowdon‚
487 3048 560 3084 and
584 3047 667 3086 died
686 3046 823 3084 within
850 3045 950 3083 some
1004 3047 1092 3090 who
1120 3047 1194 3085 had
1212 3062 1260 3085 no
1279 3047 1390 3096 sons3
1421 3050 1492 3085 and
1525 3048 1561 3085 so
1586 3048 1652 3085 the
1685 3050 1795 3087 estate
1825 3051 1871 3089 of

91 3098 178 3146 days
195 3098 408 3137 thereafter.
425 3099 525 3137 This
539 3100 730 3142 Archbald
747 3099 778 3137 is
795 3099 949 3139 finiam-
1005 3102 1138 3148 Augus
1158 3101 1225 3138 fell
1244 3109 1283 3138 to
1298 3100 1362 3137 the
1377 3100 1471 3138 laird
1486 3101 1530 3137 of
1539 3101 1782 3149 Glenbervie,
1798 3105 1866 3142 de-

91 3152 150 3195 ed,
171 3151 561 3197 f0e²distirreti0n‚··1en
573 3165 660 3190 atr
671 3167 685 3191 1
696 3165 722 3190 N
733 3164 757 3189 G
791 3155 857 3190 Aa
868 3165 890 3189 c
901 3165 950 3189 n·
1005 3153 1156 3190 scended
1175 3153 1220 3191 of
1237 3153 1415 3190 William
1433 3153 1589 3201 Duglass
1608 3156 1717 3193 uncle
1736 3165 1776 3194 to
1789 3156 1868 3196 this

97 3214 243 3248 ΒΑΜ»,
263 3204 361 3241 from
376 3204 443 3242 the
461 3218 541 3254 way
554 3205 605 3242 of
617 3205 677 3243 his
694 3205 950 3254 pronunciati-
1006 3205 1189 3254 e'neeping
1207 3205 1412 3244 Archbald.

94 3267 145 3292 on
167 3268 176 3291 ε
208 3254 256 3292 he
275 3256 434 3293 married
454 3270 572 3305 queen
592 3258 795 3305 Margaret,
817 3258 951 3295 widow
1061 3257 1122 3307 (1)
1142 3260 1304 3296 Natural
1323 3258 1385 3296 son
1401 3267 1438 3296 to
1451 3259 1545 3308 king
1559 3261 1687 3313 James
1701 3263 1766 3302 the
1778 3265 1866 3315 4th,

91 3307 142 3352 of
155 3307 250 3356 king
266 3309 394 3360 James
413 3309 486 3346 IV.
506 3309 593 3346 who
613 3310 697 3347 bare
722 3317 762 3347 to
779 3309 863 3347 him
882 3323 953 3351 one
1010 3311 1117 3357 begot
1136 3325 1234 3360 upon
1251 3311 1315 3348 the
1334 3312 1566 3363 lord-Boyd's
1597 3317 1792 3365 daughter,
1831 3319 1869 3355 so

94 3360 184 3409 only
215 3360 409 3409 daughter,
440 3362 524 3409 lady
552 3362 748 3409 Margaret
780 3362 952 3410 Dnglznss,
1008 3362 1123 3400 much
1159 3366 1404 3401 commended
1433 3366 1479 3415 by
1506 3366 1566 3405 his
1593 3371 1727 3408 master
1757 3372 1870 3410 Eras-

95 3413 265 3450 countess
284 3414 326 3451 'of
338 3416 505 3460 Lennox,
521 3413 785 3462 grandmother
801 3422 841 3451 to
859 3414 954 3462 king
1009 3428 1092 3453 mus
1110 3416 1150 3452 in
1169 3417 1310 3466 adagio,
1344 3418 1513 3468 Spartam
1534 3423 1663 3460 uastas
1682 3437 1735 3470 es,
1758 3424 1867 3463 hanc

89 3467 225 3517 ‚James
255 3466 323 3504 6th
355 3481 364 3504 x
388 3467 591 3505 thereafter
603 3466 652 3504 he
672 3466 830 3504 married
846 3469 955 3504 dame
1010 3481 1159 3507 exorna.
1774 3499 1776 3501 -

55 3527 59 3531 “
89 3518 290 3567 Margaret
304 3520 501 3566 Maxwell,
519 3520 583 3558 but
600 3520 672 3558 had
686 3533 735 3557 no
753 3519 925 3557 children
940 3534 950 3558 ε
1000 3551 1004 3557 .
1064 3522 1125 3571 (2)
1155 3522 1285 3560 Grand
1316 3526 1490 3573 uncle-to
1502 3528 1574 3566 the
1591 3528 1774 3582 cheeping
1789 3532 1866 3570 earl

97 3569 302 3613 thereafter
337 3574 471 3623 David,
484 3574 558 3615 son
577 3583 616 3615 to
633 3572 694 3619 his
713 3573 876 3622 brother,
910 3570 955 3623 fit
1009 3574 1217 3625 Archbald,
1240 3576 1628 3628 bishopofDunkeld.

1748 3661 1877 3715 disset
