2106 3838
230 232 314 299 62
477 233 891 314 ,Rmvm
986 228 1686 298 §correnum

227 333 432 396 primum
449 329 498 378 in
510 330 743 379 Britannia
765 327 955 389 coeperit
984 326 1105 373 sedes
1128 343 1247 374 anno
1268 344 1296 375 a
1311 329 1495 376 Christo
1519 347 1638 393 420:
1663 345 1858 393 quorum
1881 333 1988 381 Gil-

227 397 308 443 das
332 394 450 443 nihil
479 411 564 458 pro
595 393 760 440 Luddo
794 391 919 445 facit,
945 391 1068 438 Beda
1095 407 1199 438 eum
1221 393 1447 440 mendacii
1469 395 1692 459 coarguit.
1761 396 1840 442 Tu
1862 414 1988 451 vero,

227 458 386 514 letior,
410 476 493 506 nec
515 458 697 510 Luddo,
722 470 804 502 nec
828 455 958 509 mihi,
990 454 1065 502 sed
1084 454 1171 502 tuis
1194 455 1338 502 oculis
1361 458 1510 512 crede,
1536 464 1576 506 Sc
1615 459 1845 523 utriusque
1884 461 1987 506 scri-

227 525 372 588 ptoris
394 524 516 569 locos
539 521 783 583 diligenter
802 520 1024 582 expende.

292 589 444 635 XLII.
479 588 541 631 At
572 600 678 630 vero
711 583 837 629 Dion
863 583 1053 645 (inquit)
1079 581 1356 631 Caledonios
1380 597 1517 632 vocat
1537 586 1776 634 Britannos
1802 608 1812 636 :
1849 598 1984 636 vocat

228 651 328 701 sane
347 658 387 699 &
406 651 632 702 LucanuS,
656 659 704 694 ut
725 659 830 694 ante
851 647 1024 695 dic‘tum
1043 650 1120 702 est,
1143 651 1187 697 δε
1217 648 1445 696 Martialis
1468 648 1514 695 in
1538 649 1618 697 illo
1640 653 1797 708 versu,

478 722 653 784 Qinte
673 720 952 769 Caledonios
975 720 1120 768 Ovidi
1141 720 1287 769 visure
1313 723 1568 770 Britannos.

224 798 314 846 Sed
338 797 486 842 nullus
507 811 665 841 eorum
689 806 931 858 propterea
954 795 1101 842 Pictos
1126 811 1203 842 eos
1226 795 1352 844 fuiss‘e
1387 811 1524 859 negat
1551 815 1561 842 :
1611 795 1813 856 sedjure
1837 807 1994 860 tamen

225 860 402 925 optimo
424 858 660 906 Britannos
682 871 862 907 vocant.
926 860 1049 906 Nam
1075 861 1460 916 quemadmodum
1479 873 1575 909 tota
1596 860 1738 907 insula
1759 860 1991 910 Britannia

219 937 423 977 vocatur,
448 923 512 969 ita
533 922 723 970 universi
749 923 844 984 ejus
867 923 1032 969 incolae
1057 923 1262 970 Britanni
1285 924 1449 972 merito
1471 925 1770 973 vocabuntur.
1811 926 1991 979 Verum

223 988 615 1054 quemadmodum
637 987 791 1034 insulae
826 987 992 1033 Sicilia:
1015 986 1289 1034 habitatores
1312 1005 1336 1035 a
1361 988 1579 1036 Romanis
1603 988 1792 1035 universi
1816 1006 1983 1037 vocan-

224 1065 298 1100 tur
321 1051 464 1099 Siculi
482 1051 570 1098 fine
596 1053 689 1098 ullo
710 1051 984 1106 discrimine,
1004 1051 1087 1115 ipsi
1109 1067 1216 1099 vero
1244 1051 1284 1098 se
1307 1051 1385 1098 alii
1416 1054 1485 1112 (1)
1517 1053 1802 1106 Sicelus‚.vel
1828 1053 1989 1101 Siceli-

218 1130 318 1164 otas
340 1116 650 1179 appellabant,
673 1116 738 1163 ita
760 1115 1002 1163 Britanniae
1026 1114 1164 1162 totius
1188 1116 1351 1163 incolae
1392 1116 1598 1163 Britanni
1630 1116 1793 1163 exteris
1827 1119 1986 1190 appel-

218 1181 402 1228 lantur:
438 1179 521 1242 ipsi
551 1197 660 1227 vero
690 1180 903 1242 antiquos
937 1180 1213 1227 habitatores
1249 1180 1475 1244 saepiffime
1509 1180 1750 1235 Brittones,
1788 1183 1986 1235 reliquas

217 1262 328 1293 vero
347 1257 505 1309 gentes
529 1243 576 1291 in
600 1262 651 1291 ea
674 1245 891 1307 degentes
922 1246 1188 1308 plaernnquc
1212 1245 1399 1308 privatis
1423 1245 1668 1302 nationum,
1694 1245 1981 1301 nominihus,

215 1309 403 1357 interim
422 1311 534 1357 vero
554 1309 790 1356 communi
808 1310 1126 1356 Britannorum
1148 1311 1373 1356 vocabulo
1391 1323 1666 1371 nuncupant.
1727 1310 1873 1372 Igitur
1892 1311 1983 1358 Ca—

216 1373 410 1428 ledonii,
434 1373 566 1428 Picti,
592 1374 716 1421 Scoti
749 1375 933 1421 interim
969 1373 1045 1420 suo
1070 1390 1267 1437 quaeque
1287 1391 1397 1438 gens
1418 1373 1620 1428 nomine,
1644 1373 1828 1421 interim
1852 1389 1981 1424 com·

218 1438 349 1485 muni
367 1438 686 1486 Britannorum
711 1439 936 1486 vocabulo
962 1454 1044 1485 nec
1066 1438 1181 1485 adeo
1214 1455 1313 1486 raro
1346 1438 1598 1486 censentur.
1667 1439 1737 1500 (z)
1779 1440 1844 1486 At
1865 1439 1979 1487 Brit-

217 1514 347 1550 tones
381 1518 458 1550 eos
491 1515 713 1566 quantum
745 1502 935 1551 memini
959 1520 1093 1550 nemo
1112 1503 1260 1549 adhuc
1282 1503 1476 1550 vocavit.
1545 1503 1619 1549 Est
1657 1505 1709 1552 δε
1740 1502 1862 1549 aliud
1886 1502 1976 1549 dis-

217 1567 390 1614 crimen
419 1570 540 1632 apud
576 1584 651 1614 eos
675 1568 1126 1616 animadvertendum
1146 1567 1194 1614 in
1212 1584 1324 1614 voce
1346 1567 1594 1621 Britannia,
1618 1567 1755 1628 quale
1776 1569 1836 1614 est
1856 1567 1981 1630 apud

217 1631 408 1678 Graecos
432 1636 474 1680 8<
501 1631 687 1678 Latinos
709 1631 755 1678 in
779 1646 891 1677 voce
914 1632 1033 1678 Asia.
1104 1633 1175 1678 Est
1197 1632 1319 1678 enim
1344 1632 1448 1678 Asia
1468 1631 1698 1678 interdum
1723 1632 1855 1678 tertia
1879 1648 1980 1694 pars

215 1708 342 1742 terrae
362 1694 641 1750 habitabilis,
666 1695 848 1742 interim
873 1696 1054 1756 majoris
1084 1695 1206 1742 imus
1231 1696 1347 1742 Afiae
1372 1713 1487 1758 pars,
1508 1711 1612 1756 qua:
1634 1695 1747 1742 citra
1768 1696 1980 1742 Taurum

215 1772 438 1814 montem,
463 1764 506 1808 ἃ
536 1760 686 1807 minor
706 1760 810 1806 Asia
832 1760 1052 1822 appellari
1075 1759 1200 1807 solet.
1273 1762 1342 1806 lta
1371 1759 1602 1807 Britannia
1635 1759 1776 1807 modo
1810 1775 1979 1807 nomen

215 1826 275 1872 est
297 1824 454 1871 insula:
481 1814 725 1871 uniuersae:
765 1826 904 1871 modo
929 1823 1066 1887 partis
1100 1824 1212 1885 ejus,
1249 1842 1350 1887 quae
1381 1824 1602 1871 Romanis
1625 1822 1816 1870 fascib‘us
1848 1841 1978 1887 pare·

216 1890 330 1936 bat:
363 1906 507 1953 eaque
537 1905 639 1952 pars
674 1906 793 1936 nunc
830 1889 1046 1936 Humbro
1079 1889 1236 1943 fluvio,
1267 1904 1388 1935 nunc
1420 1886 1631 1942 Adriani,
1667 1904 1788 1934 nunc
1823 1887 1979 1935 Severi

213 1954 336 2000 vallo
360 1954 614 2000 finiebatur.
710 1954 818 2014 Ejus
841 1967 992 2003 autem
1027 1953 1167 2014 partis
1189 1950 1463 2000 habitatores
1495 1950 1655 2014 saepius
1690 1950 1717 1997 ὲ
1748 1951 1976 1999 Britannis

213 2017 506 2081 scriptoribus
530 2017 773 2072 BrittoneS,
806 2034 944 2081 quam
970 2016 1174 2065 Britanni
1197 2017 1488 2064 nominantur
1513 2035 1522 2062 :
1557 2028 1742 2063 caeteros
1775 2018 1881 2063 vero
1902 2016 1974 2062 in-

213 2081 321 2130 sulae
343 2081 637 2133 habitatores,
679 2099 842 2143 nempe
865 2084 1041 2138 Scotos,
1066 2085 1116 2133 δε
1137 2074 1286 2129 Ρὶᾶω
1303 2081 1488 2129 interim
1511 2080 1769 2134 Britannos,
1790 2079 1978 2128 interim

211 2147 496 2211 peregrinos,
518 2152 557 2193 δε
577 2147 893 2195 transmarinos
913 2148 1035 2195 Beda
1054 2160 1203 2193 vocat.
1237 2146 1367 2193 Idem
1386 2160 1572 2207 quoque
1590 2142 1829 2198 discrimen
1851 2145 1976 2208 apud

211 2211 611 2260 Monumetensem
634 2212 937 2266 Monachum,
969 2214 1015 2262 ἃ.
1041 2212 1331 2258 Gulielmum
1355 2207 1799 2258 Malmesburiensem
1821 2208 1973 2255 obser-

210 2291 318 2322 vare
340 2276 415 2323 est.
483 2275 797 2338 Qamobrem
822 2275 1065 2323 Caledonii
1104 2274 1251 2322 nihilo
1285 2274 1429 2339 magis
1462 2286 1595 2321 erunt
1624 2270 1864 2321 Britonnes
1895 2273 1925 2320 fi
1948 2290 1976 2321 a

211 2339 385 2394 Dione,
409 2339 632 2396 Martiali,
659 2342 863 2395 Lucane,
900 2353 979 2387 aut
1000 2340 1090 2387 alio
1112 2340 1258 2402 probo
1280 2339 1492 2402 scriptore
1514 2336 1720 2385 Britanni
1741 2337 1973 2394 dicantur,

212 2419 351 2466 quam
374 2404 519 2451 Brutii
542 2405 653 2460 fient
689 2404 905 2460 Romani,
942 2405 1079 2451 etiam
1114 2404 1143 2451 si
1183 2403 1365 2467 utrique
1399 2403 1482 2449 sint
1510 2400 1632 2449 Itali.
1715 2401 1832 2448 Haec
1862 2402 1893 2448 fi
1924 2418 1973 2448 a-

211 2467 575 2515 nimadvertisset·
590 2469 780 2517 Luddus
802 2485 1038 2531 nunquam
1068 2468 1114 2514 in
1146 2480 1288 2515 tantas
1307 2467 1515 2516 tenebras
1537 2466 1579 2513 se
1599 2464 1826 2520 induisset,
1851 2471 1892 2512 δι
1915 2466 1973 2513 de

209 2549 259 2580 re
282 2549 374 2579 non
397 2531 498 2580 satis
527 2533 715 2597 cognita
737 2546 826 2580 tam
852 2546 1020 2581 temere
1055 2539 1095 2581 δε
1116 2531 1442 2581 inconsiderate
1465 2529 1812 2594 pronunciasset,
1837 2530 1972 2577 Cale·

211 2595 480 2660 doniosque,
504 2597 613 2659 quia
633 2611 853 2645 vocentur
873 2615 899 2643 a
915 2597 1069 2644 Dione
1094 2596 1316 2651 Britanni,
1340 2595 1486 2644 Pictos
1509 2593 1635 2641 fuisse
1658 2606 1860 2658 negaret.

276 2662 453 2707 XLIII.
487 2661 590 2712 Nec
606 2662 665 2708 est
686 2663 810 2725 quod
834 2661 1024 2708 miretur
1043 2661 1250 2715 LudduS,
1270 2661 1393 2724 quod
1415 2676 1519 2706 cum
1541 2656 1682 2713 Scoti,
1702 2661 1748 2706 &
1771 2655 1884 2705 Pifli
1904 2669 1974 2707 tot

209 2740 303 2772 non
326 2725 610 2779 dicoannos,
646 2726 719 2773 sed
753 2726 913 2774 saecula
948 2725 995 2772 in
1020 2725 1255 2773 Britannia
1287 2723 1608 2775 habitaverint,
1652 2738 1788 2769 nemo
1822 2734 1974 2772 tamen

207 2788 349 2853 paulo
369 2789 584 2835 vetustior
605 2789 793 2853 scriptor
808 2806 966 2837 eorum
988 2789 1266 2844 meminerit,
1291 2801 1393 2835 ante
1415 2787 1712 2835 Ammianum
1739 2786 1973 2833 Marcelli-

207 2869 336 2907 num,
362 2859 401 2901 &
422 2853 748 2901 Claudianum.
815 2855 939 2900 Nam
965 2868 1014 2901 ut
1034 2854 1244 2901 omittam
1280 2852 1459 2907 Valles,
1485 2850 1728 2904 cambros,
1769 2849 1972 2913 Loegros

207 2933 355 2981 nuper
376 2932 486 2964 nota
513 2919 688 2965 mundo
720 2917 922 2974 nomina,
947 2919 1122 2981 possum
1147 2922 1187 2965 δι
1207 2933 1295 2981 ego
1313 2914 1420 2969 eum
1441 2929 1603 2979 rogare
1624 2929 1729 2962 cum
1753 2925 1821 2961 tot
1838 2915 1972 2962 Gra:-

205 2980 309 3030 ci&
331 2980 487 3029 Latini
508 2998 577 3029 res
600 2982 871 3030 Graecorum
890 2981 1148 3029 mandarint
1182 2981 1431 3035 memoriae,
1470 2980 1541 3042 (3)
1575 2993 1655 3025 cur
1676 2993 1813 3026 nemo
1838 2979 1973 3026 Grae-

206 3060 286 3091 cus
319 3047 528 3101 Graecos‚
569 3059 647 3094 aut
680 3047 918 3093 Romanus
948 3046 1169 3093 Hellenas
1204 3044 1410 3092 nominet
1445 3047 1462 3090 ?
1511 3058 1592 3089 cur
1630 3055 1721 3090 tam
1754 3041 1852 3090 sero
1890 3043 1971 3089 r.o-

206 3109 333 3158 mina
353 3109 611 3166 nationum,
636 3127 828 3174 quarum
848 3111 992 3158 modo
1013 3108 1220 3164 memini,
1242 3110 1291 3157 in
1330 3107 1559 3156 historiam
1579 3106 1888 3161 Britannicam
1911 3106 1975 3153 ir.

259 3237 322 3297 (ι)
349 3238 436 3276 The
455 3239 530 3277 first
548 3240 779 3279 inhabitants
796 3240 841 3278 of
857 3239 921 3277 the
940 3240 1054 3277 issand

205 3289 337 3339 Sicily,
356 3291 484 3330 which
506 3306 608 3331 came
628 3295 726 3333 from
747 3294 899 3342 Liguria
917 3293 956 3331 in
976 3294 1053 3330 Ita-

205 3343 257 3391 ly,
278 3344 394 3380 called
426 3344 646 3384 themselves
675 3348 815 3385 Sicelos
836 3361 846 3384 τ
875 3348 948 3384 and
965 3345 1055 3395 they

203 3397 338 3433 named
358 3396 409 3433 all
428 3398 493 3434 the
512 3398 621 3436 other
633 3400 797 3438 colonies
812 3399 896 3438 that
913 3399 1053 3437 arrived

204 3447 311 3485 there
329 3448 430 3486 from
450 3451 606 3496 Greece,
629 3453 838 3491 Siceliotas.
1002 3475 1005 3478 >

256 3501 323 3552 (2)
359 3501 446 3541 The
477 3503 688 3550 caledonii,
714 3506 818 3542 Scots
845 3506 918 3542 and
948 3504 1034 3543 Pi&

203 3564 265 3591 are
287 3553 346 3590 oft
374 3554 486 3591 times
514 3555 559 3604 by
588 3556 738 3595 ancient
762 3557 904 3600 writers
933 3559 1051 3607 called

203 3605 391 3650 Britanni,
408 3606 534 3644 which
556 3607 586 3645 is
610 3620 630 3645 a
649 3611 795 3656 general
816 3622 924 3647 name
944 3619 984 3646 to
1000 3611 1051 3648 all

202 3657 269 3697 the
286 3659 521 3698 inhabitants
537 3660 582 3699 os
595 3660 660 3699 the
680 3662 743 3700 isse
759 3676 773 3711 5
804 3662 868 3701 but
887 3662 974 3712 they
992 3675 1052 3702 are

1127 3252 1240 3277 never
1259 3239 1376 3277 called
1395 3238 1599 3283 Brittones,
1617 3235 1746 3275 which
1778 3236 1808 3275 is
1826 3235 1892 3274 the
1910 3248 1973 3286 pe-

1125 3293 1244 3352 culia}
1270 3304 1381 3330 name
1412 3291 1456 3329 of
1476 3291 1541 3332 the
1569 3290 1645 3327 first
1675 3289 1905 3328 inhabitants
1934 3287 1980 3325 of

1125 3344 1286 3392 Britain,
1307 3343 1431 3383 before
1448 3343 1518 3381 the
1535 3343 1656 3389 Scots,
1689 3342 1792 3380 Piets
1818 3342 1886 3379 and
1905 3341 1971 3377 Sa-

1127 3411 1218 3436 xons
1236 3398 1385 3437 entered
1403 3397 1469 3434 the
1486 3395 1565 3442 ine,
1594 3394 1639 3443 of
1652 3395 1780 3433 whom
1799 3393 1862 3432 the
1879 3391 1973 3441 Con·

1125 3450 1295 3488 nilhmcn
1318 3451 1387 3487 and
1401 3448 1531 3487 Welss'r
1549 3448 1692 3487 remain
1711 3456 1750 3486 to
1768 3446 1845 3485 thie
1860 3447 1942 3498 day,

1180 3503 1244 3554 (3)
1260 3504 1332 3541 For
1345 3503 1411 3540 the
1427 3500 1577 3539 Greeks
1589 3501 1661 3539 'call
1675 3509 1741 3538 not
1754 3497 1974 3539 themselves

1123 3557 1292 3602 Graecos,
1323 3556 1389 3593 but
1421 3554 1601 3592 Hellenes
1620 3567 1630 3591 ε
1647 3555 1717 3591 and
1748 3552 1814 3590 the
1844 3549 1974 3592 Latina

1123 3607 1495 3654 alithemrcraecos
1511 3595 1587 3649 and'
1602 3614 1669 3647 net
1688 3605 1881 3647 nenena.

1872 3751 1978 3800 rep-
