2111 3843
249 160 377 227 118*
554 158 921 223 RERUM
992 148 1699 214 ‚ScoTrc-Anum

240 273 436 323 regnum
457 256 572 305 tanti
594 255 637 302 ei
661 254 824 300 debere
842 246 1006 300 videri,
1035 256 1083 292 ut
1106 245 1162 291 ad
1180 245 1456 293 eversionem
1480 236 1716 308 religionis
1740 243 2011 294 Christianae

243 325 501 373 societatem
525 336 628 366 cum
652 313 914 362 hominibus
940 309 1092 356 insidis
1115 309 1258 356 coiret
1283 328 1294 356 :
1331 310 1412 373 qui
1436 308 1582 356 nihilo
1605 307 1794 356 sanelins
1816 311 2011 358 amiciti·

244 405 336 443 arn,
360 391 408 436 ὅ(
432 385 604 432 foedera
626 396 729 426 cum
753 393 808 423 eo
829 373 998 423 culturi
1021 374 1174 426 essent,
1217 389 1356 436 quam
1376 390 1479 420 cum
1507 371 1787 420 Brittonibus
1808 387 1912 421 ante
1936 391 2015 422 co·

241 452 438 501 luissent.
504 446 657 494 Movit
688 441 825 489 etiam
851 446 890 486 δι
913 439 1050 502 ipsius
1077 437 1258 483 Arcturi
1280 437 1517 500 ingenium
1558 436 1765 491 liberale,
1822 443 1863 485 &
1885 438 2027 501 supra.

243 528 423 563 aetatem
457 510 597 557 animi
620 505 910 570 magnitudo.
980 502 1128 566 Igitur
1152 501 1302 547 foedus
1332 516 1359 546 a
1378 501 1606 563 prioribus
1644 500 1852 565 Regibus
1890 501 2012 549 inter

244 569 919 633 Scotos‚Pie'tosssrittonesque
934 568 1101 615 factum
1115 566 1266 612 denuo
1282 565 1340 612 est
1355 565 1673 612 confirmatum
1692 584 1702 612 :
1729 578 1944 628 tantaque
1960 580 2040 614 ex.

243 657 302 692 eo
323 644 471 689 secuta
494 638 553 684 est
586 635 886 688 familiaritas,
929 645 978 680 ut
1001 631 1177 678 Lothus
1199 627 1454 676 Galvinum
1479 629 1504 676 ὲ
1534 628 1714 674 duobus
1737 630 1842 676 siliis
1866 631 2015 677 mino—

243 726 357 761 rem,
384 704 462 751 ubi
496 701 699 765 primum
720 717 801 763 per
823 710 1004 745 aetatem
1026 696 1203 742 labores
1226 693 1342 740 ferre
1363 703 1560 757 poterat,
1599 691 1647 737 in
1669 696 1820 741 aulam
1847 695 2018 741 Britto-

244 789 354 821 num
376 769 418 814 se
441 767 672 815 missurum
694 765 748 812 fit
768 762 1020 828 pollicitus.

307 834 487 882 XXIV.
521 830 634 878 Iniit
656 845 848 892 regnum
875 828 1092 872 Arcturus
1115 821 1298 870 decimo
1318 823 1480 870 ottavo
1498 819 1645 868 aetatis
1668 837 1789 868 anno
1811 822 2016 870 nondum

243 900 445 962 expleto.
515 895 604 942 Sed
629 908 678 941 ut
695 894 739 940 ei
761 892 938 939 animus
961 889 1092 952 supra
1110 898 1290 934 aetatem
1310 899 1424 941 erat,
1448 885 1514 932 ita
1531 886 1685 932 animo
1707 886 1883 933 excelso
1902 903 2019 933 nun—

283 979 385 1011 uam
408 960 620 1008 successus
644 957 806 1005 defuit.
875 956 997 1001 Cum
1023 964 1151 1016 pater
1176 950 1274 1011 ejus
1304 966 1498 1014 regnum
1534 950 1667 997 certis
1709 950 1876 997 finibus
1914 966 2019 998 cum

337 1026 505 1074 onibus
524 1023 750 1076 divisisset,
773 1019 1031 1084 pacemque'
1047 1016 1181 1064 certis
1205 1015 1383 1077 legibus
1402 1012 1680 1067 confecisset,
1705 1016 1807 1077 plus
1831 1016 1952 1077 apud
1974 1030 2021 1060 e·

244 1108 298 1142 os
315 1091 459 1138 valuit
478 1087 725 1136 occasionis
748 1103 802 1132 ex
825 1081 1128 1131 adolescentia
1149 1081 1289 1143 Regis
1312 1077 1697 1133 blandimentum,
1711 1094 1858 1141 ,quam
1875 1078 2022 1125 foede-

244 1173 349 1206 rum
372 1152 593 1202 sanctitas.
662 1153 882 1199 ArCturus
918 1160 967 1193 ut
1000 1145 1267 1192 incendium
1290 1145 1337 1190 in
1362 1155 1464 1189 ortu
1486 1141 1584 1204 ipso
1609 1141 1753 1189 statim
1777 1141 2022 1207 extingue—

246 1234 318 1270 ret
338 1218 532 1267 collefito
552 1216 686 1264 citius
708 1215 916 1262 omnium
937 1210 1157 1275 opinione
1186 1207 1406 1261 exercitu,
1441 1206 1684 1279 accitisque
1706 1207 1956 1262 Pictorum,
1981 1212 2021 1254 δε

245 1289 490 1335 Scotorum
513 1280 693 1330 auxiliis
716 1279 895 1327 duobus
919 1273 1098 1338 magnis
1134 1272 1303 1338 praeliis
1334 1271 1505 1318 hostem
1529 1270 1641 1317 vicit
1668 1289 1679 1318 ε
1724 1273 1773 1321 &
1796 1271 1851 1317 ad
1875 1270 2019 1318 tribu-

246 1365 348 1401 tum
371 1347 684 1412 pendendum,
708 1344 920 1408 legesque
942 1339 1232 1404 accipiendas
1254 1336 1498 1400 compulit.
1547 1335 1723 1382 Eodem
1746 1335 1924 1399 impetu
1948 1351 2025 1382 ca-

285 1427 334 1463 ut
356 1412 487 1478 regni
511 1409 725 1459 Saxonici
748 1405 1013 1456 Londinum
1034 1403 1177 1466 capit,
1214 1407 1254 1448 δι
1277 1401 1409 1448 rebus
1444 1400 1511 1447 ibi
1534 1399 1797 1463 compositis
1821 1401 1939 1446 reeta
1961 1399 2026 1447 E·

242 1432 468 1529 geracum
493 1477 636 1524 ducit.
707 1474 796 1522 Sed
818 1488 894 1518 au*
908 1469 1093 1516 iliorum
1113 1484 1137 1514 e
1161 1465 1415 1513 Ger-mania
1435 1463 1781 1511 advenientium
1802 1462 1946 1517 fama,
1983 1467 2024 1510 ἅς

245 1542 514 1610 propinqua
533 1540 680 1587 hiems
705 1535 984 1585 obsidionem
1008 1533 1177 1579 solvere
1200 1529 1369 1594 coegit.
1437 1528 1652 1575 Proxima
1687 1530 1832 1574 aestate
1859 1529 2024 1574 Ardu-

246 1625 327 1656 rus
370 1618 495 1652 metu
518 1602 696 1667 ingenti
734 1618 790 1648 ex
827 1598 934 1645 anni
967 1595 1205 1659 superioris
1230 1592 1469 1656 repentino
1507 1591 1697 1638 successu
1720 1591 1906 1650 injeEto,
1944 1591 2024 1637 ubi

246 1672 450 1736 primum
474 1669 733 1715 Eboracum
752 1661 955 1716 advenit,
978 1661 1204 1724 oppidum
1220 1674 1300 1721 per
1317 1656 1600 1702 deditionem
1620 1654 1810 1716 recepit.
1852 1655 1922 1701 Εὸ
1942 1670 2029 1702 un.

246 1736 393 1799 dique
414 1731 688 1787 vicinorum,
730 1736 769 1777 35
793 1727 963 1775 civium
995 1723 1235 1771 nobilitate
1257 1719 1530 1768 adveniente
1551 1735 1656 1765 curn
1695 1717 1761 1763 ibi
1783 1718 2033 1774 hiemaret,

252 1815 459 1849 extremo
482 1794 733 1844 Decembri
755 1791 968 1841 omnibus
988 1788 1123 1843 laetis,
1159 1793 1198 1835 &
1224 1784 1467 1849 potationi,
1492 1782 1756 1845 caeterisque
1777 1799 1880 1845 quae
1901 1799 1958 1829 ex
1975 1799 2030 1828 ea

250 1865 496 1914 nascuntur
507 1861 632 1908 vitiis
645 1857 813 1907 deditis
832 1867 986 1904 renata
999 1854 1058 1901 est
1075 1854 1146 1913 (1)
1163 1865 1367 1899 veterum
1388 1847 1748 1895 saturnaliorum
1762 1845 1934 1910 imago,
1951 1846 2027 1893 sed

253 1943 446 1977 numero
466 1925 644 1974 dierum
663 1921 918 1986 duplicate,
944 1924 983 1966 δι
1006 1916 1128 1980 apud
1152 1913 1434 1978 potentiores
1459 1912 1688 1975 triplicato
1710 1929 1720 1956 :
1765 1911 1933 1973 quibus
1956 1909 2028 1958 di·

249 1994 366 2043 ebus
386 2007 532 2056 prope
554 1989 680 2038 nesas
703 1987 895 2034 habetur
915 1983 1089 2046 aliquid
1113 1980 1234 2027 seriae
1256 1978 1321 2025 rei
1340 1993 1490 2041 agere.
1546 1977 1742 2022 Munera
1762 1975 2033 2023 mittuntur..

255 2059 330 2108 Fit
353 2070 532 2110 mutua,
556 2060 597 2102 δε
619 2051 797 2118 prolixa
819 2050 938 2097 inter
960 2046 1129 2093 amicos
1153 2043 1380 2090 invitatio.
1406 2042 1449 2088 A
1473 2038 1778 2087 ministrorum
1801 2038 2030 2105 castigati·

253 2139 347 2172 one
369 2121 632 2168 abstinetur.
656 2115 811 2164 Nostri
830 2116 900 2175 (2)
922 2110 1045 2176 Julia
1068 2110 1115 2157 id
1131 2109 1289 2155 festum
1307 2117 1488 2160 vocant,
1508 2103 1696 2151 Caesaris
1713 2102 1931 2150 videlicet
1944 2118 2028 2149 no-

241 2186 381 2236 'mine
399 2201 482 2249 pro
506 2185 700 2231 Saturno
718 2180 968 2226 substituto.
1026 2175 1185 2238 Vulgo
1206 2170 1458 2236 persuasum
1481 2170 1542 2215 est
1564 2167 1760 2215 natalem
1782 2166 1950 2214 Christi
1971 2165 2030 2213 iia

245 2249 533 2300 *ceremoniis
554 2245 680 2294 coli:
715 2243 868 2308 quain
893 2259 941 2289 re
974 2238 1124 2286 verius
1160 2235 1568 2285 Bacchanaliorum
1598 2230 1844 2287 lasciviam,
1888 2246 2031 2295 quam

256 2313 428 2364 Christi
450 2326 550 2361 tum
570 2310 666 2358 nati
688 2307 956 2356 memoriam
977 2303 1132 2351 referri
1157 2301 1258 2349 satis
1279 2300 1466 2347 constat.

323 2377 477 2427 XXV.
511 2379 690 2425 Interea
708 2389 816 2421 cum
843 2373 1041 2419 Saxones
1063 2367 1118 2414 ad
1144 2365 1377 2414 Umbrum
1404 2363 1664 2410 dicerentur
1683 2359 1852 2407 habere
1875 2359 2043 2414 castra,

257 2446 480 2494 Arcturus
498 2441 555 2488 ad
574 2438 719 2488 dubia
747 2437 895 2486 adhuc
917 2435 1044 2498 signa
1063 2431 1181 2479 veris
1209 2430 1265 2476 ad
1291 2445 1369 2476 eos
1392 2427 1535 2475 ducit.
1604 2426 1677 2488 (3)
1703 2422 2033 2486 Frafftvolup.

242 2507 429 2557 'tatibus
448 2506 675 2554 Brittones
692 2518 798 2549 cum
817 2499 994 2565 segnius
1018 2491 1194 2545 militiae
1214 2510 1407 2541 munera
1417 2491 1722 2544 obirent,nec
1744 2488 1889 2535 iidem*
1902 2487 2035 2535 vide·

259 2584 434 2626 rentur,
451 2570 536 2644 qui
558 2582 628 2617 tot
645 2566 812 2632 praeliis
836 2567 1035 2613 Saxones
1062 2561 1293 2612 fuderant,
1319 2570 1588 2618 tantumque
1611 2569 1692 2615 per
1714 2551 1869 2600 ocium
1895 2551 2033 2599 luxu·

258 2636 429 2686 riorum
447 2635 710 2681 viderentur
726 2631 783 2678 ad
802 2628 1104 2677 temeritatem
1124 2622 1348 2686 adjecisse,
1373 2634 1597 2685 quantum
1617 2618 1675 2664 de
1692 2616 1928 2670 severitate
1945 2614 2035 2661 dis-

261 2700 448 2764 ciplinae
465 2697 771 2751 detraxissent,
796 2712 821 2741 a
836 2692 1087 2740 senioribus
1109 2701 1210 2736 orta
1226 2685 1402 2734 mentio
1424 2686 1485 2731 est
1506 2684 1564 2730 de
1588 2682 1848 2735 Scotorum,
1873 2684 1913 2726 δι
1932 2679 2034 2727 Pic-

260 2779 415 2814 torum
436 2762 618 2811 auxiliis
640 2757 931 2815 accersendis.
966 2756 1020 2802 Id
1043 2753 1178 2800 facile
1200 2768 1281 2815 per
1300 2751 1476 2814 legatos
1498 2746 1791 2813 impetratum
1812 2763 1823 2791 :
1860 2747 1901 2790 δι
1920 2758 2035 2805 quos

262 2829 596 2891 ambitiopene
618 2826 880 2878 diremerat,
904 2822 969 2867 ita
989 2816 1260 2865 conciliavit
1275 2813 1469 2861 studium
1489 2809 1745 2874 religionis,
1760 2813 1804 2856 .&
1828 2807 2038 2854 accendit

266 2893 516 2947 aemulatio,
558 2903 607 2939 ut
629 2904 848 2954 opinione
875 2884 1010 2932 citius
1034 2881 1093 2929 ab
1116 2894 1311 2943 utroque
1333 2877 1465 2949 Reg'e
1484 2875 1632 2937 copiae
1661 2873 1874 2919 adessent.
1945 2872 2038 2923 Lo·

262 2959 368 3006 thus
390 2957 529 3005 etiarn
553 2966 603 3002 ut
639 2951 782 3001 animi
812 2945 1094 2998 reconciliati
1127 2945 1258 2992 daret
1291 2953 1490 3005 apertius
1514 2935 1823 2985 testimonium
1845 2935 2037 2983 Modre-

265 3022 396 3078 dum,
418 3027 458 3070 δι
474 3019 729 3070 Galvinum
746 3016 862 3063 filios
874 3014 922 3061 in
940 3012 1078 3059 castra
1093 3008 1243 3056 secum
1258 3004 1467 3053 adduxit.
1493 3001 1749 3049 Galvinum
1764 2999 1905 3047 etiam
1923 2999 2041 3047 Arc-

265 3099 370 3134 turo
391 3085 607 3134 comitem
631 3082 762 3131 dedit
798 3099 809 3126 :
855 3093 994 3142 quern
1014 3074 1095 3121 ille
1118 3084 1244 3120 tanta
1263 3067 1548 3118 humanitate
1573 3065 1841 3127 complexus
1872 3063 1952 3118 est,
1989 3073 2056 3110 ut.

265 3152 363 3212 post
384 3167 489 3197 eum
513 3149 638 3197 diem
664 3143 798 3195 fimul
829 3148 868 3190 &
887 3142 1029 3189 vitam
1054 3132 1367 3200 transegerint,
1393 3139 1433 3180 &
1455 3142 1663 3179 mortem.
1673 3127 1888 3175 obierint.
1953 3127 2041 3174 Pa-

267 3225 367 3262 ratu
385 3213 412 3259 ὲ
431 3213 578 3262 tribus
594 3211 804 3278 Regibus
819 3205 1043 3259 exercitu,
1057 3200 1296 3264 castrisqqie
1312 3194 1568 3259 conjunctis
1588 3188 2059 3258 utquemadmodum
2110 3199 2111 3207 ¹

319 3350 385 3402 (r)
413 3350 502 3388 The
519 3353 579 3389 olel
598 3350 784 3396 Romans,
812 3346 854 3385 in
887 3345 955 3384 the
982 3343 1053 3382 end
1081 3341 1127 3381 of
1230 3338 1292 3390 (2.)
1320 3337 1439 3381 vute,
1458 3334 1559 3372 from
1574 3331 1729 3386 Julius;
1764 3329 1827 3368 for
1843 3327 1909 3366 the
1938 3324 2059 3365 ancia

266 3403 488 3449 December,
522 3404 726 3442 celebrated
745 3404 880 3450 always
897 3412 918 3436 a
935 3407 1035 3447 great
1054 3395 1125 3434 fes·
1180 3400 1262 3431 ente
1280 3388 1513 3443 pronounced
1530 3387 1554 3439 J
1573 3385 1776 3423 consonant
1809 3384 1864 3432 (as
1882 3381 1921 3419 in
1938 3378 2041 3433 Juli-

241 3491 244 3496 .
264 3457 376 3505 tivity
395 3456 453 3494 for
467 3465 533 3493 ten
563 3459 678 3504 days,
696 3455 903 3493 inhonour
914 3451 963 3490 of
970 3452 1126 3494 saturn,
1181 3447 1244 3498 us)
1263 3458 1302 3484 as
1318 3442 1600 3493 we‘pronounce
1613 3438 1669 3485 Y,
1687 3437 1812 3490 Julius
1829 3446 1869 3474 aa
1885 3433 2042 3474 Yulius.

268 3509 364 3601 wsith
386 3508 458 3599 ῐὲεὲ
469 3508 550 3598 Ιῇίὶὶεε
583 3509 782 3558 solemnity.
809 3507 873 3545 the
891 3505 1022 3556 papi&
1039 3515 1127 3541 now
1237 3497 1300 3551 (3)
1329 3496 1417 3535 MS.
1433 3492 1559 3532 Fufii
1577 3490 1738 3531 deliciis.

270 3577 293 3600 u
311 3576 330 3601 e
348 3569 386 3601 at
462 3574 493 3600 ri
526 3573 619 3599 mas.

1948 3649 2067 3688 flat·
