2106 3838
238 137 323 209 86
534 138 894 205 RERUM
994 136 1682 212 ScoTchRuM

236 235 380 298 Regis
400 236 493 291 filia
511 236 560 284 in
583 236 928 284 matrimonium
946 245 1134 296 accepta
1152 251 1253 285 eam
1277 240 1582 291 confirmavit.
1604 244 1694 291 Sed
1715 242 1832 303 hanc
1848 251 2007 311 publi-

237 312 340 346 cam
360 301 566 349 laetitiam
590 300 760 348 subitus
776 298 1103 345 Orcadenfium
1126 296 1174 369 in
1189 300 1381 350 Albium
1403 305 1633 354 exscensus
1673 305 2001 373 interpellavit.

236 363 329 413 Eos
351 379 537 428 repente
560 367 661 412 Rex
698 362 922 425 aggressus
961 378 1018 408 ex
1043 378 1164 425 agris
1183 363 1241 412 ad
1262 365 1458 427 montes,
1481 369 1507 416 ὲ·
1531 371 1764 421 montibus
1786 375 1844 422 ad
1878 394 2005 429 mare

235 429 485 492 compulit.
545 430 618 476 Ibi
641 427 935 489 trepidantes»,
976 427 1027 476 &
1048 426 1096 473 in
1122 426 1464 480 conscendendo
1487 435 1690 484 turbatos
1713 437 1897 489 adortus
1919 459 2001 504 pe-

234 505 295 543 ne
317 494 374 542 ad
398 509 540 542 unum
561 490 778 538 concidit.
845 489 981 536 Belus
1004 506 1162 537 eorum
1187 491 1287 540 Rex
1306 492 1537 556 desperata
1549 498 1686 549 salute
1710 501 1790 548 fibi
1811 519 2002 558 manum

233 555 408 606 intulit.
476 558 656 605 Euenus
679 554 802 600 bello
821 552 1060 625 defunctus
1084 555 1142 602 ad
1164 556 1288 619 pacis
1312 573 1452 625 opera
1471 563 1707 613 conversus
1729 566 1822 615 duo
1840 583 2002 631 empo-

230 620 300 670 ria
321 622 432 669 locis
455 618 709 668 commodis
731 616 922 664 instituit
942 636 953 664 ε
987 618 1170 682 utrique
1194 619 1253 667 ab
1275 622 1487 670 amnibus
1501 628 1910 687 praeterfluentibus
1927 632 2000 681 in-

227 684 327 733 dita
347 686 548 739 nomina,
572 681 896 736 Ennerlotbea,
921 687 961 729 8ι
981 683 1268 731 Ennerneffa.
1303 686 1455 739 Enner
1473 689 1598 736 enirn
1621 689 1755 753 prisci
1774 695 1898 743 Scoti
1917 713 1999 743 vo-

227 761 335 796 eant
368 752 538 801 locum,
576 762 670 809 quo
700 756 837 793 naves
860 747 1091 809 appellere
1112 750 1307 812 possunt.
1377 751 1588 800 AEbudas
1609 754 1750 818 longa
1773 756 1999 808 bellorum

226 811 414 860 licentia
434 811 763 860 tumultuantes
785 809 970 858 sublatis
992 811 1112 859 inter
1130 812 1303 862 incolas
1327 814 1561 865 discordiis
1580 819 1775 881 pacavit.
1864 822 2000 875 Brevi

220 875 387 926 deinde
409 878 523 939 post,
547 890 653 923 cum
676 873 999 939 septemdecim
1022 877 1242 940 regnasset
1265 878 1393 926 annis
1412 893 1608 930 mortem
1629 882 1762 932 obiit.

283 1020 397 1068 XX.
434 1017 612 1067 SUFF
627 1017 664 1065 E
679 1014 881 1066 CTUS
915 1013 959 1060 ei
980 1015 1079 1061 Rex
1100 1016 1160 1061 est
1183 1015 1357 1062 Ederus
1381 1016 1612 1065 Dochami
1635 1019 1769 1068 filius.
1817 1024 1861 1070 Is
1887 1026 1994 1076 cum

219 1101 333 1152 pace
354 1083 499 1139 domi,
525 1081 720 1144 forisque
741 1090 871 1142 parta
891 1078 1132 1134 frueretur,
1172 1094 1224 1127 ac
1246 1080 1564 1128 venationibus
1599 1100 1655 1130 ex
1676 1096 1827 1132 vetere
1844 1090 1998 1150 gentis

218 1147 546 1198 consuetudine
567 1146 848 1207 indulgeret,
872 1142 1020 1193 subito
1042 1145 1229 1191 affertur
1251 1145 1466 1192 Bredium
1492 1145 1748 1195 insulanum
1776 1149 1896 1198 Gilli
1922 1166 1995 1216 ty-

216 1213 349 1262 ranni
371 1211 686 1275 propinquum
708 1224 877 1270 magna
897 1223 1003 1254 cum
1026 1209 1155 1254 claffe
1173 1207 1410 1270 appulisse,
1452 1211 1613 1258 aelate
1635 1214 1812 1274 praedas
1835 1232 1988 1279 agere.

216 1276 444 1326 Adversus
466 1278 589 1322 hunc
610 1270 908 1321 tumultuario
929 1285 1116 1336 repente
1137 1272 1341 1320 exercitu
1364 1273 1501 1320 ducto
1523 1277 1658 1323 nodku
1678 1277 1871 1326 hostium
1895 1282 1989 1328 cas-

216 1343 302 1390 tris
321 1353 494 1405 quanto
516 1338 669 1403 potuit
690 1353 795 1384 cum
818 1335 995 1384 silentio
1018 1337 1257 1399 praeteritis
1277 1338 1512 1385 stationem
1538 1340 1722 1387 navium
1744 1345 1990 1406 aggressus,

213 1423 359 1470 parvo
381 1404 570 1470 negotio
593 1402 918 1465 necopinantes
963 1400 1010 1449 in
1035 1402 1156 1448 suam
1188 1404 1451 1464 potestatem
1476 1404 1689 1468 redegit:
1728 1408 1990 1458 custodibus

213 1471 372 1518 occisis
394 1470 573 1516 classem
594 1466 817 1514 incendit.
886 1466 1028 1519 Mane
1050 1465 1097 1512 in
1133 1466 1277 1512 hostes
1299 1465 1431 1516 duxit
1455 1485 1466 1513 ε
1503 1483 1554 1514 ac
1577 1469 1676 1530 pari
1699 1471 1986 1535 negligentia

212 1534 281 1581 ibi
311 1534 499 1581 inventa
521 1532 673 1596 primo
696 1530 895 1577 tumultu
917 1529 1240 1592 incompositos
1264 1530 1399 1577 fudit.
1481 1532 1624 1579 Multi
1660 1533 1781 1581 inter
1801 1539 1985 1583 cunda·

212 1599 386 1645 tionem
410 1614 597 1660 pugnae,
619 1611 672 1642 ac
691 1596 813 1657 fugae
835 1594 932 1640 caesi
958 1612 968 1640 :
1003 1594 1169 1656 reliqui
1192 1595 1250 1642 ad
1269 1611 1390 1641 mare
1416 1597 1723 1659 propinquum
1745 1597 1987 1648 interclusa

210 1663 324 1726 fuga
342 1661 483 1723 capti,
509 1667 550 1707 δι
571 1658 747 1722 laqueis
769 1658 1047 1720 strangulati.
1115 1659 1276 1704 Praeda
1291 1659 1492 1705 dominis
1512 1661 1861 1723 agnoscentibus
1880 1666 1984 1711 red-

210 1726 322 1773 dita.
393 1724 600 1772 Similem
624 1722 871 1769 tumultum
894 1737 951 1767 ex
983 1722 1151 1768 eisdem
1186 1721 1342 1770 insulis
1367 1723 1461 1784 post
1486 1723 1662 1785 aliquot
1700 1742 1841 1774 annos
1867 1728 1983 1788 ejus-

208 1791 315 1837 dem
340 1789 460 1836 Gilli
483 1789 596 1836 alius
619 1787 904 1850 propinquus
922 1786 1157 1840 excitavit,
1178 1786 1260 1848 qui
1284 1786 1472 1832 similem
1498 1803 1682 1850 quoque
1706 1789 1865 1838 habuit
1886 1792 1983 1839 exi-

208 1868 309 1901 tum
332 1855 485 1900 deleto
506 1851 725 1905 exercitu,
745 1850 873 1897 class‘e
896 1849 1093 1904 incensa,
1115 1850 1268 1913 praeda
1286 1864 1566 1912 recuperata,
1587 1868 1638 1898 ac
1657 1853 1859 1902 dominis
1876 1858 1980 1903 red-

205 1918 318 1965 dita.
388 1919 458 1965 Ita
478 1934 589 1980 pace
629 1914 800 1977 ubique
824 1925 971 1977 parta,
1008 1914 1141 1962 senex
1163 1916 1323 1962 ofilavo
1346 1920 1386 1967 δι
1421 1916 1767 1979 quadragesimo
1796 1919 1981 1984 imperii

205 1999 326 2031 anno
349 1983 510 2029 morbo
531 1984 592 2029 est
611 1979 856 2027 extinEtus.

268 2114 399 2159 XXI.
434 2112 602 2159 HUIC
626 2108 820 2156 succeffit
842 2108 1024 2155 Euenus
1049 2107 1206 2155 tertius
1228 2107 1446 2167 indignus
1473 2109 1653 2172 optimo
1672 2125 1799 2173 patre
1821 2114 1938 2161 filius
1961 2136 1971 2162 :

202 2176 284 2240 qui
307 2194 398 2224 non
421 2187 661 2222 contentus
682 2186 865 2221 centum
885 2171 910 2218 ὲ
933 2173 1171 2220 nobilitate
1190 2159 1477 2226 concubinis,
1502 2174 1547 2218 ni
1567 2174 1687 2220 suam
1713 2176 1974 2239 spurcitiem

200 2240 302 2293 latis
324 2240 505 2304 legibus
526 2239 574 2286 in
591 2240 757 2303 vulgus
781 2236 1007 2301 proderet.
1076 2236 1214 2282 Tulit
1230 2236 1370 2289 enim,
1397 2251 1446 2283 ut
1467 2237 1610 2285 cuivis
1633 2238 1791 2287 liceret
1813 2260 1895 2304 pro
1918 2260 1970 2288 o-

198 2305 335 2368 pibus
353 2318 474 2366 quot
494 2305 613 2351 alere
635 2303 776 2367 posset
796 2318 955 2349 uxores
978 2302 1143 2348 ducere
1162 2319 1171 2347 ε
1200 2314 1249 2347 ut
1263 2302 1363 2346 Rex
1382 2313 1486 2347 ante
1508 2302 1694 2365 nuptias
1712 2304 1972 2367 sponsarum

197 2368 444 2422 nobilium,
467 2368 643 2416 nobiles
664 2366 947 2431 plebeiarum
970 2366 1261 2429 praelibarent
1282 2364 1582 2428 pudicitiam:
1609 2379 1657 2413 ut
1678 2369 1967 2432 plebeiorum

198 2449 362 2484 uxores
384 2449 489 2479 cum
511 2432 750 2479 nobilitate
780 2447 1046 2478 communes
1085 2430 1237 2476 esscnt.
1307 2429 1443 2498 Hanc
1465 2429 1733 2494 flagitiosam
1756 2433 1851 2494 ejus
1887 2452 1967 2481 ne-

195 2495 394 2562 quitiam
416 2496 575 2543 secutae
599 2496 699 2542 sunt
735 2499 806 2557 (ut
828 2495 920 2542 fere
952 2494 1114 2553 fiolent)
1140 2492 1330 2540 comites
1353 2493 1548 2549 luxuria,
1573 2495 1833 2551 crudelitas,
1859 2514 1965 2547 ava·

194 2560 316 2612 titia.
383 2561 508 2608 Nam
531 2575 636 2607 cum
659 2560 716 2605 ad
738 2559 939 2622 sumptus
959 2575 1068 2621 opes
1092 2574 1182 2604 non
1203 2557 1832 2621 suppeterent,opulentlores
1855 2578 1965 2610 con-

194 2623 309 2678 sistis
331 2625 472 2676 causis
495 2624 786 2687 rapiebantur
808 2625 865 2669 ad
886 2621 1178 2686 supplicium,
1203 2625 1252 2671 δι
1277 2622 1555 2668 commercio
1580 2623 1701 2687 Regi
1723 2640 1825 2672 curn
1852 2625 1963 2674 furi-

193 2686 280 2742 bus
302 2688 419 2736 inito
440 2688 623 2735 furandi
645 2688 819 2736 summa
839 2700 933 2733 erat
955 2686 1221 2750 impunitas.
1293 2687 1363 2733 Ita
1389 2702 1527 2748 quam
1551 2689 1745 2752 gratiam
1772 2689 1830 2736 ab
1852 2690 1963 2737 ado-

191 2753 404 2803 lescentia
425 2767 638 2815 corrupta
669 2768 725 2799 cx
758 2749 1026 2815 promiscuae
1058 2748 1264 2797 libidinis
1302 2749 1587 2814 permistione
1625 2751 1836 2813 sperarat,
1861 2771 1964 2801 eam

189 2817 468 2870 truculentia
488 2823 527 2864 &
546 2815 793 2879 rapacitate
812 2814 958 2861 amisit
981 2832 993 2860 :
1028 2820 1067 2861 Sc
1098 2813 1415 2874 conjuratione
1445 2813 1699 2865 nobilitatis
1724 2816 1841 2863 faeta
1859 2818 1958 2864 sen·

186 2881 256 2935 fit,
281 2897 421 2944 quam
441 2881 584 2930 infida
598 2884 824 2927 maiorum
845 2878 951 2925 esset
970 2878 1172 2925 societas.
1240 2877 1364 2924 Nam
1387 2893 1491 2924 cum
1513 2878 1718 2941 primum
1743 2880 1789 2926 in
1812 2881 1956 2929 aciem

185 2959 375 2992 ventum
395 2946 476 2999 est,
498 2962 524 2991 a
540 2944 628 2992 suis
650 2944 904 2997 destitutuS,
927 2942 1057 2989 vivus
1079 2941 1127 2988 in
1149 2941 1344 2988 hostium
1367 2957 1527 2989 manus
1550 2942 1698 2997 venit,
1720 2959 1772 2990 ac
1809 2944 1854 2991 in
1877 2961 1960 2993 cu-

184 3008 374 3058 stodiam
396 3009 631 3072 publicam
648 3008 879 3070 conjeflus
901 3008 977 3054 est'.
1023 3006 1298 3060 Cadallano,
1321 3005 1403 3068 qui
1427 3022 1513 3069 pro
1534 3007 1664 3071 Rege
1684 3009 1726 3054 ei
1749 3007 1959 3057 suffectus
1986 3041 1989 3044 -

184 3085 295 3127 erat,
317 3087 510 3137 rogante
531 3075 588 3120 de
623 3089 761 3136 pccna
780 3072 896 3134 ejus,
917 3070 966 3118 in
1000 3082 1223 3134 perpetua
1244 3067 1430 3117 vincula
1462 3071 1524 3116 est
1557 3071 1814 3119 damnatus.
1885 3074 1957 3122 lbi

182 3134 372 3197 quidam
389 3153 445 3183 ex
467 3137 665 3185 inimicis
689 3137 892 3200 priorum
914 3135 1185 3181 offensarum
1208 3148 1385 3194 memor
1405 3133 1431 3179 ἐ
1449 3135 1574 3182 caede
1590 3135 1732 3199 Regis
1755 3137 1827 3183 vel
1846 3153 1954 3200 pro-

181 3213 334 3247 cerum
358 3201 573 3264 gratiam,
596 3203 666 3248 vel
686 3201 840 3253 saltem
860 3198 1181 3263 impunitatem
1204 3196 1411 3261 sperans,
1426 3215 1531 3245 eum
1553 3201 1691 3247 noctu
1708 3199 1755 3246 in
1774 3215 1953 3248 carcere

178 3262 489 3327 strangulavit,
516 3282 620 3312 cum
637 3265 733 3326 jam
757 3265 928 3329 septem
963 3278 1104 3311 annos
1126 3258 1361 3329 regnasset.
1430 3261 1774 3324 Ejusfacinoris
1796 3267 1953 3314 auctor

178 3324 319 3382 frasta
333 3328 447 3395 gula
465 3345 622 3392 poenas
642 3329 730 3382 luit
749 3330 842 3392 (1).

239 3462 399 3513 XXII.
412 3514 418 3518 ,
431 3466 459 3512 S
471 3465 510 3512 E
521 3465 561 3514 C
574 3466 622 3516 U
634 3465 681 3514 T
693 3468 740 3515 U
755 3468 785 3516 S
800 3514 803 3516 ,
816 3467 878 3515 est
891 3464 1177 3520 Metellanus
1194 3462 1336 3521 Edeti
1347 3460 1661 3532 propinquus,
1675 3479 1776 3533 ‚non
1793 3463 1950 3525 minus

226 3594 292 3647 (i)
319 3594 410 3635 Was
429 3594 574 3645 hanged
594 3609 633 3634 or
650 3595 826 3644 strangled
845 3602 885 3636 to
901 3595 1034 3638 death.
1882 3640 1963 3692 ob
