2055 3828
236 112 363 157 200
542 91 897 157 RERUM
987 89 1665 162 SCOTICARUM

235 183 262 230 Ξ
279 188 486 255 principe
510 189 604 236 solo
639 188 753 235 facta
772 189 892 241 effet,
913 203 1006 234 non
1027 189 1287 237 convocatis
1313 190 1384 252 (r)
1419 189 1656 240 ordinibus
1679 209 1693 239 t
1725 194 1892 257 quibus
1910 194 1992 248 ina,

234 254 563 310 consultis„aut
584 251 916 298 adversantibus
949 251 1081 304 nihil,
1105 254 1232 316 qnod
1252 253 1308 300 ad
1332 253 1472 302 totius
1493 254 1622 318 regni
1643 257 1802 311 statum
1823 260 1990 313 attine-

234 333 320 376 ret,
339 318 460 381 Regi
482 332 612 379 agere
635 315 784 361 liceat.
840 316 1090 363 Decretum
1107 316 1255 381 igitur
1276 317 1342 372 fit,
1364 318 1577 382 utrlegati
1593 318 1643 366 iu
1656 319 1860 377 Galliam
1881 322 1990 373 mit·

231 384 383 430 saritur
411 383 467 427 ad
491 380 638 425 foedus
669 378 910 442 antiquum
934 381 1265 436 renovandum,
1294 388 1335 430 δε
1353 383 1568 431 Eduardo
1591 382 1786 431 Balliolo
1807 387 1997 438 Ioannis·

226 446 322 495 filio
356 442 701 507 Regiigeneris
732 460 919 491 uxorem
949 444 1301 507 deposcendarn.-
1361 448 1521 495 Altera
1549 446 1661 494 item
1688 448 1736 495 in
1767 448 1992 514 Angliam

227 510 398 574 legatio
422 507 560 559 miffa,
585 522 688 568 quae
708 508 905 556 declaret
921 510 1114 572 -Regem
1139 510 1376 558 Scotorum
1394 512 1521 574 quod
1541 528 1622 574 per
1650 512 1762 566 vim,
1787 529 1839 561 ac
1859 514 1995 563 nullo

224 575 325 636 jure
346 571 626 619 deditionem
650 571 730 625 sui,
752 588 802 618 ac
824 572 957 636 regni
980 574 1136 634 Angl'o
1162 574 1346 628 feciffet,
1367 591 1466 622 eam
1489 591 1724 629 revocare:
1748 593 1800 624 ac
1822 594 1995 626 renun-

228 641 346 684 ciare
368 633 615 681 amicitiam
637 650 743 682 cum
764 636 826 683 ob
844 638 922 683 has
944 637 1111 693 causas,
1136 651 1233 684 tum
1255 639 1316 686 ob
1334 637 1595 686 innumeras
1616 639 1800 700 injurias
1822 641 1992 697 fibi,ac

227 702 311 747 fuis
334 700 470 746 factas
496 715 506 743 :
541 714 593 745 ac
613 698 655 745 se
676 699 976 763 inepristinam
1010 702 1268 750 libertatem
1288 703 1544 751 vendicare.
1612 703 1748 751 Hanc
1776 706 1987 755 renunci-

225 767 424 811 ationem
447 779 552 809 cum
573 780 708 810 nemo
732 766 869 826 paulo
889 765 1102 813 illustrior
1135 768 1322 814 auderet
1343 768 1402 815 ad
1417 766 1665 817 ‚hominem
1691 781 1848 816 natura
1869 786 1988 832 prae-

226 829 440 881 ferocem,
467 833 506 874 &
528 827 718 874 fortunae
752 829 1040 892 indulgentia
1063 845 1207 892 prope
1234 831 1302 880 sui
1324 831 1639 878 immemorem
1663 831 1854 886 deferre,
1878 833 1988 881 Mo-

225 894 394 939 nachus
412 892 622 955 quidam,
643 903 720 937 aut
745 906 794 938 ut
815 893 893 940 alii
914 891 1113 941 scribunt
1137 894 1611 943 Abbas.Abrebr0thii
1634 912 1714 959 per
1735 896 1886 944 literas
1908 898 1987 945 de-

224 957 330 1004 tulit
352 975 362 1003 :
396 955 475 1018 qui
497 955 746 1002 innumeris
768 957 1057 1007 contumeliis
1079 958 1263 1007 affeftus
1287 959 1407 1022 aegre*
1427 961 1673 1006 incolumis
1703 961 1759 1007 ad
1786 960 1883 1010 suos
1915 979 1990 1011 re-

224 1020 326 1076 diit,
351 1019 497 1082 magis
519 1033 785 1083 contemptu
809 1021 871 1068 sui
893 1021 1033 1085 quam
1056 1022 1307 1070 reverentia
1326 1023 1567 1085 legationis
1592 1036 1730 1071 tutus.

288 1086 392 1133 XV.
429 1087 608 1132 interea
625 1086 823 1148 Angl-uS,
843 1089 923 1148 qui
942 1085 1120 1150 aliquot
1141 1088 1357 1134 mensium
1377 1088 1583 1135 inducias
1602 1105 1705 1135 cum
1720 1088 1860 1136 Gallo
1877 1107 1987 1154 pac-

222 1161 294 1198 tus
317 1161 427 1202 erat,
448 1148 626 1212 sperans
649 1164 752 1195 ante
789 1151 966 1198 exitum
1000 1167 1153 1197 earum
1179 1153 1363 1198 Scotum
1389 1152 1660 1215 imparatum
1685 1154 1804 1215 posse
1825 1156 1983 1216 oppri-

222 1213 304 1268 mi,
327 1214 506 1260 classem
533 1213 580 1260 in
618 1212 959 1275 expeditionem
995 1215 1226 1263 Gallicam
1260 1228 1463 1279 paratam
1494 1216 1541 1263 in
1566 1217 1764 1264 Scotiam
1803 1217 1946 1276 mittit
1971 1236 1984 1264 ε

221 1295 326 1341 quae
347 1277 625 1340 prohiberet,
647 1294 702 1323 nc
725 1293 1003 1326 commeatus
1027 1278 1266 1327 Bervicum
1294 1281 1441 1344 (quod
1473 1280 1676 1328 audierat
1695 1281 1848 1332 valido
1868 1299 1986 1345 prae-

222 1342 334 1390 fidio
356 1342 603 1400 firmatum)
628 1342 932 1390 inveheretur.
1001 1343 1122 1391 Cum
1159 1344 1243 1391 hac
1279 1344 1326 1391 in
1361 1345 1695 1392 ostio-fluminis
1720 1347 1846 1395 Scoti
1875 1362 1986 1394 con·

220 1406 347 1468 gressi
371 1405 627 1453 octodecim
653 1421 787 1452 naves
809 1419 1093 1471 expugnant,
1129 1407 1325 1470 reliquas
1354 1407 1403 1455 in
1436 1408 1593 1472 sugam
1624 1422 1824 1456 vertunt.
1891 1411 1984 1464 Ed-

221 1470 349 1520 uardi
372 1471 498 1517 ferox
520 1470 697 1516 animus
718 1471 806 1516 hoc
827 1472 995 1519 damno
1013 1471 1327 1518 vehementius
1345 1473 1402 1519 ad
1422 1472 1668 1520 vindiciam
1688 1475 1747 1520 est
1766 1474 1983 1538 irritatus.

220 1534 472 1582 Balliolum
493 1534 626 1579 semel
650 1547 786 1596 atque
803 1535 966 1582 iterum
989 1535 1036 1582 in
1054 1535 1128 1595 jus
1147 1536 1204 1582 ad
1223 1535 1263 1583 se
1284 1548 1433 1583 vocat.
1502 1538 1599 1599 Ipse
1623 1553 1790 1603 magno
1812 1540 1985 1585 exerci·
2054 1530 2055 1551 ³

212 1611 270 1644 tu
293 1599 448 1645 coac'to
479 1598 534 1643 ad
558 1597 745 1645 Novum
768 1600 957 1645 castrum
982 1599 1038 1646 ad
1065 1599 1235 1646 Tinam
1270 1600 1412 1646 venit.
1462 1601 1553 1647 'lbi
1575 1601 1724 1648 edicio
1753 1603 1984 1663 proposito

221 1663 436 1709 Ioannem
459 1661 622 1713 rursus,
642 1673 688 1706 ut
706 1662 763 1707 de
785 1661 1053 1711 criminibus
1074 1663 1266 1725 objectis
1288 1663 1329 1709 se
1352 1677 1518 1727 purget
1538 1663 1677 1726 injus
1694 1678 1843 1712 vocat.
1889 1667 1985 1721 Ve-

219 1743 319 1773 rum
338 1742 441 1772 cum
468 1742 549 1774 nec
568 1726 662 1777 ille,
680 1741 760 1771 nec
778 1726 1017 1788 quisquam
1036 1727 1129 1788 ejus
1150 1727 1334 1775 nomine
1353 1727 1409 1774 ad
1428 1726 1549 1775 diem
1568 1728 1858 1784 convenisset,
1874 1746 1984 1787 con-

218 1791 316 1837 filio
339 1791 394 1836 ad
418 1789 532 1838 vires
554 1790 730 1850 adjecto
752 1790 968 1838 Bzussium
992 1792 1048 1837 ad
1074 1790 1114 1838 sc
1135 1792 1332 1839 accersit.
1401 1793 1468 1839 Re
1508 1810 1615 1840 num
1647 1792 1687 1840 ei
1725 1792 1980 1855 pollicetur,

219 1855 249 1903 fi
270 1855 316 1902 in
333 1854 526 1902 Balliolo
547 1854 775 1917 exigendo
797 1855 977 1902 fidelem
1000 1870 1184 1918 operam
1207 1870 1355 1903 naver.
1426 1857 1465 1903 A
1524 1874 1662 1920 quarn
1685 1873 1779 1905 rem
1802 1858 1982 1920 perfici-

216 1920 381 1969 endam
402 1935 485 1965 nec
506 1918 677 1973 labore,
696 1935 777 1964 nec
799 1918 1011 1982 impensis
1029 1936 1143 1982 opus
1166 1920 1265 1966 csse.
1334 1921 1541 1968 Tantum
1560 1923 1616 1968 ad
1640 1923 1809 1968 amicos
1827 1923 1904 1969 det
1924 1923 1982 1970 li-

218 1996 352 2035 teras,
377 1995 427 2030 ut
450 1994 527 2030 aut
548 1983 724 2046 Regem
748 1982 970 2038 deserant,
990 1998 1067 2035 eut
1090 1984 1135 2030 in
1161 1983 1320 2046 praelio
1338 1985 1517 2032 ce'ssent.
1585 1987 1683 2045 Ipse
1707 1987 1884 2049 magnis
1903 1986 1986 2037 iti-.

217 2047 401 2095 neribus
422 2046 658 2094 Bervicum
682 2047 933 2094 contendit.
970 2049 1023 2095 ln
1047 2065 1102 2095 eo
1124 2048 1436 2112 oppugnando
1459 2065 1561 2096 cum
1587 2049 1699 2096 nihil
1724 2051 1979 2113 proficeret,

216 2112 342 2174 quod
359 2111 589 2173 ,oppidum
611 2111 768 2160 valido
804 2111 1012 2174 praesidio
1045 2125 1272 2160 teneretur
1296 2113 1502 2159 simulato
1525 2113 1726 2169 discessu,
1748 2116 1872 2162 vel'ut
1900 2133 1981 2164 ex-

215 2176 498 2239 pugnatione
518 2175 750 2238 desperata
771 2192 850 2237 per
869 2177 1028 2225 Scotos
1050 2175 1266 2238 quosdam
1290 2177 1615 2225 Brussianarum
1639 2178 1835 2241 partium
1859 2179 1981 2242 spar-

214 2240 389 2307 gendos
408 2256 609 2286 rumores
632 2252 759 2286 curat
782 2238 1024 2288 Balliolum
1049 2256 1152 2287 cum
1177 2241 1353 2303 magnis
1387 2241 1642 2304 copiisjam
1666 2243 1980 2308 propinquum

214 2304 314 2351 effe.
373 2304 449 2351 Ad
466 2321 570 2351 eum
594 2303 843 2352 honorifice
865 2305 1189 2366 excipiendum
1211 2319 1315 2351 cum
1334 2305 1644 2368 illustrissimus
1666 2307 1854 2370 quisque
1871 2326 1980 2372 pro-

213 2381 441 2431 perarent,
462 2369 671 2431 ‚brbcque
702 2367 788 2415 sese
817 2369 1069 2430 promiscue
1094 2366 1292 2431 pedites,
1321 2369 1585 2433 equitesque
1607 2370 1910 2435 projecissent,
1929 2392 1978 2423 e·

213 2449 324 2495 ques
349 2432 406 2478 ab
424 2432 639 2480 Eduardo
661 2433 878 2479 immiss'us
908 2433 1069 2480 obvios
1092 2433 1257 2496 partim
1284 2434 1530 2496 proculcat,
1555 2435 1721 2498 partim
1745 2434 1772 2481 a
1794 2436 1880 2483 suis
1898 2455 1979 2486 ex-

211 2496 358 2544 cludit
382 2513 393 2541 :
428 2502 467 2544 &
497 2510 720 2560 occupata
748 2510 883 2561 porta
917 2497 1125 2559 proxima
1145 2498 1300 2545 urbem
1327 2497 1597 2570 ingreditur.
1666 2500 1854 2554 Secutus
1877 2502 1978 2549 Rex

213 2575 318 2608 cum
341 2560 550 2623 peditum
571 2561 714 2624 copiis
739 2562 1040 2609 miserabilem
1064 2560 1212 2608 omnis
1234 2578 1412 2627 genens
1435 2563 1609 2610 caedem
1635 2562 1746 2611 edit.
1813 2565 1980 2615 Occisa

213 2624 419 2674 feruntur
437 2625 675 2673 Scotorum
700 2624 831 2691 supra
851 2625 1022 2690 septem
1044 2625 1194 2674 millia
1216 2644 1229 2674 ι
1264 2627 1347 2674 flos
1368 2626 1626 2685 Lothianae‚
1641 2633 1682 2676 ἃ
1700 2627 1872 2678 Bisanae
1893 2646 1978 2680 no-

208 2686 417 2739 bilitatis.
513 2689 526 2699 '
926 2690 939 2695 χ
1127 2740 1132 2746 ,
1258 2723 1263 2727 -

235 2794 240 2797 .
279 2753 416 2811 XVI.
451 2752 574 2800 Cum
601 2752 715 2802 nihil
734 2754 965 2808 minusab
984 2753 1120 2802 initio
1138 2753 1252 2802 mihi
1274 2753 1423 2802 suiss'et
1444 2756 1741 2818 propositum,
1764 2775 1902 2821 quam
1927 2771 1978 2808 ut

213 2816 518 2875 {continente
540 2833 689 2865 rerum
712 2833 767 2865 ex
802 2817 1020 2867 litatione
1040 2819 1314 2869 diverticula
1328 2835 1597 2881 quaererem,
1621 2836 1712 2869 non
1728 2823 1866 2883 potui
1888 2823 1976 2876 mi-

207 2880 261 2931 hi
280 2892 531 2945 temperare
551 2881 672 2944 quin⁴
687 2881 773 2930 Ric
809 2882 907 2930 ardi
925 2882 1279 2946 Grastonii,lqui
1297 2899 1444 2946 nuper
1464 2883 1692 2937 historiam
1712 2902 1861 2934 rerum
1875 2888 1976 2936 An·-

243 2945 433 2994 licarum
455 2945 602 3000 edidit
629 2946 846 2996 effrenem
868 2946 1177 3008 maledicendi
1200 2946 1443 2995 libidinem
1471 2947 1749 2998 ostenderem
1774 2967 1787 2997 ε
1822 2963 1872 3001 ut
1891 2951 1975 3015 qui

246 3026 310 3057 aec
329 3010 504 3074 legent,
525 3009 635 3058 hinc
655 3011 932 3075 expendant,
958 3022 1179 3074 quantum
1201 3008 1246 3057 ei
1262 3009 1468 3073 scriptori
1490 3011 1671 3061 fidei-sit
1690 3012 1973 3063 habendum.

210 3073 294 3122 Ait
312 3076 434 3122 enim
457 3075 516 3125 ab
537 3075 740 3138 Herre
761 3074 956 3124 Boethio
976 3075 1192 3140 scriptum
1213 3074 1333 3122 libro
1353 3075 1719 3139 quartodecimo,
1737 3078 1886 3142 eapite
1907 3078 1975 3127 fit·

210 3139 387 3193 eundo,
403 3150 582 3190 tantum
614 3139 681 3189 ihi
710 3139 941 3204 sanguinis
962 3139 1127 3195 fusum,
1153 3153 1203 3188 ut
1224 3138 1313 3192 rivi
1331 3140 1428 3201 ejus
1446 3156 1529 3203 per
1548 3141 1708 3193 urbem
1724 3141 1973 3193 decurren-

211 3212 278 3258 tes
300 3202 469 3250 molam
489 3201 719 3269 aquariam
743 3221 825 3270 per
845 3202 1042 3254 biduum
1062 3204 1370 3270 circumagere
1391 3204 1581 3269 possent.
1624 3203 1830 3255 Primum
1850 3207 1971 3255 Bo'e‘·

264 3336 326 3390 (ι)
353 3339 527 3387 Ordines,
556 3342 621 3381 the
650 3343 753 3383 three
780 3345 908 3384 estates
927 3345 975 3384 bf
991 3344 1058 3383 the
1111 3345 1208 3383 lor-is
1238 3341 1531 3392 comprehended
1556 3340 1624 3380 the
1649 3342 1806 3393 histrum,
1833 3340 1968 3393 priors-

208 3389 405 3439 kingdom,
424 3392 489 3431 the
507 3395 616 3442 lords,
643 3397 772 3436 barons
790 3400 860 3436 aad
880 3398 1058 3448 burgeffes
1110 3397 1245 3448 prime,
1264 3398 1333 3434 aud
1348 3395 1477 3434 abbots
1491 3395 1578 3434 thet
1593 3394 1648 3434 rat
1665 3397 1706 3434 in
1723 3396 1968 3446 parliament3

207 3442 250 3479 iu
266 3443 500 3492 parliament.
535 3449 646 3486 Some
662 3451 742 3488 will
761 3449 855 3488 have
871 3450 978 3489 them
991 3450 1059 3490 the
1111 3451 1182 3487 and
1200 3449 1267 3486 the
1283 3457 1476 3486 commone
1497 3459 1558 3485 are
1581 3448 1874 3500 comprehendar
1891 3456 1965 3489 ua„-

208 3495 385 3546 ¹²⁰bffityr
402 3497 536 3549 clurgy,
561 3503 633 3539 and
661 3512 879 3557 cqmmons3
911 3504 983 3548 but·
994 3502 1061 3547 the
1095 3504 1176 3546 ‘der
1193 3499 1258 3564 ὡς
1276 3502 1407 3545 barone
1422 3501 1493 3544 aad
1509 3500 1703 3561 liutgess'eta
1967 3513 1972 3517 ·

1844 3557 1969 3657 aaa}
