2025 3833
164 135 295 220 360
468 140 826 208 RERUM
913 136 1672 217 ScorrcARUM'

877 256 983 304 CV.
1034 257 1131 303 RE
1153 259 1214 305 X.

228 339 301 395 11..
324 342 347 389 Ι
363 341 413 388 N
431 340 477 386 T
495 341 532 385 E
551 340 592 385 R
611 340 647 385 E
668 340 710 385 A
740 337 926 386 comitia
947 354 1066 384 novo
1087 339 1204 401 Regi
1227 339 1421 386 crea'ndo
1442 339 1489 386 in
1508 351 1679 388 certum
1703 342 1818 392 diem
1839 344 1911 393 in<-

164 403 339 465 dicunt.
385 403 520 451 Pauci
542 403 597 448 ad
620 403 669 448 id
691 418 869 456 munus,
891 408 929 449 «Sc
953 401 1045 448 fere
1069 403 1390 464 conjurationis
1416 405 1622 451 adversus
1644 407 1914 468 superiorem

161 467 339 532 Regem
362 467 599 529 populares
633 482 898 513 convenere.
965 468 1131 529 Regno
1165 467 1379 529 susceptO,
1405 468 1547 514 statim
1572 477 1711 516 nouus
1734 472 1832 518 Rex
1855 475 1915 521 ad

159 533 422 594 p‘raefectum
457 529 569 575 arcis
605 530 974 594 Edimburgenfis
1014 529 1242 577 foecialem
1274 531 1407 584 misit,
1433 533 1515 594 qui
1538 530 1593 579 ad
1633 534 1914 583 deditionem

157 612 264 641 eum
288 595 561 641 sollicitaret.
608 596 674 640 Ea
694 609 888 656 recaepta
911 594 1152 640 sterlinum
1177 597 1237 641 est
1259 594 1485 656 profec'tus
1505 615 1514 642 ε
1540 596 1730 659 arceque
1755 597 1780 643 Ξι
1798 615 1914 661 prae„

160 659 271 705 fidio
293 657 526 704 deditaest
551 658 739 719 potitus.
804 659 1008 705 Rumore
1030 657 1074 704 in
1101 658 1316 721 Angliam
1341 659 1397 704 de
1422 660 1552 706 rebus
1573 659 1618 706 in
1645 662 1795 708 Scotia
1817 676 1913 708 tur·
1985 713 1991 722 ¹

159 722 274 768 batis
302 723 492 782 perlato,
517 721 720 784 quinque
754 739 888 769 naves
913 720 1122 785 Anglicae
1158 722 1182 768 ὲ
1205 724 1330 769 claffe
1354 723 1500 786 Regia
1522 724 1706 770 deleetae
1728 725 1908 771 Forthae

159 785 408 831 aestuarium
434 785 638 848 ingreffae
659 785 813 848 passim
835 786 1083 849 praedando
1110 786 1434 833 mercatoribus
1463 787 1547 833 iter
1569 789 1836 844 clauserunt,
1861 794 1910 839 ὃς

156 849 312 896 multis
333 849 690 896 ascensionibus
714 850 761 896 in
786 863 1011 913 utrunque
1029 841 1137 896 litus
1159 850 1286 896 factis
1305 850 1406 896 loca
1425 850 1647 898 maritima
1668 853 1912 899 vehemen-

153 924 222 959 ter
242 912 525 960 infestabant.
593 914 746 975 Maj0r
765 913 900 961 etiam
937 931 1086 960 rerum
1113 927 1260 961 motus
1295 930 1320 959 a
1343 915 1614 962 terrestribus
1638 915 1803 963 civium
1832 932 1910 963 co-

152 977 240 1039 piis
263 979 596 1040 expectabatur,
633 979 757 1024 Nam
776 995 878 1024 cum
902 978 1192 1024 inimicorum
1211 979 1325 1024 vires
1349 978 1492 1042 magis
1511 978 1741 1042 diffipatae,
1766 981 1904 1042 quam

153 1042 305 1087 ffraftae
334 1041 560 1104 superiore
583 1042 742 1104 praelio
781 1042 976 1098 fuissent,
1002 1043 1174 1104 quippe
1195 1060 1294 1104 quae
1331 1059 1414 1088 nec
1438 1042 1648 1089 universae
1672 1045 1908 1099 affuerant,

150 1122 235 1152 nec
253 1122 309 1151 ex
330 1106 402 1159 iis,
427 1122 528 1169 quae
561 1107 763 1161 aderant,
800 1107 913 1154 adeo
936 1106 1067 1153 multi
1103 1105 1375 1161 cecidissent,
1402 1107 1459 1152 ab
1493 1106 1653 1153 animis
1678 1109 1826 1154 adhuc
1856 1125 1910 1155 o·

152 1169 247 1224 dio,
267 1173 318 1220 δε
348 1169 524 1217 invidia
543 1170 854 1226 inflammatis,
879 1174 928 1220 δε
951 1170 1119 1218 fiducia
1135 1169 1198 1216 sui
1220 1171 1366 1225 elatis,
1396 1170 1539 1230 major
1561 1173 1793 1235 tempestas
1812 1172 1901 1218 im·

153 1234 326 1281 minere
359 1234 615 1281 videbatur.
682 1236 897 1299 Augebat
919 1232 1301 1298 indignationem,
1335 1237 1463 1296 quod
1494 1251 1584 1280 non
1606 1234 1653 1281 in
1691 1235 1904 1298 Regiam,

150 1298 225 1344 sed
248 1315 496 1359 paucorum
518 1299 779 1361 potestatem
800 1311 867 1347 tot
888 1298 973 1346 viri
992 1316 1172 1362 genere,
1196 1304 1235 1345 δε
1256 1298 1418 1361 opibus
1440 1298 1550 1345 clari
1564 1311 1654 1346 tam
1681 1300 1814 1346 facile
1835 1318 1908 1347 re-

148 1361 368 1410 cidiffent.
435 1362 650 1410 Titulum
686 1362 826 1419 enim,
871 1369 911 1411 &
953 1380 1119 1410 nomen
1152 1362 1351 1426 Regium
1390 1364 1542 1426 penes}
1577 1364 1906 1412 adolescentem

100 1461 101 1466 ,
152 1427 417 1488 quindecim
441 1443 681 1483 annorum,
706 1428 786 1490 qui
809 1444 899 1475 non
923 1439 1115 1490 regeret,
1147 1427 1220 1473 sed
1244 1426 1269 1471 a
1294 1427 1431 1488 patris
1455 1427 1815 1474 interfectoribus
1838 1447 1907 1476 re-

150 1502 348 1552 geretur.
377 1491 489 1538 Vim
513 1506 663 1538 autem
681 1491 863 1554 imperii
882 1489 1400 1554 penes(1)Duglaffium‚
1426 1491 1719 1546 Heburnum,
1746 1494 1904 1539 &Hu-

148 1554 295 1600 qum
317 1557 401 1601 effe
426 1574 437 1602 ε
469 1557 547 1616 (z)
566 1555 734 1617 quibus
752 1555 965 1604 fiduciam
991 1557 1060 1617 (3)
1078 1555 1320 1618 augebant,
1345 1555 1473 1617 quod.
1494 1555 1647 1601 omnia
1668 1555 1802 1603 litora
1821 1558 1906 1604 du-

149 1618 262 1664 abus
283 1618 484 1664 clastibus
509 1618 723 1681 Anglica,
750 1625 789 1666 δε
809 1619 986 1666 Scotica
1007 1621 1143 1665 effent
1163 1619 1333 1664 infesta.

213 1683 303 1729 III.
336 1680 424 1729 His
447 1683 786 1729 difficultatibus
811 1697 858 1730 ut
884 1683 1157 1737 mederetur,
1182 1698 1324 1728 novus
1348 1684 1448 1728 Rex
1474 1683 1671 1744 primum
1697 1684 1905 1731 omnium

149 1742 302 1793 statuit
331 1745 484 1809 copias
531 1746 781 1794 maritimas
813 1745 1104 1794 reconciliare
1129 1765 1139 1793 :
1172 1763 1226 1792 ne
1249 1759 1325 1792 aut
1343 1747 1435 1792 illae
1458 1747 1631 1808 aliquid
1656 1748 1903 1804 turbarent,

143 1807 245 1873 ipso
267 1811 313 1857 in
338 1811 614 1873 longinquas
637 1812 767 1874 regni
789 1828 886 1862 orae
911 1811 964 1857 ad
987 1812 1146 1857 statum
1165 1825 1317 1856 earum
1341 1810 1577 1872 regionum
1602 1811 1903 1859 ordinandum

145 1874 369 1937 profesto,
394 1886 471 1920 aut
491 1874 539 1922 in
561 1874 775 1922 interiora
792 1876 922 1939 regni
939 1874 1113 1921 aditum
1137 1875 1296 1921 darent
1315 1874 1478 1936 Anglis
1498 1875 1553 1920 ad
1577 1874 1900 1923 mediterranea

147 1939 250 1985 l'oca
269 1938 526 2001 expilanda.
583 1939 732 2001 Igitur
753 1941 983 1987 Andream
1009 1939 1202 1985 Silvium
1229 1939 1368 2001 Regis
1393 1938 1642 1998 mortejam
1664 1939 1812 1999 passim
1833 1940 1905 1986 di-

145 2003 349 2066 vulgata,
374 2002 522 2049 minus
543 2002 591 2049 in
613 2003 740 2049 causa
763 2001 1149 2051 foreobstinatum
1174 2015 1311 2055 ratus,
1337 2018 1439 2048 eum
1465 2002 1551 2048 fide
1570 2003 1754 2064 publica
1775 2003 1820 2049 in
1847 2004 1906 2050 li·

150 2077 226 2113 tus
253 2079 412 2114 evocat
437 2084 449 2113 ι
485 2069 535 2117 &
576 2066 782 2129 periculo
803 2067 1009 2131 publico,
1054 2071 1098 2115 ὅ(
1127 2066 1317 2112 infamia
1335 2065 1481 2129 gentis
1508 2068 1739 2121 universae,
1763 2083 1903 2130 quam

148 2131 308 2192 paucae
341 2147 475 2177 naves
507 2131 721 2195 Anglicae
751 2131 817 2178 ita
850 2131 1039 2195 superbe
1076 2143 1435 2184 contemnerent,
1460 2143 1562 2175 ante
1585 2132 1739 2176 oculos
1762 2149 1906 2193 expo.

146 2192 246 2251 fita,
270 2211 360 2241 non
384 2195 526 2241 solum
550 2195 598 2241 in
641 2195 734 2241 suas
759 2208 906 2257 partes
931 2195 1162 2242 Andream
1187 2193 1398 2246 traducit,
1442 2193 1514 2239 sed
1538 2194 1673 2239 etiarn
1698 2195 1903 2243 adversus

144 2259 326 2322 Anglos
349 2270 510 2314 armat,
532 2259 774 2322 multisque
798 2258 1104 2311 suadentibu5‚
1129 2271 1177 2304 ut
1198 2256 1244 2304 in
1268 2259 1438 2319 plureS,
1471 2262 1511 2303 δε
1536 2259 1724 2319 majores
1748 2258 1902 2306 saltem

148 2339 330 2386 aequum
354 2339 596 2370 numerum
621 2324 803 2370 navium
828 2325 1029 2377 duceret,
1055 2321 1095 2368 se
1130 2321 1215 2367 suis
1235 2322 1407 2367 duabus
1433 2333 1696 2367 contentum
1721 2322 1906 2384 respon-

144 2387 275 2442 dens,
290 2403 392 2433 cum
410 2385 608 2450 primum
623 2388 858 2450 tempestas
880 2386 1121 2434 commoda
1139 2385 1320 2440 incidit,
1340 2384 1461 2431 recta
1484 2385 1687 2431 adversus
1704 2386 1901 2448 Anglos,

145 2451 230 2524 qui
250 2463 354 2498 ante
374 2451 663 2498 Dumbarum
686 2451 908 2514 oppidum
933 2449 1121 2503 stabant,
1146 2450 1245 2496 vela
1265 2449 1375 2495 fecit
1399 2467 1409 2495 :
1460 2454 1498 2494 δι
1523 2448 1763 2510 asperrimo
1785 2466 1904 2511 prae-

144 2515 428 2562 hoconserto
446 2515 652 2563 Laetham
671 2533 828 2563 omnes
851 2527 1002 2571 captas
1022 2513 1237 2575 perduxit
1260 2532 1270 2560 ε
1304 2529 1356 2559 ac
1379 2512 1615 2574 praefeftoj
1635 2528 1785 2559 earum
1808 2515 1904 2560 Re-

144 2577 197 2641 gi
216 2577 401 2627 obtulit.
469 2581 674 2628 Andreas
698 2579 723 2626 a
745 2581 874 2643 Rege
895 2578 1108 2626 munifice
1131 2578 1342 2632 donatus,
1365 2575 1547 2638 ejusque
1576 2575 1623 2622 in
1647 2593 1693 2622 re
1718 2575 1904 2624 militari
1980 2635 1982 2638 y

144 2642 326 2705 peritia,
347 2650 388 2690 &
411 2642 610 2690 militum
624 2643 766 2691 virtus
782 2643 994 2706 singulari
1018 2641 1150 2688 laude
1173 2641 1407 2688 honorata.
1442 2641 1545 2686 Nec
1574 2641 1758 2686 deerant
1780 2656 1902 2688 exeo

147 2723 316 2770 genere
328 2706 587 2764 hominum,
613 2707 694 2770 qui
711 2710 892 2771 Regum
913 2706 1248 2768 qualescunque
1270 2723 1337 2752 res
1359 2705 1500 2768 gestas
1519 2705 1588 2766 (4)
1604 2704 1902 2760 admirantur,

148 2786 205 2817 ac
227 2787 415 2834 magnas
437 2769 574 2818 etiam
598 2789 644 2817 in
670 2772 814 2833 majus
835 2770 1075 2827 extollant,
1101 2768 1181 2832 qui
1194 2785 1295 2816 eam
1312 2767 1547 2815 victoriam
1564 2767 1703 2832 longe
1722 2767 1904 2830 majoris
1980 2792 2002 2801 ·-

147 2850 259 2882 mox
279 2834 495 2882 secuturae
518 2835 802 2882 manifestum
825 2836 908 2881 effe
929 2850 1065 2880 omen
1086 2831 1394 2896 praesagirent.

209 2900 299 2947 IV.
323 2900 503 2946 Interea
519 2915 758 2962 procerum
776 2915 878 2963 pars
897 2896 1078 2958 adversa
1094 2895 1399 2960 legationibus
1416 2896 1462 2943 in
1478 2911 1635 2943 omnes
1657 2895 1787 2959 regni
1800 2907 1904 2958 par-
1969 2931 1977 2935 -
2013 2932 2016 2935 r

145 2969 215 3012 t'es
235 2961 387 3018 missis,
412 2970 577 3010 mutuo
593 2962 635 3011 se
655 2962 966 3017 cohortantur,
1003 2977 1060 3007 ne
1081 2959 1343 3023 praesentem
1365 2976 1514 3007 rerum
1533 2961 1692 3006 statum
1717 2961 1862 3008 ferant
1885 2973 1901 3007 t

145 3043 237 3075 neu
253 3038 322 3075 tot
341 3026 431 3074 viri
451 3026 590 3075 fortes
607 3025 852 3090 parricidas
870 3024 1104 3090 publicos,
1122 3024 1202 3087 qui
1221 3024 1411 3072 alterum
1426 3024 1604 3087 Regem
1621 3022 1903 3080 occidiffent,
1921 3067 1925 3069 ,

145 3089 340 3139 alterum
361 3091 413 3139 in
449 3090 660 3140 servitute
681 3101 903 3145 tenerent,
951 3087 1033 3136 fibi
1067 3100 1159 3135 tam
1181 3087 1370 3152 superbe
1392 3099 1652 3151 paterentur
1672 3086 1862 3134 illudere
1885 3102 1900 3134 τ
1970 3144 1975 3148 ⁸

145 3162 201 3203 ae
222 3154 384 3221 Regiae
401 3155 555 3212 salutis
574 3154 830 3206 defensores
847 3150 1175 3220 perduellionis
1194 3153 1419 3209 arcessere,
1438 3150 1557 3218 ipsos
1574 3150 1722 3199 omnis
1737 3148 1922 3220 divinig‘

201 3286 264 3336 (1)
291 3287 482 3327 Archbald
505 3288 662 3338 Duglass
687 3288 763 3327 earl
791 3286 837 3326 of
848 3288 994 3337 Angue,
1047 3286 1092 3324 of
1105 3284 1146 3323 in
1164 3285 1229 3323 the
1246 3285 1315 3323 last
1331 3286 1416 3333 days
1432 3281 1477 3320 of
1490 3280 1586 3330 king
1601 3282 1726 3334 James
1739 3279 1811 3319 IV.
1831 3273 1909 3318 and*

149 3336 217 3387 (of
224 3339 350 3378 whom
369 3342 514 3392 before)
535 3342 690 3380 Patrick
705 3339 899 3391 Hepburn‚
918 3342 998 3379 lord
1049 3337 1228 3389 minority
1246 3338 1291 3376 of
1303 3336 1399 3385 king
1414 3337 1539 3388 James
1555 3334 1615 3396 vf,

86 3436 90 3447 1
148 3391 288 3437 Haills,
305 3393 392 3431 who
404 3407 477 3432 was
490 3395 566 3433 first
576 3396 718 3434 created
732 3394 808 3433 earl
825 3394 870 3432 of
877 3394 999 3432 Both·
1104 3389 1172 3443 (ι)
1199 3392 1227 3430 ἱ.
1242 3405 1276 3428 e.
1298 3390 1426 3428 Rebus
1443 3387 1500 3425 vel
1515 3387 1648 3426 verbis.
1817 3435 1830 3448 .
1893 3436 1896 3441 ,

147 3444 236 3481 well
254 3452 292 3481 at
307 3445 373 3482 the
391 3447 603 3486 coronation
621 3447 667 3486 of
676 3447 771 3496 king
780 3447 907 3501 Jame‘s
920 3447 994 3486 rV.
1103 3442 1122 3496 (
1138 3447 1169 3494 ς)
1197 3444 1224 3483 ἰ.
1239 3458 1272 3482 e.
1290 3441 1441 3482 Inimici
1455 3440 1514 3479 vel
1530 3441 1711 3484 terrestres
1720 3437 1903 3487 inimum,
1933 3486 1938 3490 .

148 3497 222 3533 and
239 3497 450 3536 Alexander
477 3502 556 3539 lord
573 3501 715 3547 Hume,
735 3501 914 3539 firnamed
930 3499 997 3538 the
1050 3506 1137 3538 rum
1153 3497 1282 3548 copiae.
1371 3496 1377 3498 ⁷

147 3547 428 3597 chamberlain,
441 3552 528 3590 who
545 3553 762 3591 wasfather
773 3561 813 3591 to
827 3554 996 3590 Alexan-
1105 3550 1168 3608 (4)
1194 3551 1243 3593 M
1256 3547 1298 3598 δ’.
1323 3546 1567 3606 admirenturg

149 3602 214 3644 ‘¹⁸¹
228 3601 293 3644 the
310 3602 700 3658 greatrchamberlain,
718 3605 834 3649 much
857 3605 1004 3663 spoken
1242 3621 1245 3624 ·
1290 3607 1313 3627 ”-
1375 3622 1380 3626 -
1455 3622 1475 3625 --
1500 3603 1533 3627 ²*
1605 3628 1612 3633 .

1846 3599 1905 3709 a}
