2106 3838
229 156 353 207 120
529 139 888 206 RERUM
979 133 1677 208 Sco'r1cARUM

219 234 268 284 in
290 228 485 300 patriam
504 231 735 284 beneficiis
756 234 844 278 hoc
866 229 1068 292 adjiciat,
1108 249 1166 280 ne
1187 233 1220 279 st
1240 234 1334 307 ipse
1352 234 1602 283 liberorum
1624 235 1762 285 orbus
1784 254 1984 288 morere-

220 313 311 354 tur,
336 301 473 348 etiam
497 299 775 347 Britanniam
806 297 935 357 Rege
959 295 1165 342 orbatam
1187 299 1433 363 relinquat,
1459 301 1702 362 praesertim
1729 307 1863 350 tant's
1886 305 1984 351 bel·

219 365 371 411 lorum
393 365 603 427 procellis
627 360 986 408 imminentibus.
1039 360 1131 405 Sub
1149 360 1246 407 haec
1262 378 1365 409 cum
1383 364 1571 426 quidam
1594 364 1858 413 nominasset
1877 369 1986 414 Mo-

150 431 155 440 '
221 429 413 475 dredum
436 443 600 491 genere
621 423 822 470 maxime
844 422 1177 486 propinquum,
1198 425 1356 487 acjam
1380 427 1519 477 bello,
1543 434 1582 474 δι
1605 445 1715 491 pace
1734 431 1865 476 rebus
1887 447 1987 476 rno-

220 492 431 540 derandis
454 492 686 542 assuetum,
727 493 767 534 &
801 487 883 550 qui
905 487 990 534 hac
1010 488 1180 535 vicaria
1201 489 1332 551 regni
1352 490 1737 539 administratione
1759 493 1987 556 specimen

223 552 289 603 sui
310 556 512 607 dedisset,
532 553 704 659 quique
735 552 805 613 (1)
834 568 924 598 non
950 567 1133 613 parvam
1154 552 1447 600 acceflionem
1466 555 1570 600 esset
1589 557 1644 602 ad
1664 572 1731 602 res
1755 559 1785 603 B
1803 557 1987 604 itanni-

223 637 297 667 cas
315 618 564 678 adjeciurus
583 634 592 660 :
638 616 942 662 acclamatum
960 617 1019 661 est
1038 632 1063 662 a
1082 616 1379 664 multitudine
1400 618 1697 666 Constantino
1715 616 1988 674 faventium,

223 684 265 731 se
286 681 575 746 peregrinum
598 680 774 744 Regem
798 680 948 726 nolle:
972 697 1118 742 neque
1141 681 1422 728 Britanniam
1442 680 1556 728 adeo
1573 679 1682 728 viris
1704 686 1905 731 effoetam
1924 684 1992 731 es-

225 748 285 800 se,
312 758 358 791 ut
381 760 470 790 non
497 742 562 790 sui
582 743 746 807 populi
768 745 988 791 rectorem
1013 761 1069 790 ex
1092 745 1178 792 sese
1200 746 1328 808 possit
1350 747 1499 792 edere.
1576 746 1777 793 Stultum
1802 751 1886 794 effe
1909 764 1989 794 cu-

216 811 290 871 jus
313 807 439 853 domi
463 807 643 868 copiam
661 808 875 861 habeant,
901 807 1010 854 soris
1033 825 1248 870 quaerere.
1305 809 1506 856 Senserat
1523 810 1798 870 jampridem
1826 815 1990 858 Arctu-

221 890 295 919 rus
326 870 485 933 populi
513 870 560 917 in
586 871 934 918 Constantinum
959 871 1115 918 studia.
1184 873 1344 935 Itaque
1368 875 1507 920 homo
1529 874 1703 935 alioqui
1725 875 1991 925 ambitiosus

223 935 357 983 facile
379 935 559 985 suorum
584 935 812 981 voluntati
840 936 1071 998 acquievit
1093 954 1103 981 ε
1141 950 1193 982 ac
1212 953 1267 981 ex
1291 953 1346 982 eo
1368 936 1441 982 die
1458 936 1671 997 juvenem
1697 955 1787 985 non
1812 939 1992 987 cessavit

222 1000 491 1062 producere,
514 1003 564 1049 δε
583 1000 639 1045 ad
660 999 782 1062 spem
804 999 934 1063 regni
986 1000 1138 1062 ropius
1163 1000 1422 1047 admovere.
1492 1001 1628 1046 Hanc
1649 1000 1860 1062 injuriam
1884 1020 1991 1050 cum

220 1063 360 1112 amici
382 1062 599 1110 Modredi
618 1063 901 1111 ostenderent
956 1080 981 1110 e
1003 1064 1186 1110 moleste
1213 1064 1346 1117 ferre,
1372 1080 1423 1110 ac
1464 1062 1636 1111 soedere
1675 1066 1858 1112 Αι-ἑὶιιῑί
1881 1083 1988 1114 cum

222 1129 378 1176 Lotho
400 1141 581 1174 cautum
603 1127 822 1182 dicerent,
862 1144 919 1175 ne
942 1127 987 1175 in
1011 1128 1141 1190 regni
1172 1128 1438 1175 successione
1461 1128 1696 1191 quisquam
1720 1129 1874 1177 liberis
1899 1131 1991 1177 Lo-

224 1192 293 1240 thi
315 1192 630 1247 anteferretur,
676 1191 1029 1254 respondebatur
1068 1193 1216 1238 foedus
1250 1192 1296 1238 id
1336 1193 1543 1239 adversus
1582 1193 1813 1254 publicam
1854 1194 1993 1242 totius

223 1255 374 1321 gentis
398 1257 640 1303 utilitatem
665 1268 922 1318 temporum
948 1256 1198 1303 necessitate
1220 1259 1475 1319 expressum
1500 1273 1510 1300 ε
1546 1273 1694 1320 neque
1716 1258 1868 1304 Lotho
1887 1275 1993 1305 auc-

225 1334 324 1368 tore
346 1334 527 1367 mortuo
544 1335 599 1366 eo
621 1320 662 1366 se
682 1319 840 1366 teneri.
910 1321 1106 1368 Proinde
1128 1320 1247 1367 recle
1268 1321 1461 1367 facturos
1482 1321 1608 1367 Picio
1635 1355 1647 1376 ,
1673 1321 1702 1367 fi
1723 1321 1888 1368 finibus
1912 1339 1992 1369 an-

228 1384 370 1448 tiquis
402 1384 607 1430 contenti
645 1384 806 1430 alienis
835 1384 1121 1432 abstinerent.
1191 1384 1509 1432 Britannorum
1532 1401 1724 1448 reguum
1751 1404 1871 1433 nunc
1898 1387 1992 1435 Dei

227 1448 510 1511 benignitate
534 1449 578 1493 in
599 1465 654 1495 eo
686 1450 796 1494 statu
829 1450 931 1502 esse,
966 1462 1013 1496 ut
1048 1466 1138 1495 non
1175 1449 1316 1496 modo
1343 1465 1481 1496 novas
1506 1448 1694 1511 injurias
1729 1451 1992 1514 prohibere,

226 1513 300 1560 sed
323 1527 493 1558 veteres
515 1513 653 1558 etiam
678 1511 829 1558 ulcisci
853 1512 996 1574 possit.

234 1612 238 1615 .
293 1577 519 1623 xxviii.
558 1578 673 1623 Htcc
697 1576 751 1622 ad
779 1576 1057 1623 Modredum
1083 1577 1256 1639 perlata
1278 1577 1459 1640 penitus
1482 1578 1684 1624 animum
1710 1578 1804 1639 ejus
1824 1579 1881 1623 ab
1910 1579 1993 1625 Ar-

227 1641 354 1686 c‘turo
376 1651 650 1693 averterunt,
677 1645 715 1686 Sc
736 1640 791 1686 ad
815 1639 1088 1703 dignitatem
1111 1640 1231 1686 suam
1255 1642 1468 1688 tuendam
1491 1655 1826 1689 converterunt.
1864 1643 1993 1689 Tan-

228 1717 324 1750 tum
348 1703 472 1749 bello
490 1719 626 1750 morae
650 1702 754 1756 fuit,
773 1703 885 1749 dum
905 1707 1145 1751 Scotorum
1169 1705 1343 1751 animos
1365 1705 1662 1768 experiretur.
1695 1705 1770 1752 Eis
1800 1707 1854 1752 ad
1887 1721 1995 1752 cau-

229 1769 318 1815 sam
342 1767 547 1814 adduffis
571 1766 778 1814 scribitur
799 1768 1022 1816 exercitus
1040 1785 1095 1815 ex
1116 1768 1268 1824 Pictis,
1291 1768 1455 1822 Scotis‚
1476 1772 1522 1819 &
1540 1770 1994 1832 frequentibus'Brit·

229 1832 414 1879 touibus
439 1833 509 1878 vel
548 1829 764 1894 aequitate
786 1832 946 1888 causae,
981 1834 1054 1879 vel
1090 1832 1267 1895 privato
1295 1833 1341 1879 in
1371 1835 1612 1880 Areturum
1635 1835 1761 1888 odio,
1786 1848 1862 1880 aut
1885 1836 1996 1882 Mo·

228 1896 420 1943 dredum
443 1894 765 1942 benevolentia
784 1895 1011 1968 persuasis.
1033 1898 1136 1943 Nec
1158 1910 1345 1960 putatur
1367 1900 1551 1944 Vanora
1575 1914 1689 1944 uxor
1711 1899 1890 1944 Arcturi
1913 1914 1999 1945 no.

230 1977 393 2007 vorum
417 1959 707 2006 consiliorum
732 1961 858 2007 fuisse
878 1961 1039 2025 ignara
1072 1979 1082 2008 ε
1131 1975 1179 2007 ut
1200 1978 1303 2023 quae
1327 1961 1463 2025 stupri
1492 1961 1863 2008 consuetudinem
1888 1977 1997 2009 cum

231 2024 463 2072 Modredo
484 2024 743 2071 crederetur
763 2024 946 2072 habere.
1015 2024 1252 2073 Exercitus
1278 2025 1492 2089 utrinque
1512 2026 1567 2071 ad
1584 2027 1814 2073 Umbrum
1857 2032 1996 2074 castra

229 2089 479 2136 contulere.
524 2088 645 2135 Cum
659 2088 755 2149 jam
777 2088 825 2135 in
844 2089 1081 2152 procinctu
1099 2089 1277 2143 starent,
1302 2102 1472 2137 tentata
1493 2090 1739 2137 concordia
1760 2091 1818 2136 cst
1841 2107 1921 2153 per
1947 2108 1997 2137 u-

232 2152 430 2213 triusque
451 2151 592 2216 partis
622 2151 871 2216 Episcopos
904 2171 915 2199 ε
949 2153 1023 2200 sed
1044 2153 1219 2207 frustra,
1261 2153 1545 2200 Constantini
1573 2154 1840 2218 propinquis
1861 2154 1996 2201 obni-

231 2216 451 2272 tentibus,
485 2216 732 2280 omniaque
754 2233 899 2279 prona
930 2216 1114 2265 ArRuri
1143 2217 1351 2265 felicitati
1375 2218 1720 2265 affirmantibus.
1787 2219 1998 2265 Concur-

230 2280 325 2328 sum
348 2282 408 2328 est
436 2280 939 2344 ingentibusutrinque
960 2282 1141 2328 animis.
1211 2283 1298 2328 Sed
1322 2283 1570 2337 Modredo,
1597 2288 1635 2329 &
1674 2282 1997 2331 confoederatis

231 2345 324 2392 duo
344 2344 619 2407 potissimum
639 2344 763 2392 fuere
785 2345 957 2393 auxilio
978 2347 1104 2393 locus
1125 2345 1173 2392 in
1195 2346 1348 2393 medio
1371 2348 1564 2409 paluster
1574 2346 1855 2394 Brittonibus
1875 2359 1997 2393 tran-

231 2409 314 2456 situ
346 2408 562 2464 difficilis,
586 2414 630 2456 ·&
661 2409 708 2457 in
733 2408 831 2472 ipso
862 2427 1031 2474 pugnae
1050 2411 1209 2458 ardore
1232 2410 1618 2474 subornatus,·qui
1643 2409 1869 2458 Brittones
1897 2427 1997 2458 mo-

232 2486 378 2527 neret,
415 2486 464 2520 ut
485 2475 681 2520 Arcturo
713 2473 827 2520 caeso
861 2475 994 2521 rebus
1013 2474 1206 2538 perditis
1235 2475 1321 2522 suae
1355 2475 1545 2539 quisque
1567 2474 1696 2521 saluti
1728 2479 1997 2523 consuleret.

231 2538 299 2584 Ea
330 2553 420 2584 vox
449 2536 498 2584 in
530 2537 688 2601 fugam
721 2553 799 2585 eos
820 2539 997 2587 vertit:
1031 2554 1199 2603 magna
1228 2552 1380 2587 tamen
1414 2537 1560 2590 cades
1595 2537 1825 2601 utriusque
1858 2538 2004 2601 partis

232 2600 365 2654 facta.
433 2600 642 2648 Vic‘toria
663 2602 834 2648 neutris
859 2603 963 2650 laeta
984 2602 1090 2658 fuit,
1119 2602 1234 2650 caeso
1256 2604 1314 2651 ab
1347 2603 1489 2651 altera
1519 2619 1645 2666 parte
1669 2603 1915 2659 Mouredo‚
1940 2604 2000 2650 ab

231 2665 373 2719 altera
389 2664 527 2712 fratre
549 2665 647 2727 ejus
670 2665 876 2714 Galvino
897 2686 908 2714 ε
934 2678 1071 2730 atque
1089 2668 1288 2715 Areturo
1307 2668 1516 2715 laetaliter
1536 2669 1792 2714 vulnerato.
1841 2667 2001 2714 Praeda

230 2728 395 2794 ingens
414 2742 564 2792 capta.
631 2729 743 2777 Non
766 2729 932 2793 ignoro
954 2747 1060 2794 quae
1086 2732 1145 2779 de
1167 2731 1281 2786 vita,
1307 2736 1348 2779 δε
1382 2743 1528 2778 morte
1565 2731 1747 2778 Arcturi
1780 2730 1807 2776 ὲ
1841 2732 2000 2778 multis

231 2792 718 2857 fabulose-tradantur:
743 2794 818 2841 sed
835 2794 1031 2859 indigna
1050 2796 1196 2843 relatu
1218 2795 1334 2850 sunt,
1354 2799 1395 2842 δι
1413 2794 1501 2841 viri
1523 2794 1746 2842 clarissimi
1767 2793 1900 2841 rebus
1917 2811 2001 2858 ge-

232 2856 304 2910 stis
326 2854 534 2913 tenebras
553 2857 817 2906 offundunt.
883 2860 1008 2907 Nam
1035 2860 1147 2907 dum
1181 2872 1275 2907 tam
1297 2859 1592 2906 asseveranter
1613 2859 1852 2906 mendacia
1882 2860 2002 2907 affir-

232 2934 431 2976 mantur,
454 2921 571 2986 saepe
588 2922 752 2969 veritas
775 2921 826 2970 iu
859 2922 1054 2970 dubium
1076 2935 1282 2972 vocatur.
1342 2923 1456 2971 'Fuit
1477 2937 1598 2971 certe
1620 2923 1691 2969 vir
1717 2939 1930 2986 magnus,
1945 2926 2004 2974 δε

232 2985 449 3050 singulari
469 2984 757 3040 fortitudine,
782 2993 823 3034 δι
843 2988 1031 3036 caritate
1050 2986 1099 3034 in
1126 2987 1340 3052 patriam,
1372 2988 1446 3034 vel
1478 2988 1588 3035 dum
1612 2988 1711 3035 suos
1733 2987 2002 3047 a‚servitute

232 3049 413 3105 liberat,
432 3049 508 3098 vel
525 3050 701 3098 cultum
721 3050 814 3099 Dei
835 3051 1055 3099 sincerum
1079 3064 1279 3107 revocat,
1303 3052 1375 3099 vel
1394 3052 1606 3099 vitiatum
1626 3051 1830 3100 restituit.
1882 3052 2003 3100 Haec

233 3128 318 3162 nos
338 3114 396 3161 de
419 3131 603 3180 genere,
626 3113 737 3171 vita,
757 3120 798 3162 δι
821 3129 968 3164 morte
988 3116 1086 3179 ejus
1099 3113 1491 3190 pluribus,'quam'
1504 3114 1695 3164 instituti
1712 3113 1863 3180 operis
1883 3115 2003 3179 ratio

233 3176 449 3238 poscebat
470 3178 620 3227 sumus
645 3179 871 3242 prosecuti
907 3199 919 3228 :
962 3194 1013 3228 ut
1033 3180 1201 3245 quibus
1223 3197 1325 3229 non-
1340 3181 1566 3229 universas
1588 3181 1910 3230 Britannorum
1932 3193 2003 3227 res

234 3241 375 3304 gestas
393 3242 654 3304 complecti,
677 3241 754 3292 sed
784 3243 950 3309 partim
979 3245 1038 3292 ab
1065 3243 1312 3292 oblivionis
1344 3244 1529 3305 injuria,
1551 3244 1719 3309 partim
1742 3260 1769 3292 a
1787 3243 2003 3291 fabulosis

235 3303 356 3352 male
378 3302 642 3354 feriatorum
660 3307 904 3356 hominum
920 3308 1197 3357 commentis
1215 3325 1285 3357 res
1302 3310 1443 3373 gestas
1461 3305 1785 3372 nossrae'gentis
1807 3306 2006 3355 liberare

233 3365 325 3420 suit
344 3369 640 3430 propositum.
702 3373 757 3420 In
780 3373 964 3421 Arcturi
984 3389 1093 3421 vero
1114 3373 1248 3420 rebus
1269 3373 1553 3446 longiuscule
1575 3374 1727 3421 sumus
1749 3370 2002 3426 immorati,

234 3432 364 3494 qubd
383 3431 605 3495 plaerique
626 3449 700 3481 eas
717 3436 886 3499 partim
904 3453 988 3501 per
1008 3436 1229 3486 invidiam
1248 3437 1385 3485 nimis
1406 3453 1558 3503 parce,
1580 3435 1748 3503 partim
1769 3451 1853 3502 per
1873 3434 2008 3483 vani-

287 3583 358 3656 (ι)
385 3586 422 3621 Α
441 3591 539 3633 great
557 3587 848 3636 augmentationi,
869 3589 933 3630 the
951 3589 1135 3648 kingdom
1159 3589 1205 3632 of
1218 3589 1283 3632 the
1301 3589 1420 3634 Pieb.
1484 3588 1487 3603 ‘

1865 3648 2009 3692 ntem
2053 3631 2068 3639 “
