2006 3858
454 84 1492 155 LrsseRViosssmius.
1719 102 1849 168 597

88 187 271 236 raudus.
337 188 455 233 Eum
479 203 584 232 cum
608 185 867 233 Alexander
889 184 1136 230 Ramisaeus
1162 199 1266 229 curn
1291 184 1468 231 duobus
1493 197 1561 228 m*
1553 181 1851 256 ηἱριῆατὶδρε

90 252 363 324 ascendisset,
399 249 512 312 vig‘.
502 251 563 295 les
586 268 662 296 eos
686 249 932 313 conspicati
955 249 1153 295 excitato
1177 248 1321 295 statim
1355 247 1557 294 tumultu
1582 246 1639 291 sa}
1640 263 1681 293 :a
1702 247 1852 306 conji-

25 309 30 321 ’
93 317 236 362 ciunt.
308 314 588 373 Ramisaeus‘
576 315 742 376 impari
772 331 936 376 genere
971 329 1137 375 pugna:
1160 312 1478 374 deprehensus,
1499 325 1604 357 curn
1627 327 1710 357 nec
1731 312 1851 365 saxa,

92 380 258 442 quibus
283 380 450 426 hostem
472 390 661 450 peteret,
698 395 780 425 nec
799 378 990 430 scutum,
1024 393 1116 439 quo
1139 377 1180 422 se
1200 391 1459 440 protegeret
1478 376 1720 429 haberet,
1705 395 1730 423 6
1755 393 1856 422 11111·-

93 461 144 490 ro
168 444 349 498 desiliit,
384 447 431 491 ὅ(
450 441 785 489 circumventus
810 459 834 487 a
858 442 1000 488 tribus
1022 440 1202 503 vigilii)
1196 460 1243 487 us
1268 454 1415 488 tamen
1443 457 1646 503 pugnam
1670 440 1859 487 sustinu-

90 507 147 562 it,
173 510 319 553 donec
349 507 538 553 comites
563 507 706 569 magis
729 506 870 560 illius,
895 522 1032 568 quam
1057 506 1132 551 suo
1156 506 1361 567 periculo
1385 506 1548 552 soliciti
1580 505 1623 551 se
1645 505 1860 567 praecipi·

94 583 264 625 tarunt,
299 578 337 617 ὃ(
363 584 448 617 ties
472 569 635 630 vigiles
659 570 802 616 statim
826 571 1136 616 confecerunt
1205 572 1384 617 Interea
1402 587 1504 616 cum
1529 569 1693 633 reliqui
1713 587 1864 632 quan-

95 649 194 681 tum
223 637 392 696 possent
414 635 802 696 subsequerentur,
842 652 995 680 murus
1020 635 1235 680 vetustate
1269 651 1410 696 prope
1434 636 1602 681 solutus
1638 636 1857 697 pondere,

98 703 147 747 ὅ(
172 713 341 745 conatu
364 699 673 744 scandentium
703 699 949 761 procubuit
985 717 994 743 :
1029 714 1081 743 ac
1116 715 1204 744 non
1230 711 1405 745 tantum
1432 699 1560 744 ruina
1582 699 1657 745 sua
1685 700 1863 748 aditum

97 764 341 824 patefecit,
365 763 438 822 sed
473 773 551 822 p‘er
574 780 733 824 rupem
755 762 892 809 etiam
916 763 1033 808 intra
1059 777 1208 808 arcem
1233 764 1483 824 praealtann
1522 769 1562 809 δε
1585 763 1862 826 inaequalem

27 846 30 856 ¹
96 827 182 872 faci
175 829 348 874 liorem
374 828 631 874 delcensam
657 827 781 873 fecit.
834 827 1113 873 Cares-‚ratim
1137 827 1280 890 igitur
1299 827 1476 890 ingreffi
1500 845 1667 891 magno
1695 831 1867 877 tumul·

100 905 148 938 tu
172 908 275 938 cum
312 893 485 946 Deum,
524 908 575 938 ac
601 895 776 956 Regem
798 892 1104 952 expeditionis
1127 892 1283 965 duces,
1319 909 1371 938 ac
1393 909 1560 938 nomen
1597 893 1840 957 Proregis
1826 913 1869 943 1-

99 956 334 1003 dentidem
351 959 700 1019 proclamarent,
722 957 923 1002 custodes
949 974 972 1000 v
963 956 1070 1001 elut
1087 957 1268 1003 attoniti
1287 974 1456 1029 pugnae
1474 957 1624 1009 obliti,
1641 974 1733 1019 qua
1747 959 1871 1020 quis-

100 1037 191 1081 que
211 1035 401 1084 poterat,
409 1022 494 1067 suae
510 1021 640 1067 siluti
655 1021 860 1067 consulit.
882 1020 1024 1068 Multi
1040 1021 1149 1066 dum
1170 1021 1342 1082 primus
1360 1024 1557 1083 impetus
1542 1022 1872 1078 desaeviret,se

99 1085 220 1131 intra
238 1087 397 1132 domos
417 1087 747 1132 con-cluserunt.
779 1085 1030 1132 Flaminius
1049 1101 1154 1131 cum
1178 1102 1257 1146 per
1275 1084 1510 1146 obliquam
1529 1103 1688 1147 rupem
1709 1086 1749 1133 se
1767 1088 1871 1134 sub-

101 1151 290 1196 duceret
312 1168 389 1212 per
373 1150 733 1223 iculis,comite‚
741 1150 822 1213 qui
849 1167 960 1196 unus
984 1166 1090 1195 eum
1105 1149 1373 1211 sequebatur
1385 1149 1494 1203 icto,
1513 1150 1718 1196 aestatim
1735 1169 1872 1198 ruen-

104 1224 149 1258 te
172 1215 388 1260 attonitus
407 1232 519 1274 pene
535 1232 614 1276 per
633 1215 756 1261 invia
778 1214 1024 1266 descendit,
1041 1230 1092 1259 ac
1116 1231 1195 1274 per
1218 1214 1445 1274 portulam
1470 1215 1646 1279 emiffus
1681 1217 1873 1263 flumine

103 1278 165 1323 ob
191 1279 324 1325 maris
352 1281 503 1325 aestum
528 1281 584 1324 ad
608 1295 757 1324 muros
782 1278 920 1340 usque
942 1279 1081 1324 effuso
1104 1277 1360 1324 naviculam
1383 1278 1573 1334 naftm'
1562 1295 1609 1324 m
1643 1281 1872 1350 Argathe-

102 1342 213 1389 liam
238 1343 461 1416 profugit.
498 1344 718 1389 Custodes
742 1343 946 1390 infimae
936 1342 1141 1395 1-615,ει6
1162 1355 1378 1404 praeterea
1398 1342 1566 1406 viginti
1589 1343 1795 1406 quinque
1815 1363 1873 1392 ex

105 1409 337 1469 piaesidiar
340 1413 412 1462 115,
428 1408 531 1481 qui
564 1407 577 1452 i
586 1420 682 1453 nter
706 1406 915 1469 popinam,
962 1412 1000 1454 δε
1026 1405 1205 1457 scorta
1192 1424 1241 1452 1n
1280 1379 1475 1469 oppido&
1481 1410 1871 1469 pernoff'taverann

109 1473 311 1518 tumultu
341 1472 495 1527 exciti,
532 1489 588 1518 ne
628 1484 800 1518 tentata
833 1488 990 1534 pugna
1026 1488 1118 1533 qua
1156 1472 1365 1532 proxime
1394 1484 1604 1534 poterant
1639 1473 1873 1536 fugerunt.

114 1537 251 1599 Capti
277 1537 591 1597 ἷ11611111((1’)
578 1555 624 1582 in
649 1552 750 1582 arce
775 1537 964 1582 Ioannes
985 1536 1302 1583 Hamiltonius
1325 1538 1437 1583 Fani
1461 1539 1658 1584 Andreae
1682 1539 1879 1587 Archie-

111 1607 177 1662 pil
182 1617 340 1663 copuS,
359 1604 550 1647 Ioannes
569 1600 821 1646 Flaminius
847 1603 917 1662 (2)
940 1601 1227 1664 Bogallius,
1210 1602 1391 1661 Juvenis
1409 1602 1597 1663 quidam
1620 1604 1803 1665 Anglus
1820 1621 1878 1652 ex

114 1666 324 1726 proxima
351 1667 607 1729 Anglorum
629 1664 848 1710 seditione
870 1665 1109 1728 profugus.
1176 1667 1378 1712 Veracus
1403 1667 1567 1712 Gallus
1551 1697 1589 1721 0,
1623 1669 1704 1727 qui
1728 1669 1879 1715 nomi·
1943 1679 1947 1684 ‘

112 1746 169 1775 ne
193 1730 257 1775 sui
281 1730 420 1792 Regis
446 1731 591 1776 multo
615 1728 720 1776 ante
758 1745 862 1774 cum
896 1730 1063 1775 bellico
1101 1743 1338 1792 apparatu,
1380 1735 1420 1776 δε
1454 1732 1786 1778 commeatibus
1820 1735 1878 1781 6ὂ

114 1795 267 1840 misius
289 1795 386 1839 illic
425 1794 692 1848 substiterat,
720 1807 766 1840 ut
788 1795 965 1857 Regem
991 1794 1183 1840 Gallum
1209 1795 1264 1840 de
1289 1795 1399 1840 statu
1423 1812 1570 1842 rerum
1597 1798 1878 1844 Scoticarum

114 1858 282 1905 faceret
304 1859 560 1905 certiorem.
629 1860 892 1905 Alexander
923 1858 1149 1905 Gulielm'
1138 1876 1154 1904 1
1190 1859 1438 1905 Levistonii
1471 1861 1607 1914 filius,
1647 1861 1729 1922 qui
1752 1863 1880 1909 cultu

117 1935 294 1970 mutato
316 1924 508 1969 evadere
533 1935 742 1976 tentarat,
760 1940 785 1968 a
809 1922 919 1986 fuga
942 1927 1173 1970 retractus.

181 1988 408 2033 XXXIII.
442 1989 576 2034 Prore
581 2005 611 2033 4
634 1989 690 2033 de
714 2004 813 2033 arce
839 2001 972 2050 capta
995 1987 1158 2034 certior
1181 1987 1325 2034 fastus
1347 2000 1451 2035 ante
1476 1980 1714 2038 meridiem
1745 1993 1884 2040 adve-

116 2065 202 2099 nit.
272 2053 449 2098 Milites
469 2052 669 2114 primum
689 2051 1005 2098 collaudavit:
1039 2053 1207 2099 deinde
1230 2053 1446 2100 Flaminii
1470 2071 1622 2112 uxore
1615 2074 1657 2102 n
1681 2058 1888 2105 consola-

121 2130 191 2162 tus
217 2134 308 2163 non
334 2117 470 2163 modo
505 2118 729 2163 mundum
771 2116 1061 2170 muliebrem,
1102 2118 1178 2163 sed
1199 2117 1300 2164 vasa
1322 2132 1554 2194 argentea,
1592 2134 1743 2195 atqu-'e
1750 2139 1888 2170 omne

119 2182 416 2227 domesticum
440 2182 785 2229 instrumentum
809 2182 852 2227 ei
874 2198 1032 2228 601166
1036 2199 1059 2226 1
1068 2195 1121 2229 t
1155 2182 1420 2246 agrosque
1400 2201 1424 2228 e
1445 2184 1575 2230 bonis
1598 2187 1762 2241 mariti,
1783 2205 1889 2249 quae

121 2248 236 2292 mul
243 2263 298 2292 0,
290 2257 391 2293 :nte
415 2246 462 2292 in
482 2240 719 2309 publicum
743 2247 923 2292 16613813
946 2246 1140 2302 fuerant,
1177 2249 1298 2293 unde
1319 2248 1430 2311 ipsa,
1467 2249 1692 2311 liberique
1715 2253 1891 2299 aleren-

123 2323 197 2357 tur
218 2311 466 2373 affignavit.
535 2311 734 2374 Reliqua
757 2312 910 2373 praeda
933 2310 1070 2357 militi
1104 2314 1322 2358 concessa.
1422 2313 1517 2358 His
1546 2313 1610 2360 ita
1640 2316 1891 2364 constitutis

123 2375 258 2422 rebus
280 2392 360 2437 per
382 2375 534 2422 ocium
558 2377 616 2422 ad
655 2392 802 2421 arcem
822 2376 1052 2422 visendam
1074 2377 1365 2432 circumiens,
1391 2393 1496 2423 cum
1519 2379 1577 2424 ad
1600 2395 1778 2440 rupem,
1802 2397 1894 2442 qua

126 2438 295 2486 milites
319 2439 623 2494 ascenderant,
647 2453 833 2486 ventum
847 2441 925 2495 est,
945 2456 1014 2486 res
1040 2454 1129 2487 tam
1150 2441 1290 2487 ardua
1312 2441 1485 2487 cunetis
1516 2443 1576 2488 est
1597 2444 1704 2499 visa,
1733 2458 1782 2491 ut
1804 2446 1894 2491 mi-

127 2505 231 2550 lites
254 2504 393 2550 etiam
423 2504 689 2558 faterentur,
729 2505 772 2551 se
811 2506 840 2551 si
883 2496 1142 2568 periculum
1176 2506 1363 2568 praevidi
1370 2507 1496 2562 ssent,
1537 2508 1674 2554 nullis
1696 2511 1896 2558 conduci

127 2570 328 2631 praemiis
360 2569 566 2629 potuisse,
596 2583 643 2616 ut
681 2569 826 2616 illac*
814 2586 879 2616 ire
910 2581 1152 2618 tentarent.
1221 2571 1426 2617 Veracus
1457 2588 1562 2618 cum
1586 2587 1848 2636 argueretur
1871 2591 1898 2621 a

129 2633 478 2689 mercatoribus,
502 2650 617 2695 quos
638 2634 806 2680 fretum
830 2634 1005 2682 Glottae
1027 2635 1247 2699 ingreflus
1269 2635 1490 2683 hostiliter
1510 2636 1739 2699 spoliarat,
1777 2641 1897 2685 mul·

129 2699 187 2743 tis
211 2698 256 2743 in
281 2700 467 2744 consilio
491 2697 774 2745 censentibus
797 2715 901 2746 cum
927 2715 982 2746 eo
1005 2699 1117 2746 furti
1137 2701 1386 2763 agendum,
1417 2714 1568 2748 tamen
1593 2704 1715 2765 apud
1738 2705 1898 2750 Prore-

130 2779 235 2834 gem
261 2763 407 2810 valuit
427 2763 567 2826 legati
589 2780 757 2810 nomen
781 2764 933 2818 inane,
957 2765 1081 2827 quod
1101 2765 1194 2827 ipse
1217 2765 1303 2810 suis
1328 2766 1515 2828 flagitiis
1534 2767 1796 2814 violaverat.
1851 2771 1899 2815 I-

24 2874 32 2887 ⁴7
63 2889 66 2891 Δ
130 2840 255 2900 gitur
280 2841 327 2873 ut
350 2828 550 2889 spoliatis
573 2828 629 2874 ab
651 2846 706 2875 eo
725 2829 800 2875 sua
821 2830 1121 2890 recuperandi
1142 2829 1299 2875 saltem
1327 2833 1422 2892 spes
1446 2831 1724 2892 injiceretur,
1749 2833 1901 2894 adju-

131 2891 302 2938 dicium
323 2891 483 2938 servari
500 2893 639 2953 jussus
657 2894 737 2947 est,
760 2900 799 2940 Sc
824 2894 882 2940 ad
904 2896 1076 2940 Fanum
1100 2894 1298 2940 Andreae
1320 2895 1442 2956 apud
1460 2894 1683 2956 hospitem
1703 2913 1794 2943 non
1816 2898 1901 2944 ali-

132 2972 272 3002 enum
295 2972 321 3001 a
342 2956 472 3002 causa
492 2957 732 3004 rebellium
767 2958 995 3013 diversari,
1023 2959 1141 3005 unde
1163 2959 1289 3004 velut
1325 2958 1372 3004 vi
1409 2971 1588 3020 ereptus
1611 2977 1780 3021 paucos
1804 2964 1902 3024 post

135 3020 233 3066 dies
260 3022 406 3082 (quod
428 3022 737 3083 quaerebatur)
762 3022 966 3070 disceffit.
1035 3024 1216 3085 Anglus
1234 3022 1443 3085 quamvis
1467 3022 1621 3069 multis
1643 3025 1902 3086 suspitioni-

135 3084 220 3130 bus
246 3099 540 3147 premeretur,
563 3101 620 3132 ex
642 3086 873 3149 literisque
895 3086 1032 3133 etiam
1056 3087 1453 3132 commendaticiis
1476 3087 1659 3134 Ioannis
1682 3089 1817 3136 Lessii
1838 3092 1902 3137 E-

137 3147 311 3211 pilcopi
334 3150 570 3199 Roffienfis
608 3150 665 3196 ad
687 3151 963 3197 Flaminium
999 3166 1101 3196 arce
1138 3163 1272 3212 capta
1295 3150 1494 3197 inventis
1528 3166 1810 3214 argueretur,
1853 3156 1903 3203 in

140 3215 359 3276 Aug-liam
383 3215 439 3260 ad
462 3214 561 3261 suos
586 3215 645 3259 est
669 3215 885 3262 remissus.
954 3216 1054 3260 Post
1076 3213 1170 3274 ejus
1193 3214 1425 3260 discessum
1451 3215 1734 3264 intellestum
1757 3220 1832 3274 est,
1853 3237 1902 3266 e.

141 3293 232 3322 um
233 3295 267 3322 a
289 3278 602 3323 Norsolcianis
621 3278 884 3324 submissum
908 3278 1052 3333 fuiss'e,
1079 3291 1128 3324 ut
1149 3275 1326 3341 Regem
1351 3279 1591 3327 Scotorum
1613 3299 1794 3334 veneno.
1815 3285 1904 3333 tol·

40 3372 46 3383 «
106 3360 121 3366 *
137 3340 268 3391 leret.
336 3341 602 3402 Bogallius
591 3359 639 3386 in
661 3343 861 3388 custodia
882 3355 1099 3389 retentus.

196 3468 257 3519 (1)
286 3467 372 3513 The
386 3469 492 3507 castle
513 3483 584 3509 was
602 3484 683 3509 won
701 3470 813 3520 April
827 3483 863 3511 2.
886 3483 998 3524 15:⁹1,
1112 3471 1172 3523 (2)
1203 3472 1315 3521 Laird
1333 3474 1377 3512 os
1387 3474 1561 3524 Boghall.

1680 3585 1904 3633 XXXIV.
