2043 3864
475 142 804 225 LissER
897 139 1441 207 SEPTIMUS.
1713 138 1881 224 ‘165-

75 252 132 302 de
146 244 302 301 caulis,
323 247 364 291 Sc
381 242 652 306 plaerunque
668 237 872 287 confictis
891 239 1170 301 potentiores
1187 238 1530 287 occidebantur.
1574 237 1746 300 Eorum
1765 240 1849 288 bo-

75 313 145 361 nis
169 300 524 360 facinorosorum
547 305 668 350 circa
686 306 864 366 Regem
887 318 1048 350 manus
1073 304 1259 351 nomine
1281 302 1495 350 custodiae
1517 302 1738 350 alebatur.

140 379 231 425 XI.
264 368 368 422 Nec
389 387 469 435 per
490 369 575 415 hos
606 381 761 416 tamen
784 367 886 414 Rex
915 367 1061 414 vitam
1096 369 1218 416 suam
1252 368 1354 416 satis
1385 367 1614 415 munitam
1647 381 1770 416 ratus
1802 369 1852 416 in

75 442 196 490 colle
218 438 503 490 Dunfinzmo,
525 430 648 480 unde
666 432 760 480 late
781 431 830 479 in
851 449 1011 494 omnes
1032 445 1183 496 partes
1205 435 1266 480 est
1287 433 1546 497 prospectus
1568 435 1852 481 arcemaedi-

76 509 210 555 ficare
247 498 491 566 aggreffuS.
560 499 685 545 Cum
724 513 840 560 opus
859 497 922 544 ob
946 496 1262 545 difficultatem
1286 500 1479 546 vecturae
1498 497 1669 545 tardius
1692 515 1853 561 proce-

76 573 221 625 deret,
246 564 292 613 T
295 564 426 613 hanis
447 562 662 611 omnibus
685 579 766 626 per
788 561 1046 609 universum
1068 578 1260 626 regnum
1280 563 1486 610 laborem
1504 580 1585 625 per
1605 563 1728 610 vices
1751 580 1855 626 par·-

77 636 204 688 titus,
233 631 303 694 (1)
329 643 506 693 operas,
532 635 572 676 &
597 629 809 691 jumenta
839 626 1083 688 imperavit
1121 646 1132 673 :
1168 626 1373 690 ipsosque
1406 629 1535 675 velut
1569 628 1700 692 'operi
1737 644 1855 691 prae-

78 699 220 745 sectos
243 691 388 750 adesse
404 694 543 755 juffit.
611 694 842 748 Erat-tum
865 691 1129 738 Macduffus
1159 693 1194 738 F
1199 692 1273 738 ifae
1295 693 1489 740 Thanus
1519 693 1659 757 longe
1693 702 1858 756 'poten-

74 763 281 815 tissimus.
349 760 393 806 Is
410 757 557 806 vitam
579 757 702 804 suam
722 756 844 822 Regi
865 756 1155 804 committere
1178 773 1271 805 non
1294 757 1439 813 ausus,
1459 774 1620 818 operas
1642 758 1857 822 frequen-

75 840 164 884 tes,
188 833 230 874 &
252 843 309 874 ex
328 822 505 872 intimis
535 822 807 878 amicorum,
831 821 914 885 qui
938 839 1054 885 opus
1087 834 1317 885 urgerent,
1341 825 1398 869 eo
1430 823 1562 881 milit.
1630 824 1732 882 Rex
1770 823 1861 871 five

77 891 229 956 operis
254 889 405 953 (quod
426 888 741 949 simulabatur)
766 887 992 935 invisendi
1011 886 1175 942 studio,
1200 887 1288 934 five
1313 888 1461 951 (quod
1477 888 1740 934 Macduffus
1763 905 1861 935 me-

78 957 256 1016 tuebat)
285 968 334 1002 ut
366 971 474 1016 eum
507 952 933 1017 comprehenderet,
959 968 1063 999 cum
1100 951 1363 1007 advenisset,
1390 956 1431 998 δε
1453 951 1570 998 forte
1587 952 1754 1015 jugum
1776 953 1861 1000 bo-

80 1038 159 1070 um
188 1019 317 1067 oneri
338 1019 488 1084 impar
518 1035 600 1082 per
619 1017 856 1065 adversum
883 1017 1057 1064 clivum
1088 1016 1235 1063 subire
1258 1032 1350 1064 non
1380 1017 1540 1078 poffet,
1570 1018 1672 1063 Rex
1694 1018 1862 1064 occasi-

78 1102 168 1134 one
188 1084 479 1135 succensendi
507 1085 704 1130 libenter
733 1091 927 1146 arrepta,
954 1081 1152 1128 minatus
1186 1083 1249 1128 est
1277 1081 1319 1127 se
1342 1082 1681 1128 contumaciam
1703 1081 1864 1128 Thani

75 1139 357 1214 jampridem
379 1149 462 1208 fibi
482 1148 763 1212 perspectam
786 1146 1087 1200 domituram,
1114 1160 1167 1191 ac
1183 1145 1352 1209 jugum
1385 1144 1524 1207 ipsius
1555 1147 1676 1193 collo
1710 1147 1865 1210 impo-

83 1216 287 1269 fiturum,
373 1213 639 1261 Macduffus
674 1228 723 1258 re
749 1212 810 1259 ad
841 1212 882 1259 se
915 1210 1092 1275 perlata
1119 1208 1237 1256 nihil
1270 1212 1507 1256 cunctatus
1545 1214 1868 1269 commendata

83 1279 216 1328 uxori
237 1279 429 1339 familia,
451 1295 506 1326 ac
524 1277 737 1334 navicula
758 1293 841 1341 pro
863 1275 1084 1339 temporis
1113 1275 1316 1339 angustia
1337 1286 1497 1321 ornata
1517 1274 1567 1321 in
1589 1276 1867 1323 Lothianam

85 1340 379 1401 transvectus,
397 1344 506 1402 inde
529 1344 576 1391 in
600 1342 822 1406 Angliam
845 1341 973 1389 abiit.
1042 1342 1185 1404 Fugae
1206 1339 1394 1387 confilio
1416 1338 1575 1387 audito
1596 1340 1698 1386 Rex
1720 1340 1869 1388 statim

83 1410 238 1457 valida
259 1427 415 1465 manu,
440 1401 472 1456 'fi
494 1408 611 1456 forte
645 1416 753 1456 eum
772 1409 1038 1471 oppnmere
1060 1406 1219 1468 posset,
1244 1404 1293 1451 in
1316 1406 1349 1451 F
1353 1403 1464 1451 isam
1486 1405 1741 1463 contendit.
1811 1407 1869 1452 In

84 1491 237 1522 arcem
259 1474 406 1521 statim
427 1473 703 1522 intromissus
741 1489 837 1521 non
866 1473 1056 1519 invento
1079 1470 1268 1526 Thano,
1292 1468 1339 1516 in
1375 1486 1583 1527 uxorem,
1609 1476 1647 1516 δε
1679 1471 1867 1526 liberos,

85 1539 168 1602 qui
190 1540 585 1593 aderantxomnem
606 1539 722 1586 iram
740 1537 924 1588 effudit.⁸
954 1539 1080 1584 Bona
1101 1535 1149 1582 in
1168 1535 1323 1582 fiscum
1345 1535 1543 1590 redaCm,
1564 1534 1656 1597 ipse
1674 1537 1744 1598 (2)
1762 1553 1870 1598 per-

86 1604 252 1651 duellis
274 1604 594 1660 denunciatuS,
620 1603 751 1667 gravi
770 1603 946 1649 indicta
965 1616 1121 1664 poena,
1159 1600 1190 1646 fi
1212 1599 1322 1662 quis⁴
1344 1600 1418 1646 vel
1441 1600 1665 1663 congredi
1684 1617 1788 1646 cum
1813 1617 1869 1648 eo

88 1669 217 1716 ausit.
286 1671 341 1716 In
362 1681 550 1715 caeteros
573 1685 759 1731 quoque
780 1683 947 1730 genere
968 1666 1130 1719 claros,
1152 1675 1229 1710 aut
1250 1663 1415 1726 opibus
1435 1676 1644 1725 potentes
1664 1665 1756 1711 fine
1778 1664 1867 1711 dis-

93 1732 288 1781 crimine
309 1732 531 1778 saevitum.
601 1733 673 1778 Ac
689 1733 786 1794 jam
808 1748 864 1778 ex
886 1748 942 1777 eo
963 1729 1240 1792 contemptis
1259 1728 1544 1791 proceribus,
1569 1730 1671 1775 Rex
1692 1728 1868 1777 domes-

89 1797 194 1844 ticis
216 1797 415 1844 consiliis
439 1795 633 1860 regnum
654 1796 1014 1855 administrabat.
1482 1848 1485 1849 ⁷
1588 1849 1590 1851 μ
1717 1850 1734 1854 Γ

158 1863 267 1909 ΧΠ.
302 1864 483 1908 Interea
517 1861 780 1917 Macduffus
803 1861 852 1907 in
887 1859 1108 1924 Angliam
1131 1859 1307 1906 delatus
1330 1857 1695 1906 Milcolumbum
1717 1859 1874 1924 Regio

90 1927 220 1972 cultu
241 1926 453 1972 habitum
473 1927 598 1989 apud
618 1925 883 1972 Eduardum
907 1927 1089 1988 Regem
1110 1923 1303 1970 invenit.
1345 1923 1587 1970 Eduardus
1603 1924 1728 1971 enim
1752 1925 1872 1971 frac-

92 1990 149 2036 tis
173 1989 416 2053 in‘Anglia
438 1991 678 2038 Danorum
701 1990 885 2051 opibus,
918 1990 967 2035 in
991 2006 1185 2052 regnum
1208 1989 1265 2035 ab
1288 1987 1428 2034 exilio
1451 2001 1689 2036 revocatus
1709 1990 1869 2052 multis

92 2054 149 2100 de
172 2055 311 2101 causis
335 2055 490 2102 favore
512 2055 868 2117 prosequebatur
892 2054 1257 2100 Milcolumbum
1279 2053 1338 2099 ab
1361 2069 1446 2100 avo
1469 2064 1676 2101 materno
1697 2059 1718 2117 (
1726 2056 1773 2118 3)
1800 2055 1872 2101 Si·-

84 2118 234 2166 ·bardo
253 2119 310 2165 ad
335 2118 377 2166 se
399 2119 648 2166 adductum
675 2138 686 2167 :
720 2119 794 2165 vel
813 2120 943 2182 quod
959 2130 1104 2181 pater,
1126 2118 1324 2181 avusque
1342 2134 1448 2164 cum
1466 2119 1702 2181 praeesi'ent
1725 2122 1871 2166 Cum·

91 2182 204 2230 briae
225 2195 449 2246 quatenus
472 2201 555 2247 per
577 2196 786 2246 tempora
806 2184 957 2240 licuit,
983 2182 1158 2246 semper
1179 2182 1429 2243 majoribus
1452 2183 1538 2235 fuis
1570 2184 1832 2232 studuissent
1857 2203 1872 2231 τ,

94 2248 169 2295 vel
191 2249 320 2311 quod
338 2261 607 2296 eventorum
626 2248 893 2304 similitudo,
920 2255 960 2296 δε
980 2248 1202 2295 memoria
1223 2248 1535 2311 periculorum
1559 2265 1634 2295 eos
1653 2249 1874 2296 concilia-

94 2324 182 2367 ret,
200 2313 375 2376 quippe
389 2315 568 2377 Regem
588 2325 835 2377 utrunque,
854 2313 969 2375 &inj
978 2315 1069 2360 usto
1088 2313 1229 2360 exilio
1248 2329 1273 2359 a
1297 2312 1498 2376 'tyrannis
1519 2314 1735 2361 multatos
1764 2333 1775 2361 ε
1801 2315 1873 2361 vel

95 2379 224 2440 quod
244 2379 429 2442 Regum
446 2379 624 2426 afflictae
637 2392 706 2426 res
729 2379 864 2426 facile
882 2379 1127 2425 hominum
1145 2377 1285 2425 etiam
1304 2377 1675 2425 alienissimorum
1697 2379 1874 2426 animos

92 2456 406 2491 commovent.
473 2444 668 2491 Thanus
689 2442 832 2507 igitur
867 2443 948 2490 ubi
988 2443 1184 2506 primum
1209 2459 1291 2505 per
1323 2443 1477 2490 ocium
1511 2443 1877 2492 Milcolnmbum

55 2519 57 2521 ’
98 2507 344 2554 convenire
374 2509 544 2572 potuit,
588 2510 693 2556 cum
717 2510 860 2572 longo
891 2508 1094 2555 sermone
1116 2507 1204 2555 suae
1238 2508 1362 2571 fug'ae
1388 2507 1622 2555 infelicem
1645 2510 1874 2557 necestita-

23 2589 26 2592 ·
95 2582 208 2627 tem,
231 2573 473 2626 Macbethi
490 2574 538 2620 in
552 2590 710 2620 omnes
730 2573 915 2620 ‘ordines
937 2571 1274 2627 crudelitatem,
1297 2579 1337 2620 δε
1354 2572 1566 2619 omnium
1588 2587 1748 2621 contra
1768 2593 1876 2626 eum.

97 2637 208 2683 odia
229 2637 514 2698 exposuisset,
538 2649 748 2685 accurata
769 2637 976 2685 oratione
998 2638 1056 2684 ad
1085 2654 1280 2701 regnum
1307 2650 1550 2700 paternum
1573 2642 1877 2700 repetendum

97 2699 248 2748 filium
268 2703 329 2748 est
352 2701 556 2749 hortatus
581 2721 592 2750 :
628 2702 878 2766 praesertim
900 2719 1007 2749 cum
1041 2720 1191 2767 neque
1225 2703 1316 2750 fine
1351 2703 1527 2750 summo
1550 2702 1712 2751 scelere
1734 2710 1876 2769 patris

98 2771 259 2812 necem
275 2765 469 2828 impiam
486 2767 683 2814 inultam
701 2768 977 2832 relinquere,
998 2785 1083 2815 nec
1099 2767 1264 2832 populi
1282 2783 1309 2813 a
1325 2768 1431 2815 Deo
1449 2768 1533 2832 ipsi
1555 2770 1772 2817 commiffi
1788 2774 1875 2820 mi-

98 2829 230 2878 serias
249 2831 504 2896 negligere,
527 2849 678 2896 neque
700 2832 955 2884 amicorum
970 2833 1088 2894 justa
1103 2831 1362 2896 petentium
1378 2833 1592 2897 precibus
1610 2835 1754 2882 deess‘e
1775 2838 1879 2901 pos-

100 2894 181 2948 set.
249 2897 472 2948 Praeterea
492 2914 585 2952 non
623 2896 667 2949 ei
699 2897 966 2946 defuturum
988 2915 1138 2961 neque
1158 2897 1366 2945 Eduardi
1408 2898 1550 2963 Regis
1574 2899 1748 2962 optimi*
1771 2914 1889 2967 erga.

86 2959 322 3016 amicum,
347 2967 388 3008 δε
407 2962 660 3026 supplicem
674 2962 895 3019 officium,
917 2980 1066 3025 neque
1087 2962 1253 3026 populi
1273 2961 1470 3011 studium
1493 2964 1702 3010 adversus
1725 2976 1880 3027 tyran-

102 3039 234 3078 num,
257 3041 408 3088 neque
425 3027 628 3083 numinis
645 3028 850 3083 favorem
871 3045 956 3091 pro
978 3027 1111 3075 bonis
1130 3041 1289 3075 contra
1305 3027 1552 3082 scelestum,
1577 3027 1658 3074 ‘nifi
1679 3028 1773 3091 ipse
1796 3031 1879 3079 fibi

103 3089 248 3135 deesse
270 3089 398 3136 velit.
466 3091 822 3149 Milcolumbus,
844 3094 926 3155 qui
954 3091 1071 3154 saepe
1093 3092 1225 3143 antea
1245 3108 1327 3154 per
1344 3091 1553 3141 homines
1577 3091 1604 3137 ὲ
1626 3091 1883 3144 Macbetho

31 3171 43 3178 .
104 3152 372 3211 summiff05‚
394 3166 445 3211 ut
462 3171 566 3204 eum
589 3173 671 3218 per
689 3157 849 3203 dolum
869 3158 927 3202 ad
948 3157 989 3211 se
1006 3156 1223 3213 illiceret,
1243 3155 1490 3211 solicitatus
1509 3156 1657 3204 fuerat
1679 3158 1736 3206 de
1757 3161 1881 3208 redi-

102 3228 172 3273 tu,
198 3219 460 3283 priusquam
482 3236 578 3265 rem
601 3232 775 3268 tantam
795 3220 992 3267 fortunae
1019 3218 1344 3275 committeret,
1370 3221 1594 3268 Macduffi
1621 3222 1758 3271 fidem
1781 3239 1885 3273 ten-

105 3289 202 3345 tare
224 3284 390 3341 statuit.
458 3286 561 3346 Ego
582 3301 707 3339 vero,
736 3284 906 3347 inquit,
940 3284 1058 3333 nihil
1079 3285 1264 3338 horum,
1304 3302 1407 3347 quae
1430 3301 1456 3331 a
1484 3298 1529 3332 te
1559 3285 1661 3333 sunt
1681 3292 1888 3352 exposita

105 3345 272 3415 ignoro
298 3365 308 3393 ε
343 3347 418 3394 sed
439 3365 598 3402 vereor
620 3366 677 3396 ne
700 3361 749 3396 tu
768 3365 858 3403 me,
884 3366 1023 3411 quem
1047 3350 1105 3396 ad
1126 3365 1322 3413 regnum
1344 3349 1676 3413 suscipiendum
1696 3353 1881 3409 invitm,

107 3411 291 3478 penitus,
309 3411 510 3476 ignores.
578 3415 756 3473 Eadem
787 3415 918 3473 enim,
933 3413 1066 3469 vitia,
1088 3429 1192 3476 quae
1218 3414 1317 3474 jam
1343 3415 1514 3472 multos
1537 3417 1689 3480 Reges
1712 3421 1884 3482 pessum

19 3587 23 3590 ὴ
65 3596 69 3598 ῃ
139 3536 224 3589 ’(1)
254 3542 404 3592 Operae,
425 3543 649 3594 workmenffi
1083 3543 1148 3595 (3)
1177 3543 1318 3582 siward
1343 3546 1416 3583 earl
1453 3545 1498 3583 of
1520 3545 1883 3597 Northumberland,

165 3595 228 3644 (2)
257 3597 296 3642 A
314 3597 412 3635 rebel
431 3611 477 3635 01·
487 3599 629 3638 traitor.
1028 3599 1073 3643 of
1087 3599 1213 3639 whom
1233 3611 1335 3636 more
1354 3597 1385 3638 is
1402 3599 1542 3649 spoken
1560 3600 1758 3641 here-after.

1748 3680 1863 3737 dede
1876 3709 1888 3719 -
