2106 3838
192 177 291 270 54³
352 200 359 205 “
504 184 862 250 Renum
955 175 1395 242 Seni-ica
1456 195 1653 244 RuM

218 308 220 312 ·
243 278 558 328 ‘Amalobrica
577 279 624 326 in
649 275 886 326 Itinerario
909 270 1150 319 Antonini.

258 343 480 392 Arabrica
502 343 665 395 Plinio,
689 336 1252 388 conventus'Bracarenfis.

213 435 220 447 ι
252 407 485 457 Arabrica
506 408 644 454 altera
665 404 912 452 Ptolemaeo
932 399 981 447 in
1003 398 1251 446 Lusitania.

212 506 241 509 »-
262 471 515 519 Arcobrica
536 471 782 517 Ptolemaeo
804 466 850 512 in
874 463 1140 512 Celtiberis.

223 558 228 563 ·
258 535 512 586 Arcobrica
533 535 671 580 altera
688 531 935 579 Ptolemaeo
957 528 1003 577 in
1028 527 1220 575 Celticis
1240 526 1479 575 Lusitanis.

239 600 515 650 .Arcobrica
534 596 664 644 tertia
684 594 832 642 Plinio
849 593 896 641 in
920 606 1150 640 conventu
1174 593 1591 656 Caei‘araugustano..

260 663 505 712 Artobrica
527 662 773 709 Ptolemaeo
793 658 841 705 in
868 656 1140 706 Vindelicis.

258 726 591 790 Augustobrica
614 723 763 771 Plinio
787 727 830 770 8<
857 723 1108 770 Ptolemaeo
1129 721 1176 769 in
1202 720 1447 769 Lusitania.

258 790 592 854 Augustobrica
609 788 699 834 alia
720 787 968 835 Ptolemaeo
990 788 1035 834 in
1063 784 1365 833 vectonibus.

258 852 592 918 Augustobrica
613 851 746 899 tertia
768 852 1016 899 Ptolemaeo
1037 851 1084 897 in
1111 849 1466 898 Pelendonibus.

258 916 492 967 Axabrica
512 915 662 964 Plinio
685 916 731 963 in
762 916 1001 964 Lusitanis.

255 981 516 1033 Bodobrica
547 980 785 1028 itinerario
808 979 1034 1028 Antonini
1066 981 1117 1029 δε
1140 978 1261 1026 libro
1281 979 1339 1025 de
1363 978 1536 1026 noticia
1555 977 1744 1043 imperii
1766 978 1966 1028 Romani

382 1045 432 1093 in
449 1046 705 1093 Germania
722 1045 884 1109 prima.

253 1112 292 1160 B
308 1110 392 1174 ‘ige
414 1109 650 1158 itinerario
675 1109 900 1157 Antonini
920 1110 966 1157 in
989 1108 1239 1156 Britannia.

257 1175 396 1239 Brige
417 1174 544 1222 vicus
567 1175 779 1222 Straboni
801 1174 856 1221 ad
879 1174 1056 1222 Cottias
1081 1175 1240 1236 Alpes.

254 1238 525 1288 Brutobrica
542 1239 775 1303 Stephano
796 1239 915 1286 inter
938 1237 1104 1291 Betim,
1118 1244 1157 1284 &
1174 1237 1430 1286 Turdulos.

255 1303 536 1352 Caeliobrica
556 1305 804 1351 Ptolemaeo
826 1302 1162 1351 Celerinorum.

254 1367 563 1415 Caesarobrica
583 1368 734 1417 Plinio
757 1369 802 1415 in
831 1367 1075 1415 Lusitania.

234 1432 507 1480 »Catobriea
530 1433 577 1479 in
603 1433 825 1480 Turdulis
850 1433 1091 1480 ltinerario
1116 1431 1355 1478 Antonini.

256 1496 549 1543 eorimbrica-
568 1498 715 1544 Plinio
739 1500 783 1545 in
806 1496 1048 1551 Lusitania,
1064 1497 1151 1544 sed.
1171 1496 1250 1541 nisi
1275 1495 1425 1550 fallor,
1441 1506 1652 1559 corrupte
1670 1510 1753 1557 pro
1768 1492 1964 1542 Conim-

384 1560 527 1616 brica,
547 1562 674 1622 cuius
699 1561 909 1609 meminit
927 1561 1213 1608 Itinerasium
1237 1559 1480 1616 Antonini,
1500 1566 1539 1607 &
1558 1574 1661 1623 quae
1680 1560 1806 1607 suum
1827 1570 1964 1606 vetus

383 1642 550 1672 nomen
573 1627 722 1672 adhuc
747 1627 884 1673 servat
908 1626 964 1671 ad
988 1627 1214 1672 Mundam
1239 1640 1435 1671 amnem.

257 1689 558 1737 Cotteobrica
580 1691 826 1738 Ptolemaeo
849 1691 894 1738 in
919 1692 960 1736 V
964 1690 1226 1737 edonibus.

255 1754 490 1802 Deobrica
511 1756 758 1802 Ptolemaeo
779 1756 824 1802 in
849 1754 1148 1803 VeEtonibus.
1414 1802 1417 1817 Ι

252 1818 491 1866 Deobrica
509 1821 650 1866 altera
671 1821 918 1867 Ptolemaeo
939 1820 985 1865 in
1012 1817 1364 1882 Autrigonibus.

256 1882 540 1931 Deobricula
558 1884 807 1931 Ptolemaeo
830 1884 1185 1946 Mon-hogerum.

254 1946 522 1995 Deffobrica
540 1965 628 1995 non
650 1949 788 2011 longe
811 1948 838 1995 a
860 1947 1111 1996 Lacobrica
1129 1947 1369 1994 Itinerario
1391 1946 1634 1994 Antonini.

254 2009 542 2060 Flaviobrica
564 2014 730 2065 Plinio.
754 2015 808 2059 ad
837 2015 1070 2060 Amanum
1091 2024 1291 2075 portum.
1326 2013 1599 2058 Ptolemaeus
1616 2010 1663 2058 in
1688 2008 1961 2073 Autrigoni·

385 2073 471 2123 bus
507 2079 732 2126 Mannum
767 2091 936 2126 vocat:
970 2093 1021 2124 ac
1061 2077 1208 2124 nescio
1242 2093 1298 2123 an
1343 2077 1465 2139 apud
1497 2075 1696 2123 Plinium
1732 2076 1963 2138 Magnum
2041 2081 2047 2085 ”

384 2139 520 2188 scribi
540 2143 720 2189 debeat.

258 2206 515 2254 Gerabrica
535 2205 580 2254 in
604 2220 832 2255 conventu
858 2205 1164 2260 Scalabitano,
1188 2222 1291 2270 quae
1314 2206 1359 2253 in
1385 2205 1548 2252 eodem
1577 2203 1827 2268 Jerabrica.

256 2268 512 2344 Juliobrica
543 2271 693 2319 Plinio
725 2276 775 2323 δε
806 2270 1046 2320 Itinerario
1080 2271 1304 2319 Antonini
1339 2270 1387 2318 in
1416 2269 1677 2324 Cantabris,
1712 2267 1825 2316 olim
1859 2265 1959 2315 Bri-

385 2349 555 2398 gantia.

256 2399 511 2446 Lacobrica
529 2401 576 2449 in
590 2402 798 2448 Vaccaeis
817 2400 968 2448 Plinio
987 2407 1026 2448 Se
1048 2401 1296 2448 Ptolemaeo
1318 2407 1357 2447 &
1378 2400 1504 2447 Festo
1525 2398 1764 2462 Pompeio.

257 2463 511 2510 Lacobrica
526 2481 573 2512 in
596 2464 719 2512 sacro
741 2467 1057 2528 promontorio
1081 2466 1234 2512 Mclae.

255 2525 542 2576 Lencobrica
557 2528 605 2576 in
628 2531 818 2578 Celticis
841 2531 1063 2578 Lusitanis
1086 2530 1350 2578 Ptoleinaeo.

255 2588 503 2656 Latobrigi
521 2593 659 2640 vicini
679 2595 905 2642 Helvetiis
926 2593 1109 2641 Caesari.

254 2655 532 2703 Medubrica
559 2672 869 2715 cognomento
907 2659 1169 2706 Plumbaria
1191 2659 1343 2707 Plinio
1377 2647 1424 2709 in
1459 2654 1705 2705 Lusitania.
1771 2655 1889 2704 Haec
1909 2655 1961 2702 ni

200 2730 202 2732 ’
386 2719 521 2767 fallor
538 2721 584 2769 in
607 2722 849 2770 itinerario
871 2723 1095 2771 Antonini
1118 2736 1306 2771 vocatur
1325 2721 1651 2770 Mundobrica.
1710 2760 1713 2762 .

224 2836 229 2850 .-
255 2783 521 2832 Merobrica
541 2800 850 2850 cognomento
872 2787 1051 2835 Celtica
1067 2787 1114 2834 in
1139 2786 1370 2835 Lusitania
1389 2785 1541 2834 Plinio
1560 2789 1611 2836 δε
1634 2784 1899 2833 Ptolemaeo.

253 2848 513 2896 Mirobrica
528 2850 575 2897 in
591 2851 805 2898 Oretanis
822 2852 1088 2898 Ptolemaeo.

252 2911 510 3023 Mirobrica
525 2916 667 2963 altera
684 2916 731 2965 in
756 2915 957 2971 Beturia‚
980 2916 1068 2963 sive
1099 2914 1384 2963 Turdetanis
1405 2912 1574 2961 Beticis
1597 2913 1749 2963 Plinio
1778 2916 1826 2964 &
1849 2913 1957 2960 Pto-

399 2993 560 3025 emaeo.
803 3021 810 3026 .

251 3041 583 3090 Nemetobrica
604 3043 649 3089 in
672 3043 862 3092 Celticis
883 3043 1107 3092 Lusitanis
1129 3045 1396 3093 Ptolemaeo.

250 3105 527 3154 Nertobrica
548 3108 594 3156 in
619 3109 840 3157 Turdulis
865 3108 1032 3156 Beticae
1051 3110 1315 3156 Ptolemaeo.
1653 3146 1658 3150 .

248 3168 531 3281 Nerttligsiricg
550 3175 689 3220 altera
718 3175 765 3221 in
801 3173 1048 3221 Celtiberis
1091 3175 1358 3226 Ptolemaeo,
1390 3171 1440 3219 ‘m
1470 3171 1711 3219 itinerario
1732 3169 1959 3218 Antonini

431 3248 497 3281 ito
532 3252 639 3284 rica.
1027 3247 1032 3264 ¹

248 3297 497 3360 Segobrica
515 3299 565 3372 iii
587 3301 833 3349 Celtiberis
853 3300 1004 3349 Plinio
1030 3319 1048 3348 ι
1076 3300 1327 3350 Ptolemaeo
1351 3314 1465 3348 vero
1482 3296 1749 3359 Celtiberia:
1769 3309 1924 3362 caput.

246 3359 512 3418 Talabrica,
538 3381 584 3411 in
608 3365 839 3413 Lusitania
861 3366 1013 3413 Plinio
1035 3370 1081 3414 8<
1111 3365 1378 3415 Ptolemaeo.

245 3422 511 3474 Turobrica
531 3427 578 3474 in
603 3428 794 3476 Celticis
814 3430 980 3478 Beticae
1002 3429 1171 3478 Plinio.

245 3486 539 3537 Tuntobrica
561 3491 678 3539 inter
701 3494 911 3541 Bracare>
928 3494 1139 3541 Galaecos
1164 3494 1430 3541 Ptolemaeo.

244 3550 520 3600 Vertobrica
540 3570 850 3618 cognomento
873 3557 1138 3605 Concordia
1158 3558 1283 3621 Julia
1302 3555 1459 3606 Plinio
1478 3555 1528 3604 in
1547 3553 1741 3605 Celticis
1754 3551 1949 3602 Baeticis.

243 3614 498 3666 volobrica
520 3620 771 3668 Nemetum
797 3623 1062 3670 Ptolemaeo.

1652 3683 1854 3732 XXXII.
1880 3678 1961 3728 Ad·
