2121 3838
241 189 372 254 ³⁴54
493 163 936 238 ‚RERUM
992 147 1671 212 SCOTICARUM

223 265 416 318 'vocatis
434 263 490 311 de
507 263 677 310 summa
692 265 841 301 rerum
863 246 1099 294 deliberat.
1167 241 1263 288 Alii
1288 238 1538 286 sentiebant
1557 251 1794 298 procerum
1817 232 1991 281 animos
2047 231 2050 239 '

361 372 366 382 Ι
597 325 604 331 “
742 379 750 387 ·
892 330 897 336 ·
955 323 1015 380 et,
1038 309 1121 368 effe
1153 304 1488 368 pertentandos,
1515 318 1562 347 ut
1585 311 1740 346 contra
1760 299 1992 345 hominem

250 397 535 463 poPularem,
561 395 597 433 δι
623 382 776 429 multis
798 376 1024 426 amicitiis,
1051 377 1090 418 δε
1113 368 1385 416 saetionibus
1413 363 1689 427 implicitum
1714 361 1994 423 prosec‘turus

252 451 695 517 ‹vires-expenderet:
737 458 789 489 ac
811 455 907 503 tum
929 440 1112 485 denium
1135 449 1189 479 ex
1214 429 1421 494 praesenti
1439 429 1572 491 copia
1604 424 1841 473 consilium
1863 438 1996 483 cape-

248 540 343 575 ret.
410 523 523 567 haec
540 513 759 574 juniores,
785 511 822 552 δι
847 499 1134 551 ferocissimus
1155 496 1344 558 quisquc
1365 494 1488 539 velut
1509 495 1631 538 lenta
1650 488 1834 536 consilia
1853 486 2000 548 asper·
2066 492 2077 510 '

260 589 375 642 nari,
395 599 445 630 ac
462 579 664 626 oisserere
685 569 867 620 obviarn
884 563 1098 630 periculis
1121 561 1341 620 eundum,
1366 562 1405 603 δι
1429 556 1596 602 hostem
1619 568 1739 608 ante,
1759 543 1894 615 quani
1919 565 2002 594 no.

261 669 368 702 vum
393 657 583 709 regnum
601 637 903 696 confirmaret,
922 626 1298 694 aggrediendum.
1338 622 1476 668 Hanc
1493 617 1753 665 sententiam
1772 618 1872 662 Rex
1895 613 2003 659 ado·
2061 612 2068 626 ¹

262 720 428 766 lescens
452 712 574 755 velut
611 701 756 764 magis
777 694 1018 760 speciosam
1042 692 1216 739 secutus
1242 686 1420 733 circiter
1450 683 1605 729 decem
1630 679 1833 727 millibus
1857 674 2007 725 homi-
2058 688 2060 693 ’

263 796 371 829 rium
395 767 637 821 coafflsad
654 766 820 812 hostem
847 758 1010 822 pergit.
1076 755 1180 802 Nec
1202 749 1524 813 Constantinus
1546 742 1630 792 sibi
1653 742 1812 790 defuit.
1878 743 2007 786 Tan-
2072 767 2077 788 ,-

266 859 363 893 tum
378 838 506 888 enim
527 829 778 880 exercitum
802 823 929 871 brevi
953 818 1167 872 confecit,
1207 812 1610 863 ut-Milcolumbus
1641 809 1704 854 ad
1731 806 1898 853 faniam
1931 802 2009 848 ad·
2072 796 2077 806 “

265 919 426 955 ventus
447 896 659 962 ejus-suo:¹
682 887 899 939 dimiserit
920 905 930 933 ;
962 883 1053 948 ipse
1074 882 1120 930 in
1145 876 1414 927 Cumbriam
1437 874 1615 921 abierit.
1680 874 1733 917 Id
1755 886 1862 916 vero
1885 868 2012 913 Ken·
2077 871 2080 873 ’

266 973 430 1020 nethiis
453 969 548 1026 ejus
570 961 701 1007 frater
729 958 753 1002 ἐ
778 950 941 1015 pellice
963 961 1090 994 natus
1114 961 1215 991 cum
1237 939 1508 1004 flagitiosum
1530 936 1815 987 existimaret,
1839 933 2015 992 aliquot

746 1015 952 1065 hortibus
971 1009 1181 1075 persuasis
1196 1021 1336 1069 prope
1357 1002 1602 1049 sterlinum
1621 1002 1677 1046 ad
1692 998 1900 1045 Fortbarn
1919 1011 2017 1040 arn-
2075 1040 2083 1050 ,

271 1116 396 1152 nem,
420 1093 501 1159 qui
522 1090 586 1137 eis
622 1090 733 1135 imes
758 1091 868 1134 erat,
890 1077 1003 1124 hosti
1023 1074 1063 1122 se
1088 1070 1263 1133 objicit.
1320 1067 1391 1114 lbi
1413 1082 1516 1113 cum
1537 1064 1595 1111 ad
1617 1077 1795 1110 amnem
1818 1057 2015 1122 praealtis
2076 1057 2081 1066 ⁴

272 1163 402 1228 ripis,
426 1176 477 1207 ac
495 1156 603 1203 raris
619 1153 666 1200 in
683 1145 796 1196 lo'cis
817 1139 1031 1190 vadosum
1050 1137 1184 1184 ociosi
1204 1133 1416 1194 utrinque
1433 1130 1698 1187 desiderent,
1718 1123 1837 1172 fame
1861 1130 1897 1169 δι
1924 1120 2020 1184 pes·
2086 1127 2087 1131 ’

275 1246 337 1282 te,
359 1224 521 1287 quibu„
548 1218 678 1267 malis
695 1228 749 1261 eo
771 1223 889 1257 anno
911 1205 1201 1251 vehementer
1224 1197 1475 1244 laboratum
1498 1205 1609 1246 erat,
1653 1204 1840 1252 uterque
1867 1185 2020 1248 copias
2083 1227 2087 1235 ,

275 1288 506 1342 dimittere
525 1285 587 1332 est
603 1279 799 1328 coac'tus.
864 1265 936 1317 Ita
953 1282 1093 1332 regno
1111 1266 1156 1311 in
1175 1264 1285 1309 duas
1307 1258 1522 1307 sactiones
1539 1254 1698 1309 diviso,
1713 1253 1859 1317 plebs,
1884 1251 2019 1313 peste,

275 1350 413 1405 sant.
437 1334 1015 1400 latrociniis-miserabiliter
1035 1332 1095 1377 est
1114 1328 1289 1375 afflic‘ta.
2078 1316 2081 1321 '

343 1417 515 1468 XLIV.
553 1414 732 1461 Interea
760 1402 939 1451 absente
972 1392 1295 1444 Milcoluiiibo,
1319 1387 1399 1452 qui
1420 1403 1474 1434 cx
1498 1385 1666 1433 foedere
1689 1381 1843 1444 Anglo
1865 1378 2023 1426 adver·
2080 1403 2088 1412 ι

280 1487 352 1536 sus
368 1484 526 1532 Danos
544 1472 763 1523 auxilium
787 1465 975 1517 serebat,
1000 1456 1319 1506 Constantinus
1340 1452 1616 1499 occasionem
1639 1447 1680 1494 se
1703 1449 1881 1493 nactum
1905 1455 2026 1489 ratus

282 1541 577 1614 opprimendi
608 1534 848 1584 faciionern
883 1525 1110 1573 adversam
1145 1536 1248 1567 cuin
1279 1516 1456 1580 magnis
1488 1513 1629 1575 copiis
1666 1512 1713 1556 in
1756 1508 2028 1555 Lothianam
2067 1540 2069 1542 -
2088 1542 2092 1553 ,

604 1597 872 1649 Keniietlius
894 1607 920 1637 a
941 1590 1075 1635 fratre
1098 1586 1294 1635 relic'tus,
1311 1596 1359 1627 ιιι
1382 1581 1436 1626 ad
1454 1594 1610 1624 omncs
1627 1571 1910 1622 Constantini
1930 1586 2027 1617 mo·
2085 1583 2095 1602 ¹-

610 1680 724 1717 atus,
759 1661 814 1706 ad
840 1653 1051 1704 Almonis
1084 1648 1227 1696 amnis
1250 1646 1409 1692 ostium
1431 1642 1472 1688 se
1502 1638 1701 1686 venienti
1721 1635 1906 1696 objecit.
1974 1636 2033 1680 lit
2084 1619 2121 1688 {l

933 1731 965 1772 t,
989 1731 1085 1762 rem
1116 1709 1305 1760 consilio
1321 1706 1458 1769 juvit,
1481 1704 1545 1751 ita
1567 1702 1659 1749 acie
1682 1700 1857 1752 strucia,
1888 1710 1937 1745 ut
1963 1698 2030 1743 so-
2091 1725 2095 1733 ι

268 1037 467 1085 virorum
487 1024 672 1075 fortium
689 1037 743 1067 co

284 1608 538 1660 contendit.

282 1692 361 1726 tus
390 1676 495 1721 ess'et
527 1684 607 1734 par

288 1741 400 1805 quia
430 1734 616 1785 inferior
645 1739 834 1775 numero
855 1736 928 1766 era

282 1805 400 1858 lem,
421 1808 460 1850 δι
483 1811 669 1846 ventum
688 1808 713 1837 a
734 1799 863 1851 tergo
884 1783 1068 1829 haberet
1093 1798 1104 1826 2
1139 1780 1276 1823 latera
1297 1772 1447 1835 quoad
1469 1779 1644 1832 poterat
1673 1762 1864 1812 flumine.
1883 1760 2034 1809 muni·
2093 1793 2098 1802 .
2120 1776 2121 1784 ¹

286 1883 376 1919 ret.
441 1867 507 1913 Ea
528 1878 594 1910 res
617 1852 845 1922 praecipue
866 1847 907 1894 ei
930 1842 1164 1892 viEtoriain
1187 1838 1328 1885 dedit.
1395 1836 1517 1882 Nam
1537 1826 1897 1878 Constantiniani
1919 1826 2036 1873 mul-

290 1932 489 1984 titudine
512 1924 615 1973 freti
640 1935 743 1968 cum
767 1914 925 1964 acriter
958 1910 1005 1956 in
1041 1906 1248 1971 praelium
1282 1900 1477 1953 riiiss'ent,
1502 1908 1662 1959 prester
1694 1891 2039 1939 incommodum

295 1999 399 2047 solis
421 1991 607 2042 adversi,
631 1982 831 2050 procella
851 1974 991 2023 statim
1016 1983 1170 2018 coorta
1191 1978 1363 2015 tantum
1387 1960 1584 2027 pulveris
1605 1958 1651 2005 in
1674 1972 1768 2010 ora,
1796 1954 2041 2017 oculosque

290 2060 491 2126 ingessit,
515 2068 563 2102 ut
585 2041 868 2098 Constantini
889 2038 1056 2085 milites
1077 2035 1153 2082 vix
1175 2030 1379 2078 attollere
1399 2027 1550 2074 vultus
1572 2022 1619 2069 in
1648 2021 1817 2068 hostem
1850 2020 2037 2082 possent,

299 2130 354 2175 ln
376 2136 566 2183 utroque
583 2111 784 2162 exercitu
804 2109 965 2167 strages
998 2102 1158 2163 ingens
1182 2097 1297 2142 faeta
1321 2111 1332 2139 2
1365 2095 1412 2142 &
1448 2090 1584 2135 duces
1606 2086 1686 2148 ipfi
1705 2101 1788 2131 con
1828 2083 1918 2130 reffi
1942 2098 2044 2128 rnu-
2067 2130 2070 2135 ,

297 2190 391 2239 tuis
413 2181 673 2234 vulneribus
694 2175 805 2222 alter
834 2170 1023 2216 alterum
1046 2161 1353 2211 confecerunt,
1379 2155 1473 2218 post
1494 2167 1679 2204 annum,
1704 2155 1743 2201 &
1799 2163 1854 2194 ex
1875 2144 2042 2195 menses

299 2269 441 2319 quam
467 2251 536 2312 (i)
559 2255 751 2308 reguum
772 2233 1005 2283 invaserat.

947 2316 1189 2369 LXXXII.
1219 2314 1262 2361 R
1283 2314 1320 2360 E
1344 2312 1403 2360 Χ.
2080 2329 2082 2332 v

302 2408 328 2416 -.
368 2411 521 2466 XLV.
553 2406 599 2454 G
620 2401 774 2452 RIM
795 2399 840 2446 U
864 2397 891 2444 S
930 2392 1055 2442 Duffi
1087 2387 1227 2453 Regis
1266 2385 1400 2439 filius,
1435 2382 1522 2429 sive
1561 2390 1610 2426 ut
1642 2376 1719 2424 alii
1755 2375 1956 2427 tradunt,
1994 2387 2053 2422 ex
2080 2383 2092 2413 ·,

300 2477 521 2546 Mogallo
542 2472 676 2519 fratre
704 2465 799 2527 ejus
822 2472 952 2509 natus
985 2454 1187 2503 extincto
1219 2447 1516 2498 Constantino
1537 2445 1636 2491 Rex
1665 2459 1694 2488 a
1727 2440 1813 2487 suae
1847 2434 2053 2485 factionis

254 2586 261 2594 .
298 2540 573 2595 hominibus
601 2537 792 2582 Sconarn
815 2526 974 2573 ductus
995 2518 1266 2582 appellatur.
1332 2513 1427 2561 Hic
1448 2510 1533 2557 suae
1588 2504 1693 2553 artis
1710 2517 1920 2578 proceres
1949 2515 2056 2547 cum

302 2612 425 2659 -alios
441 2606 535 2667 jam
556 2606 812 2657 coi-ruptos,
833 2589 943 2635 alios
963 2601 1046 2649 per
1068 2583 1242 2645 legatos
1262 2596 1289 2625 a
1309 2575 1554 2625 Milcolum
1591 2587 1620 2617 o
1642 2566 1848 2617 solicitari
1871 2580 2057 2627 compe-

302 2676 448 2726 -riffet,
466 2657 810 2727 comprehensos
833 2650 1048 2714 quosdam
1067 2663 1093 2693 e
1115 2641 1411 2692 Milcolumbi
1432 2635 1612 2702 legatis,
1635 2632 1716 2698 qui
1729 2632 1785 2681 ad
1807 2646 1884 2678 eos
1907 2628 2073 2676 mitte-'

312 2741 480 2789 bantur
500 2730 546 2775 in
569 2723 753 2773 vincula
771 2714 982 2778 conjecit.
1050 2711 1105 2757 Id
1134 2709 1212 2755 iue
1243 2707 1408 2754 factum
1432 2718 1537 2750 curn
1564 2711 1722 2746 contra
1744 2696 1819 2757 jus
1853 2693 2064 2758 gentium

308 2799 465 2852 -videri
484 2791 638 2842 vellet,
665 2787 734 2848 (z)
760 2779 957 2846 graviter
974 2772 1169 2823 offensus
1192 2772 1361 2818 bellum
1386 2765 1572 2815 molitur
1596 2773 1818 2826 apertum.
1887 2753 2075 2803 Adver-¹

311 2868 514 2916 {us-eum
532 2869 636 2902 eum
655 2848 845 2897 Grimus
864 2849 1142 2906 properaret,
1166 2834 1337 2881 subitus
1358 2845 1511 2880 rumor
1526 2829 1583 2875 de
1601 2820 1914 2888 magnitudine
1935 2818 2066 2882 copi-

318 2927 449 2978 ar‘um
469 2922 667 2983 ejus.per
688 2909 893 2959 hostilem
905 2903 1151 2952 exercitum
1170 2897 1388 2961 dispersus
1408 2908 1565 2942 omnes
1588 2888 1778 2938 rationes
1798 2884 2064 2932 Milcolum·

320 2995 371 3043 bi
392 2983 595 3040 turbavit
616 2998 628 3026 ε
654 2974 796 3026 multi»
806 2972 953 3036 igitur
970 2963 1175 3031 quotidie
1197 2956 1517 3033 diOebautur
1540 2974 1552 3003 ε
1576 2951 1782 3002 nonnulli
1803 2949 1908 3005 alia,
1931 2959 2008 3010 atq

2078 2292 2084 2300 .
2075 1909 2104 2236 Μ.ᾳς--”,,

379 3120 439 3172 (ι)
468 3115 564 3156 MS.
591 3104 957 3150 Constantinus-reg.
993 3097 1071 3135 inv.
1105 3094 1171 3131 but
1224 3092 1399 3136 observes,
1411 3089 1494 3126 that
1505 3087 1598 3136 Livy
1614 3082 1741 3132 begins
1752 3080 1809 3119 his
1823 3072 2071 3130 prefacewith

324 3175 430 3215 there
445 3173 474 3210 is
487 3183 537 3209 no
552 3165 643 3205 need
659 3158 786 3201 ofthis
801 3151 1062 3203 interpolation
1077 3163 1090 3197 ;
1107 3147 1172 3184 the
1225 3146 1289 3183 the
1309 3144 1393 3182 four
1417 3142 1491 3179 first
1509 3140 1584 3178 feet
1610 3137 1655 3175 of
1669 3149 1716 3173 an
1733 3134 1945 3172 hexameter
1959 3126 2056 3167 verse

278 3244 280 3246 >
326 3231 495 3287 sentence
510 3217 656 3282 isjclear
671 3209 818 3272 enough
830 3206 993 3269 *fithm't
1008 3204 1052 3249 it,
1070 3202 1172 3238 0⁰¹²·
1333 3212 1553 3254 ῐ-ἰἃυηὶίηο
1570 3220 1687 3260 opera·
1706 3205 1868 3258 precium
1887 3203 1968 3249 sm,

329 3284 485 3321 stantme
499 3276 614 3320 being
625 3262 837 3307 mentioned
852 3259 926 3310 Just
949 3255 1087 3301 before,
1104 3254 1174 3290 and
1228 3293 1274 3329 In
1301 3288 1366 3327 the
1397 3287 1494 3325 same
1513 3282 1656 3335 prefaoe
1673 3292 1730 3316 we
1759 3277 1852 3316 have
1882 3287 1928 3312 an
1957 3269 2035 3310 enti

301 3333 363 3374 ’ᾖ
378 3331 487 3377 being
499 3327 586 3364 licre
602 3322 680 3361 told
691 3319 778 3358 how
794 3312 941 3362 longhe
952 3309 1099 3359 reigned
1118 3305 1174 3344 af-
1855 3328 1864 3336 ο

1229 3343 1457 3387 hexameter,
1474 3338 1561 3387 only
1576 3347 1646 3373 one
1659 3332 1739 3371 foot
1752 3337 1917 3376 wanting
1933 3340 1948 3376 3

315 3395 387 3425 ·tcr
403 3383 463 3421 his
480 3375 704 3427 usurpation.

387 3436 452 3487 (2)
480 3435 544 3470 An
563 3427 680 3466 entire
707 3424 922 3461 heiameter
936 3414 1037 3454 verse
1051 3421 1073 3451 -Ξ
1113 3411 1179 3450 the
1273 3405 1572 3463 defequidem
1588 3407 1631 3449 in
1649 3417 1785 3458 magno
1800 3413 1936 3456 Pomm
1952 3394 2057 3438 distri

289 3531 295 3535 ,
332 3490 409 3530 best
422 3485 521 3538 prose
534 3480 674 3523 writers
688 3474 897 3526 sometimes
913 3471 979 3509 fail
995 3469 1074 3506 into
1087 3465 1177 3511 this,
1385 3465 1504 3508 mine·

331 3557 375 3583 as
391 3543 423 3582 it
439 3548 550 3583 were,
566 3540 767 3573 unawares.
790 3523 1037 3578 ,Quidnam
1053 3519 1120 3559 lib.
1139 3530 1178 3570 9.
