2025 3833
189 181 317 261 378
450 186 852 253 *RERUM
951 188 1634 264 SCOTICARUM

180 284 432 334 Gallorum
453 287 629 351 legatus
653 298 890 350 tantopere
911 287 968 334 ad
991 287 1306 337 dimicandum
1330 308 1410 338 nos
1432 292 1656 353 impellat,
1677 299 1828 360 ‘neque
1856 303 1955 349 nod

180 360 311 405 vum,
336 366 484 414 neque
503 350 665 396 mirum
684 366 789 396 reor
809 351 955 398 videri
976 365 1204 414 oportere,
1227 355 1259 401 fi
1278 354 1418 403 homo
1440 358 1722 420 peregrinus,
1745 363 1824 424 qui
1846 378 1941 413 noa

183 427 474 461 communem
506 412 731 468 faetionis,
755 414 829 461 sed
854 415 1078 478 privatam
1110 417 1197 464 suae
1219 419 1415 466 nationis
1449 421 1701 469 utilitatem
1716 425 1940 487 respiciat,

186 489 278 524 tam
298 479 350 525 fit
368 477 512 525 alieni*
525 476 754 541 sanguinis
775 479 1013 543 prodigus.
1079 481 1154 528 Est
1174 481 1394 545 praeterea
1412 484 1654 547 postulatio
1671 487 1766 546 ejus
1782 489 1921 538 admo
1934 496 1954 526 ·’

182 540 294 588 dum
315 542 573 602 impudens·
644 544 687 589 A
718 543 864 591 scotis
887 544 1011 591 enirn
1032 545 1164 607 petit,
1188 547 1316 609 quod
1338 564 1395 595 ne
1416 565 1498 611 pro
1527 549 1605 598 suo
1627 551 1814 612 quidem
1837 570 1943 616 reg-

182 622 262 661 no,
280 609 332 655 ὃς
351 605 576 670 dignitate
599 608 699 654 Rex
722 609 966 656 Gallorum
987 609 1129 657 homo
1150 610 1324 658 summa
1343 613 1585 674 prudentia
1608 612 1823 676 praeditus
1857 618 1942 664 fibi

183 669 443 717 faciendum
462 672 655 733 judicat.
723 674 828 720 Nec
863 673 996 733 hujus
1016 674 1239 722 exercitus
1273 675 1445 723 amiffio
1466 677 1609 724 levius
1643 679 1700 726 eo
1723 675 1942 729 damnum

181 734 327 781 videri
348 736 529 791 debeat,
553 736 678 799 quod
697 737 831 799 pauci
851 754 1039 785 numero
1057 737 1225 785 sumus.
1295 740 1530 803 Qicquid
1553 741 1677 789 enim
1701 741 1778 791 aut
1800 744 1947 791 virtu-

182 810 242 853 te,
267 811 346 847 aut
366 801 650 856 auctoritate,
670 815 749 849 aut
765 802 952 849 consilio
975 802 1023 849 in
1045 819 1190 866 regno
1212 804 1377 851 Scotiae
1394 805 1595 861 excellit,
1615 806 1689 853 hic
1707 808 1783 854 est.
1852 809 1942 857 His
2008 865 2010 867 ¹

178 862 340 911 amissis
362 865 591 929 reliquum
607 866 773 929 vulgus
791 867 946 929 praeda
966 866 1148 914 victoris
1165 866 1267 914 erit.
1337 868 1499 931 Qid?
1520 871 1645 932 quod
1665 870 1837 919 bellum
1856 873 1952 920 du·-

180 944 281 979 cere
300 929 404 977 &in
436 930 674 992 praesentia
704 931 846 978 tutius
868 931 944 986 est,
972 936 1011 978 δι
1036 931 1093 978 ad
1112 932 1252 978 totius
1275 933 1469 995 periculi
1491 934 1708 996 summam
1736 932 1891 984 utilius
1913 942 1944 986 ,ἓ

177 992 303 1039 Nam
324 995 353 1040 fi
380 995 643 1043 Ludovicus
664 996 889 1043 existimat
908 995 1085 1058 Anglos
1107 1008 1186 1042 aut
1207 995 1459 1060 sumptibus
1491 998 1841 1056 exhauriendos,
1867 1014 1946 1050 aut
1985 1004 1990 1008 ⁴

178 1073 308 1103 mora
331 1059 586 1122 fatigandos
619 1060 722 1116 effe,
743 1059 857 1123 quid
889 1059 1278 1107 accommodatius
1314 1062 1370 1108 ad
1394 1063 1657 1124 praesentem
1689 1081 1836 1111 rerum
1860 1067 1943 1113 sta-

178 1134 279 1169 tum
302 1124 395 1172 fieri
414 1126 573 1186 potest,
598 1141 736 1187 quam
759 1118 810 1171 ut
831 1125 1000 1170 hostem
1023 1124 1176 1186 copias
1200 1124 1404 1179 dividere
1426 1143 1660 1188 cogamus,
1680 1144 1733 1175 ut
1755 1129 1942 1178 alteram

180 1186 487 1237 suiexercitus
519 1201 693 1252 partem
725 1188 934 1236 adversus
969 1205 1050 1235 nos
1073 1190 1199 1236 velut
1218 1189 1394 1253 semper
1415 1190 1666 1238 incursuros
1700 1194 1942 1249 intentam,

178 1256 218 1297 &
237 1253 461 1301 solicitam
487 1267 719 1300 teneamus
742 1271 757 1299 t
794 1260 832 1300 δι
857 1265 980 1299 metu
1001 1253 1107 1300 huic
1129 1252 1295 1314 injecto
1318 1256 1422 1301 ‘nelli
1450 1259 1617 1302 molem
1642 1257 1791 1303 Gallis
1816 1259 1945 1305 labo-

177 1331 227 1363 re
251 1320 394 1365 nostro
414 1320 632 1365 levemus
695 1317 881 1364 Gloriae
901 1317 1058 1371 etiam,
1084 1322 1132 1368 ὃς
1156 1318 1383 1381 splendori
1410 1323 1532 1382 (quae
1553 1321 1762 1368 homines
1787 1340 1944 1371 vereor

179 1398 236 1428 ne
258 1383 396 1446 magis
426 1383 588 1439 verbi5‚
606 1399 751 1444 quam
775 1382 902 1428 fact-is
926 1382 1096 1427 feroces
1128 1382 1214 1428 sure
1238 1383 1481 1430 temeritati
1505 1388 1813 1447 praetendunt)
1843 1387 1942 1434 {atis

177 1446 348 1494 sactum
371 1447 579 1494 arbitror.
638 1447 775 1508 ·Qid
799 1447 919 1492 enim
946 1445 1368 1508 Regi-splendidius
1391 1450 1595 1495 accidere
1617 1455 1778 1512 potest,
1803 1468 1942 1513 quam

179 1523 247 1557 tot
268 1512 444 1558 arcibus
468 1511 677 1571 dejecti&¹
693 1510 812 1574 agris
847 1510 967 1556 ferro
984 1510 1271 1573 :flammaque
1295 1512 1487 1568 vastatis,
1507 1530 1565 1560 ex
1588 1526 1676 1559 tam
1704 1518 1840 1562 etful‘a
1859 1534 1941 1578 po-

175 1575 411 1638 pulatione
435 1575 805 1636 tantumpraedae
827 1576 1056 1627 abatiam,-
1076 1589 1124 1620 ut
1147 1593 1204 1621 ne
1223 1576 1473 1623 multorum
1506 1578 1692 1640 quidem
1718 1595 1942 1627 annorum

174 1653 290 1700 pace
308 1640 550 1703 Regio·⁷tot
571 1639 775 1685 cladibus
802 1639 1063 1685 deformata»
1080 1640 1128 1685 in
1151 1638 1379 1701 pristinam
1405 1641 1567 1688 faciem
1592 1644 1738 1689 redire
1760 1655 1897 1706 queat
1921 1649 1939 1692 ?

178 1703 317 1767 Qod
341 1715 541 1751 autem··e
564 1704 687 1750 bello
706 1703 849 1763 majus
871 1705 1211 1764 expectaremus
1241 1705 1627 1760 emolumentum,
1661 1724 1797 1769 quam
1826 1722 1873 1755 ut
1896 1709 1943 1757 in

175 1780 304 1816 tanto
326 1784 554 1816 armorum
579 1767 781 1814 tumultu
800 1783 905 1815 cum
930 1767 1102 1814 summa
1132 1769 1277 1814 nostra
1297 1768 1450 1823 laude,
1472 1775 1510 1816 δι
1541 1771 1722 1825 decore,
1747 1771 1944 1824 hostium

175 1832 434 1896 ignominia
455 1836 505 1883 δί
536 1833 777 1887 dedecore,
805 1833 958 1879 nostro
983 1831 1127 1880 mili-ti
1161 1830 1405 1879 reficiendo
1433 1834 1639 1895 quietem
1670 1851 1772 1883 cum
1810 1853 1874 1892 re,
1901 1836 1960 1898 &J

175 1898 324 1960 gloria
344 1898 637 1959 conjunctam>
658 1896 904 1944 habeamus
930 1900 946 1944 ?
995 1896 1048 1943 Id
1064 1910 1221 1944 autem
1244 1913 1386 1960 genus
1408 1898 1628 1955 victoriae,
1646 1899 1772 1963 quod
1797 1902 1942 1966 magis

175 1961 380 2015 confiliO‚
405 1977 543 2024 quam
566 1961 703 2008 armis
736 1975 935 2022 paratur,
958 1961 1158 2009 maxime
1188 1961 1406 2016 hominis,
1432 1963 1629 2011 maxime
1650 1963 1788 2012 etiam
1813 1965 1942 2014 ducis

170 2028 236 2073 est
269 2026 501 2089 proprium
524 2045 535 2073 :
572 2039 621 2073 ut
640 2025 768 2087 cujus
802 2026 979 2072 nullam
1007 2027 1197 2073 omnino
1231 2039 1408 2089 partem
1433 2027 1528 2074 fibi·
1549 2029 1678 2076 miles
1699 2029 1944 2079 vendicare

207 2089 320 2138 offit.
1310 2134 1312 2136 .

172 2108 201 2155 P
238 2154 463 2203 XXXVI.
492 2156 589 2203 His
611 2170 874 2218 quanquam
895 2170 1053 2200 omnes
1075 2153 1155 2216 qui
1177 2155 1512 2208 aderant-vultu
1532 2156 1860 2215 assentirentur,
1875 2171 1942 2207 ta·

174 2236 278 2266 men
291 2222 417 2274 Rex,
434 2221 524 2282 vqui
554 2221 597 2266 se
624 2236 730 2266 cum
761 2218 920 2282 Anglis
944 2217 1265 2266 dimicaturum
1289 2218 1436 2266 sancte
1458 2221 1697 2279 juraverat,
1723 2234 1864 2269 totam
1887 2242 1941 2272 o·
1987 2251 1993 2256 «

166 2285 396 2332 “rationem
427 2284 617 2332 adversis
656 2284 841 2330 auribus
877 2284 1090 2344 accepit:
1128 2288 1169 2330 δε
1204 2283 1411 2337 domum,
1436 2284 1658 2347 fiquidem
1693 2286 1942 2336 formidine

167 2362 427 2412 caperetur,
451 2346 902 2411 Duglaffiumabire
926 2347 1069 2407 2juffit.
1139 2347 1243 2403 Ille,
1270 2349 1353 2410 qui
1383 2349 1514 2395 rebus
1546 2349 1940 2413 praecipitantibus
1987 2359 1995 2363 “

165 2412 334 2476 Regiae
357 2412 629 2460 temeritatis·
661 2412 832 2459 exitum
859 2411 956 2472 jam
987 2411 1144 2458 animo
1177 2411 1497 2474 prospiciebat,
1531 2413 1680 2460 statim
1703 2413 1748 2462 in
1772 2415 1940 2463 lachri-

172 2494 268 2524 mas
292 2477 515 2541 prorupit.
583 2478 654 2525 Ut
683 2476 1060 2540 primum·autem
1093 2475 1225 2539 loqui
1251 2476 1421 2538 potuit,
1446 2492 1590 2539 pauca
1620 2479 1682 2524 est
1714 2479 1894 2527 locutus
1919 2500 1933 2532 z

165 2550 212 2572 *“
243 2542 287 2589 Si
314 2544 466 2597 mea,’'
485 2541 658 2604 inquit,
692 2551 725 2571 ‘⁴
749 2542 842 2587 vita
862 2540 1062 2603 superior
1095 2557 1187 2587 non
1211 2556 1285 2587 me
1315 2540 1527 2589 vendicat
1549 2541 1576 2587 a
1597 2541 1856 2591 timiditatis
1885 2561 1942 2590 o·

170 2604 378 2669 pinione,
397 2605 730 2669 nescioquibu's
750 2605 850 2652 aliis
872 2603 1125 2654 rationibus
1150 2620 1224 2652 me
1245 2620 1458 2669 purgem.
1525 2606 1682 2660 Certe,
1706 2608 1818 2654 dum
1832 2617 1943 2665 'cor-

168 2687 256 2732 pus
280 2670 369 2716 hoc
380 2669 638 2716 sufficiebat
662 2669 901 2717 vlaboribus
922 2668 1140 2724 fer-endis,
1175 2686 1411 2733 nunquam
1442 2668 1487 2716 ei
1517 2670 1566 2718 in
1599 2669 1741 2718 salute
1763 2672 1948 2733 patriae,.

161 2738 214 2783 ›&
230 2734 414 2796 Regum
437 2733 585 2796 gloria
599 2734 771 2781 tuenda
783 2733 988 2796 peperci.
1054 2734 1197 2781 Nunc
1214 2749 1322 2781 vero
1343 2750 1448 2781 cum
1472 2733 1583 2781 meis
1601 2735 1818 2792 consiliis,
1835 2737 1940 2800 qui-

171 2799 257 2845 bus
290 2797 389 2845 unis
413 2797 537 2844 utilis
559 2799 642 2845 effe
664 2798 858 2859 possum,
889 2813 1017 2844 aures
1048 2798 1248 2846 occlusas
1269 2797 1424 2854 video,
1451 2799 1522 2860 (1)
1546 2799 1662 2846 duos
1684 2798 1829 2855 filios,·
1853 2802 1936 2864 qui

170 2862 288 2910 mihi
306 2861 554 2909 secundum
575 2856 768 2923 patriam
791 2861 893 2908 sunt
912 2860 1135 2916 cariffimi,
1156 2862 1431 2926 caeterosque
1448 2861 1753 2926 propinquos,
1769 2863 1936 2912 &ami·
1991 2904 1996 2908 ,

162 2942 247 2975 teos
269 2926 346 2974 hic
367 2926 594 2988 relinquo,
618 2925 907 2972 certiffimum
930 2941 1038 2989 erga
1061 2938 1123 2979 te,
1146 2925 1431 2988 salutemque
1453 2942 1746 2975 communem
1801 2927 1936 2993 ignus

158 2990 441 3039 meianirni.
508 2990 662 3036 Deum
685 3002 837 3037 autem
861 3005 1038 3052 precor,
1065 3001 1115 3036 ut
1135 2990 1258 3036 hunc
1281 3007 1435 3038 meum
1457 2990 1670 3039 timorem
1688 2991 1751 3052 fal
1773 3009 1849 3040 um
1869 2993 1937 3041 es·'

168 3052 211 3103 se
233 3055 345 3103 velit
368 3073 380 3103 :
413 3067 551 3118 atque
568 3053 726 3115 potius
746 3069 836 3117 ego
858 3053 990 3101 falsus
1012 3051 1142 3100 dicar
1159 3055 1302 3109 vates,
1325 3069 1463 3118 quam
1484 3071 1589 3119 quae
1610 3054 1766 3111 timeo,
1786 3073 1847 3104 ac
1865 3057 1938 3105 vi-

157 3120 458 3169 dere-videor
475 3118 739 3165 eveniant.'’
801 3119 923 3165 Haec
943 3118 1124 3164 locutus
1141 3130 1331 3179 accepto
1351 3129 1612 3167 commeatu
1632 3119 1838 3172 disceflit.

180 3232 186 3238 ἃ
225 3181 706 3244 XXXVII.-Reliqui
725 3180 1196 3254 proceres,=quopiam
1228 3183 1406 3246 Regem
1440 3183 1491 3231 in
1512 3181 1636 3230 suam
1665 3183 1931 3233 sententiam

158 3250 403 3296 ‘traducere
431 3263 521 3294 non
545 3258 774 3310 poterant,
804 3246 1215 3318 quod-proximum
1248 3260 1360 3302 erat,
1386 3257 1647 3303 tenuerunt,
1670 3259 1724 3294 ut
1745 3249 1932 3312 quando
2000 3255 2025 3307 j

166 3310 759 3367 numero‘erantinferiores
783 3314 908 3372 (nam
927 3326 981 3356 m
997 3309 1201 3358 exercitu
1219 3310 1481 3374 Anglorum
1500 3309 1673 3375 viginti
1691 3311 1932 3360 sex-millia
1972 3316 1977 3321 ’

114 3386 119 3392 ‘
165 3391 293 3422 arma
324 3374 570 3424 ferentium
605 3391 686 3437 per
715 3374 1025 3436 exploratores
1059 3375 1144 3421 effe
1165 3377 1590 3436 compertum÷erat)
1614 3375 1821 3422 locorum
1842 3376 1930 3438 op·
1992 3384 1993 3389 ’

164 3439 461 3502 portunitate*
478 3440 521 3487 se
544 3437 1178 3502 ·communire'nt,·—.castrisque
1196 3439 1362 3487 col-lem
1395 3438 1709 3504 propinquum
1729 3452 1928 3498 occupa-

217 3537 278 3591 (ι)
305 3537 378 3575 His
406 3539 516 3576 e'ldest
545 3538 607 3577 son
633 3540 786 3587 ‘George
812 3538 946 3576 master
970 3536 1016 3576 of
1062 3537 1151 3577 who‘
1178 3535 1337 3577 married
1579 3527 1930 3580 Aelileck,·'heiress

160 3596 297 3642 'Angus
313 3602 389 3628 was
402 3589 521 3628 killed
537 3598 575 3627 at
592 3591 668 3628 this
681 3593 782 3636 field,
797 3591 864 3629 the
881 3591 1012 3629 second
1063 3591 1110 3629 of
1122 3590 1367 3644 Glenbervie,
1390 3591 1436 3626 of
1448 3589 1575 3629 whom
1593 3588 1659 3630 the
1681 3588 1748 3628 last
1765 3588 1858 3626 earls
1875 3588 1923 3627 of

160 3648 311 3687 wasffir
327 3643 504 3683 William
531 3642 685 3693 Duglass
707 3644 759 3684 of
776 3643 1010 3692 Braidwood,
1064 3645 1308 3695 Anguswere
1326 3641 1537 3684 descended.

1797 3702 1917 3741 rent·
