1994 3833
44 104 254 209 ”4401
386 120 798 208 >RERUM
886 116 1585 191 Sco’rroartuM

61 270 64 272 ,
92 219 158 266 cis
178 221 333 272 naaus
354 216 521 280 viginti
555 218 624 277 (1)
659 212 1022 262 Saturnaliorum
1055 213 1217 260 diebus
1242 230 1320 274 per
1340 213 1520 272 ludum,
1557 224 1606 269 Ge
1627 221 1853 277 lasciviam

92 284 336 339 transaftis,
387 282 530 329 multa
576 280 623 326 in
655 277 891 341 praesentia
920 277 1130 341 largitus,
1179 279 1324 324 multa
1356 281 1572 342 posterius
1604 286 1851 345 pollicitus,

91 349 238 396 multa
259 350 366 396 item
391 346 447 391 de
471 345 579 391 statu
615 343 745 407 regni
774 347 877 389 cum
901 358 956 388 eo
977 341 1195 406 loquutus
1230 343 1369 405 paulo
1399 345 1542 393 animi
1571 346 1764 398 securior
1793 356 1856 401 E-

93 411 390 476 dimburgum
409 410 469 455 est
486 408 733 471 profefius.

91 496 97 502 Χ
120 484 122 488 ’
156 479 357 524 XXXII.
387 475 497 521 Erat
514 485 696 520 interim
719 471 788 519 ibi
809 482 1058 518 conventus
1077 471 1355 518 ecclesiastici
1378 474 1553 521 ordinis
1576 477 1631 523 ad
1659 476 1765 526 Idus
1787 482 1865 541 Ja-
1940 478 1947 481 ’

1517 419 1523 431 Χ

71 542 285 588 Ἰῐᾰιιεπίειεῑ.
354 540 405 584 In
440 554 494 584 eo
518 550 638 584 coetu
658 553 764 583 cum
795 537 957 595 {astata
978 536 1177 598 plurima
1211 534 1390 584 fuissent
1412 539 1469 585 de
1494 540 1635 587 veteri
1669 544 1864 591 ecclesiae
1888 534 1893 540 ’
1959 530 1966 533 ”

89 607 299 652 libertate
322 601 574 656 retinenda,
610 601 666 647 de
689 599 934 647 manifestis
958 600 1231 662 quibusdam
1261 601 1539 650 sacerdotum
1569 605 1755 668 flagitiis
1779 625 1866 654 ex-

90 667 358 731 purgandis,
396 682 478 713 nec
509 667 626 713 ullus
659 665 940 712 inveniretur
960 664 1129 719 exitus,
1170 666 1354 712 tandem
1391 667 1594 714 delatum
1613 672 1672 715 est
1699 672 1755 717 ad
1778 689 1854 719 eos

93 732 352 792 Georgium
377 730 739 793 Sopliocardium
768 728 1140 776 concionatorem
1172 731 1413 793 Evangelii
1442 732 1581 796 longe
1605 737 1776 796 popuio
1799 753 1873 783 ae·

91 796 393 858 ceptiffimum
415 795 472 842 ad
496 794 664 857 septem
689 796 745 840 ab
771 794 878 839 urbe
915 792 1060 839 millia
1088 795 1289 857 paffuum
1314 796 1434 857 apud
1470 797 1705 844 hominem
1734 801 1869 847 n'o'oi·
1914 828 1917 834 ,

89 862 183 908 lem
208 864 278 922 (2)
305 863 523 908 Ioannem
548 860 846 906 Cocburnum
864 857 1093 906 diversari.
1150 859 1223 904 Ad
1241 875 1347 905 eum
1368 860 1514 906 statim
1536 862 1710 926 equites
1735 858 1865 922 miffi,

90 926 173 989 qui
196 926 429 972 hominem
448 924 712 970 sceleratum
735 922 1045 985 deposcerent.
1131 923 1219 969 Sed
1242 925 1347 970 cum
1372 926 1641 973 Cocburnus
1662 928 1768 983 alia,
1793 945 1863 976 at-

90 1006 182 1054 que
203 990 293 1036 alia
313 989 581 1042 causaretur,
607 1004 658 1034 ac
683 1005 829 1035 moras
851 987 1118 1043 innedieret,
1157 988 1187 1034 ss
1212 1005 1314 1035 eum
1339 990 1520 1036 occulte
1543 992 1683 1052 poiTet
1707 994 1864 1041 dimit·

91 1068 205 1109 tere,
221 1053 607 1114 circumspicien5‚
628 1051 884 1100 Cardinalis
910 1069 990 1115 per
1011 1052 1109 1098 suos
1133 1051 1181 1099 id
1205 1053 1299 1098 fieri
1318 1054 1578 1102 admonitus
1595 1055 1861 1120 intempesta

91 1122 225 1166 noCte
247 1136 359 1169 cum⁴
384 1121 580 1182 Prorege
619 1118 730 1164 illuc
752 1117 945 1171 delatus,
983 1133 1141 1163 omnes
1164 1114 1314 1163 aditus
1348 1118 1523 1166 obsedit
1561 1138 1571 1166 :
1606 1138 1689 1168 nec
1713 1134 1872 1188 tamen¹

91 1196 171 1231 aut
192 1184 444 1238 blanditiis,
465 1196 544 1229 aut
565 1181 993 1244 pollicitationibus,
1015 1193 1093 1228 aut
1111 1181 1246 1228 minis
1269 1183 1516 1245 quicquam
1536 1186 1710 1233 efficere
1733 1200 1872 1247 potu·
1944 1232 1945 1235 ,

90 1250 147 1303 it,
176 1250 326 1296 donec
360 1249 529 1295 Comes
565 1246 818 1294 Bothueliae
842 1246 866 1293 ἐ
902 1245 1162 1308 propinqua
1185 1245 1293 1292 villa
1313 1247 1390 1297 sua
1412 1262 1625 1296 evocatus
1648 1253 1703 1298 eo
1727 1251 1868 1300 venit.

90 1315 135 1362 Is
157 1329 264 1360 cum
279 1312 490 1360 *omnium
514 1312 845 1358 Lochianorum
864 1309 998 1356 facile
1017 1311 1345 1373 potentiffimus
1367 1312 1488 1366 esset,
1514 1318 1697 1361 tandem
1721 1315 1870 1380 impe·

89 1377 244 1432 travit,
267 1391 317 1426 ut
338 1377 572 1439 Georgius
593 1375 676 1431 ipsi
699 1376 958 1428 dederetur,
982 1375 1250 1438 interposita
1275 1376 1361 1423 fide
1385 1376 1426 1423 se
1448 1379 1505 1424 ab
1527 1379 1656 1427 omni
1678 1380 1866 1437 damno,

90 1442 316 1503 &injuria
336 1459 440 1489 eum
464 1440 766 1488 defensurum.
837 1440 1099 1486 Sacerdotes
1121 1440 1236 1485 hanc
1260 1442 1386 1487 velut
1423 1442 1628 1506 opimam
1668 1446 1870 1506 praedam

93 1507 235 1562 nacti,
257 1507 545 1570 Edimburgo
568 1522 673 1552 eum
700 1506 758 1551 ad
776 1506 949 1551 Fanum
974 1505 1172 1550 Andreae
1196 1505 1485 1553 transferunt.
1548 1508 1619 1554 Ibi
1643 1510 1738 1571 post
1756 1509 1874 1556 alte·

90 1588 193 1619 rum
216 1571 311 1619 fere
344 1570 538 1618 mensem
564 1571 719 1616 coatia
740 1568 969 1631 frequenti
990 1568 1140 1614 omnis
1162 1569 1339 1631 generis
1360 1569 1641 1619 sacerdotum
1658 1573 1866 1620 multitu-

91 1635 217 1689 dine,
266 1652 369 1699 quae
392 1635 449 1682 de
471 1634 678 1681 doftrina
700 1633 796 1692 ejus
835 1634 1114 1686 decerneret,
1139 1637 1176 1678 δι
1204 1633 1347 1696 magis
1373 1646 1421 1679 ut
1450 1635 1870 1698 speciemjudicum

89 1701 365 1763 praeberent,
388 1715 528 1762 quam
551 1699 680 1761 quod
718 1698 930 1760 cuiquam
957 1697 1149 1744 dubium
1175 1698 1280 1744 effer
1303 1699 1416 1759 quid
1450 1700 1676 1747 decreturi
1699 1701 1867 1757 forent,

90 1766 149 1812 de
169 1760 381 1812 consensu
403 1763 612 1811 omnium
635 1761 895 1810 Cardinalis
921 1761 1160 1825 (quoniam
1186 1779 1267 1823 per
1288 1763 1411 1826 leges
1434 1764 1693 1812 Pontificias
1717 1766 1772 1812 de
1793 1780 1869 1812 ca-

90 1828 188 1892 pite
229 1828 491 1892 cujusquam
535 1845 620 1874 nec
645 1829 715 1890 (3)
760 1843 969 1874 exercere
1006 1827 1319 1888 quaestionem,
1362 1844 1451 1875 nec
1494 1830 1682 1876 statuere
1705 1832 1867 1893 posset)

91 1894 211 1958 petit
229 1894 256 1941 i
277 1895 473 1956 Prorege
490 1910 571 1956 per
588 1892 760 1947 literas,
782 1892 1053 1953 utdefignet
1077 1892 1140 1937 rei
1162 1891 1367 1953 capitalis
1384 1891 1607 1952 judrcem,
1635 1895 1779 1956 quiin
1798 1898 1871 1942 req

93 1975 172 2007 um
193 1957 553 2006 animadvertere
584 1957 783 2018 juberet,
823 1956 904 2019 qui
920 1956 1014 2017 jam
1041 1955 1067 2002 ὲ
1101 1969 1331 2004 conventu
1350 1957 1632 2006 sacerdotum
1653 1959 1870 2007 haereseos

90 2024 336 2072 damnatus
351 2024 474 2070 esset.
1154 2037 1164 2046 ‘

156 2088 385 2134 XXXIII.
421 2088 474 2133 In
497 2104 550 2134 ea
571 2102 617 2132 re
640 2085 767 2132 nulla
791 2085 1029 2133 videbatur
1052 2102 1179 2132 mora
1222 2102 1304 2147 per
1327 2086 1572 2149 Protegem
1603 2087 1753 2134 futura
1779 2107 1790 2136 :
1816 2105 1869 2136 ac
1943 2080 1953 2085 ,

94 2168 152 2199 ne
167 2152 314 2199 fuisset
333 2150 538 2213 quidem,
564 2149 645 2197 nisi
669 2150 955 2213 propinquus
977 2152 1072 2213 ejus
1092 2151 1244 2197 David
1271 2150 1579 2199 Hamiltonius
1606 2153 1870 2203 Praestonia-

91 2234 176 2264 nus
192 2214 349 2263 multis
364 2216 514 2262 verbis
528 2232 630 2262 eum
644 2216 954 2270 admonendO,
970 2215 1193 2277 rogando,
1205 2216 1551 2269 deterrendo‚ac
1568 2215 1611 2262 i'n
1621 2216 1747 2262 terim
1762 2233 1845 2280 pro
1858 2246 1871 2256 -

92 2298 153 2343 pe
171 2280 464 2343 objurgando
486 2279 791 2327 continuisset.
839 2281 895 2326 In
918 2280 1034 2325 hanc
1064 2279 1157 2325 sere
1181 2279 1446 2325 sententiam
1470 2281 1675 2326 locutum
1696 2281 1870 2328 ferunt,⁴

93 2354 129 2375 “
164 2347 234 2392 SE
258 2344 723 2392 VEHEMENTER
748 2343 902 2390 mirari
924 2360 1017 2406 quo
1040 2343 1227 2390 consilio
1245 2345 1414 2390 Prorex
1436 2344 1642 2391 adversus
1665 2345 1757 2393 Dei
1773 2346 1871 2397 ser⁴

90 2425 192 2465 vos,
217 2409 383 2472 quibus
435 2410 615 2456 nullum
636 2409 806 2455 crim‘e'n
843 2408 1103 2469 objiciatur,
1129 2421 1291 2470 praeter
1314 2409 1555 2471 Evangelii
1577 2410 1675 2455 Iesu
1699 2410 1868 2457 Christi

90 2473 481 2536 praedicationem,
503 2486 672 2521 tantam
686 2473 919 2520 licentiam
940 2474 1287 2535 permitteret,&
1306 2473 1568 2519 hominibus
1588 2473 1866 2536 flagitiorum

93 2538 394 2600 turpitudine,
416 2545 454 2584 Sc
476 2537 953 2587 merumimmanitate
972 2537 1209 2599 plusquam
1226 2537 1369 2584 ferina
1388 2554 1529 2600 prope
1547 2538 1593 2584 in
1611 2539 1866 2587 cruciatum

91 2602 281 2649 dederet
302 2602 533 2657 innoxios,
580 2618 778 2665 quorum
800 2602 906 2648 vitae
926 2602 1240 2666 integritatem
1265 2601 1444 2648 inimici
1466 2603 1691 2649 fateantur
1711 2603 1866 2660 inviti,
1910 2645 1914 2650 .
1965 2632 1967 2637 .

91 2666 346 2714 doftrinam
363 2682 455 2713 non
471 2667 728 2730 ignoraret:
762 2680 812 2713 ut
836 2667 910 2713 cui
932 2665 1024 2729 ipse
1045 2678 1136 2714 non
1158 2665 1222 2713 ita
1243 2666 1421 2729 pridem
1441 2667 1734 2714 vehementer
1752 2667 1867 2714 fuis·
1933 2716 1936 2718 ,

91 2730 154 2779 set
172 2730 353 2778 deditus
379 2747 393 2778 z
425 2731 552 2792 cujus
568 2731 969 2778 commendatione
992 2731 1040 2778 in
1063 2731 1184 2778 hunc
1206 2729 1463 2793 supremum
1487 2732 1680 2796 gradum
1706 2749 1871 2794 perve-

90 2794 210 2842 nerit
233 2814 245 2843 :
271 2796 409 2859 quam
425 2794 466 2842 se
488 2795 753 2858 amplexum
775 2796 828 2842 fit
849 2796 1031 2842 testatus
1051 2795 1241 2857 publice
1261 2795 1422 2843 edictis
1444 2814 1455 2844 :
1489 2812 1627 2860 quam
1647 2798 1865 2844 tuendam

87 2860 244 2922 palam
255 2858 524 2922 susceperit:
549 2860 757 2922 adquam
769 2860 1030 2924 legendam,
1048 2859 1427 2922 cognoscendam,
1445 2859 1631 2923 vitaque
1653 2863 1702 2910 δε
1724 2862 1862 2908 mori·
1894 2885 1904 2898 π

88 2924 173 2971 bus
195 2922 544 2988 exprimendam
567 2924 792 2988 singulos,
812 2932 850 2971 δι
873 2922 1102 2971 universos
1149 2924 1202 2972 fit
1219 2924 1441 2973 hortatus.
1509 2924 1681 2988 Cogita
1701 2924 1863 2988 igitur,

87 2987 259 3052 inquit,
281 2988 363 3052 qui
387 2988 632 3043 sermones,
652 3004 757 3051 qu’ae
776 2987 1081 3052 cogitationes
1104 2987 1346 3036 hominum
1368 2989 1425 3036 de
1444 2994 1489 3037 te
1516 2991 1587 3052 (4)
1619 2988 1720 3036 sunt
1737 2989 1864 3036 futu-

86 3068 149 3098 rae
173 3070 185 3101 :
218 3055 375 3118 cogita
396 3053 617 3102 beneficia
627 3053 678 3100 in
709 3065 754 3101 te
775 3055 944 3102 collata
964 3052 1204 3100 divmitus.
1273 3053 1515 3102 Sublatam
1538 3054 1564 3102 ὲ
1594 3053 1747 3101 medio
1769 3055 1864 3101 Re..

85 3133 194 3179 gem
216 3117 453 3166 hominem
475 3133 653 3173 acrem,
669 3121 719 3168 δε
741 3117 830 3167 tibi
849 3117 1077 3166 infensum
1100 3131 1205 3164 cum
1228 3118 1347 3166 istud
1367 3118 1492 3166 idem
1512 3117 1602 3165 iter
1622 3117 1864 3174 infisteret,

55 3185 63 3191 ‘
88 3196 184 3243 quo
208 3194 257 3228 tu
279 3198 401 3242 nunc
412 3182 602 3248 vestigia
617 3183 834 3247 sequeris.
902 3181 999 3246 Qi
1021 3181 1108 3229 fuis
1120 3182 1320 3230 consiliis
1341 3183 1473 3231 illum
1497 3181 1860 3255 praecipitarunt,

86 3255 133 3292 te
154 3261 276 3293 nunc
295 3247 355 3294 in.
366 3249 561 3296 exitium
581 3265 739 3312 rapere
760 3260 988 3296 conantur
1011 3264 1023 3293 :
1068 3257 1113 3294 te
1134 3247 1192 3294 ab
1206 3247 1349 3295 initio
1368 3247 1862 3313 impugnaruntpmni
1919 3287 1925 3290 .
1987 3237 1994 3277 '-

85 3309 212 3356 mole
232 3309 320 3359 suae
340 3313 560 3376 potentiae
581 3331 593 3362 ε
629 3328 751 3361 nunc
772 3311 926 3379 pravis
947 3311 1147 3377 confiliis
1168 3323 1215 3359 te
1231 3311 1278 3383 in
1297 3311 1509 3361 fraudem
1524 3309 1742 3360 illiciunt.
1765 3305 1866 3359 Ress

140 3436 203 3488 (1)
230 3438 319 3477 The
343 3448 485 3494 twenty
502 3443 700 3495 hely-days
718 3443 764 3483 of
778 3444 883 3482 Yule
900 3457 941 3483 or
1051 3442 1116 3494 (2)
1145 3442 1233 3481 The
1250 3442 1344 3482 laird
1361 3442 1405 3482 of
1423 3440 1631 3481 Ormiston.
1863 3488 1867 3494 1

84 3489 315 3530 Christmas:
335 3493 412 3531 this
431 3496 591 3547 festivity
604 3497 670 3536 the
683 3498 832 3538 ancient
849 3497 942 3536 hea-
1050 3496 1117 3547 (3)
1144 3497 1247 3534 Hold
1275 3505 1398 3536 courts
1415 3496 1461 3537 of
1486 3495 1607 3544 affize,
1639 3505 1708 3536 nor
1723 3493 1858 3533 decern

82 3543 195 3583 thens
211 3543 399 3584 dedicated
418 3555 458 3584 to
471 3549 620 3596 Saturn,
649 3550 716 3588 the
733 3550 941 3588 Christiana
995 3561 1139 3599 orgus
1157 3549 1342 3588 sentence.

85 3598 315 3637 consecrated
332 3597 397 3635 the
416 3598 516 3643 same
528 3608 568 3643 to
583 3602 651 3644 the
665 3603 892 3644 celebratior:
905 3603 953 3644 of
1053 3602 1122 3653 (4)
1150 3603 1196 3641 M
1211 3604 1248 3645 S.
1269 3601 1353 3645 fint-

87 3649 248 3693 ehrist’s
263 3650 436 3702 nativity.
1352 3654 1355 3657 “

1753 3715 1867 3773 309²„
