2043 3864
498 122 825 192 Linea
938 121 1445 184 OcTAvus.
1760 119 1884 183 222

116 227 278 276 rientia
293 220 433 291 longe
453 217 812 288 praestantiflimi.
868 215 1055 280 Viginti
1077 217 1222 265 millia
1239 215 1446 282 equitum
1467 215 1789 279 expeditorum
1807 218 1890 265 ha-

122 294 310 347 bebant,
335 292 425 338 fine
444 289 548 335 ullis
571 283 777 348 peditum
798 281 943 343 copiis
971 299 982 327 :
1016 284 1142 342 quod
1164 299 1218 330 eo
1240 282 1426 330 consilio
1444 281 1619 328 faftum
1650 282 1726 336 est,
1765 294 1813 328 ut
1835 285 1891 330 st-

120 374 180 404 ne
197 351 537 420 impedimentis
555 349 689 396 latius
710 346 1026 400 discurrerent,
1048 363 1131 393 nec
1151 347 1336 409 usquam
1355 347 1657 400 conlistere'nt,
1681 358 1760 392 aut
1773 363 1889 408 prae-

120 421 176 468 lii
198 422 347 467 casum
370 415 504 464 inviti
522 413 721 461 subirent
742 409 953 458 adversus
976 411 1201 473 Anglum,
1224 429 1363 475 quem
1385 427 1490 458 cum
1513 410 1652 474 longe
1675 427 1891 457 numero-

94 486 280 531 ffiffimo
310 481 512 530 exercitu
548 477 884 542 progressurum
916 473 965 521 in
1003 476 1196 537 primam
1227 475 1569 539 expeditionem
1592 491 1684 522 non
1706 475 1892 522 dubita-

99 548 232 595 xbant
256 566 266 594 :
305 564 387 595 nec
406 545 573 592 fefellit
588 559 666 591 eos
686 539 864 605 opinio,
928 539 1059 599 ¹Nam
1076 540 1523 603 praeter'domesticas
1546 540 1701 603 copias
1724 555 1893 604 magna

70 643 72 645 -
116 612 147 659 ὲ
167 612 329 676 Belgio
350 611 561 675 equitum
582 606 810 656 exciverat
831 603 1018 651 auxilia.
1083 604 1260 650 Verum
1287 618 1387 652 orta
1407 606 1528 652 inter
1546 621 1624 652 eos
1647 611 1688 652 δε
1710 606 1891 669 Anglos

117 677 321 725 Eboraci
341 675 578 729 seditione,
611 671 874 733 Anglorum
895 668 1086 732 quidam
1108 667 1343 730 scriptores
1366 686 1442 716 eos
1465 670 1657 719 domum
1689 669 1891 717 remissos

115 741 321 790 tradunt.
353 764 357 767 ·
390 743 455 787 At
484 735 740 785 Frossardus
764 733 931 781 Gallus
956 736 1028 795 (1)
1054 733 1240 796 :equalis
1262 733 1448 781 illorum
1469 748 1730 798 temporum
1753 733 1892 797 scrip·-

115 816 194 853 τοι·
212 818 305 853 tota
326 823 380 854 ea
401 801 696 866 expeditione
712 799 884 846 secutos
908 799 1115 863 Anglum
1135 798 1327 846 affirmat
1347 818 1358 846 ε
1392 815 1444 845 ac
1467 815 1558 845 non
1578 799 1721 846 solum
1743 799 1891 846 hono-

115 870 180 917 ris
201 870 347 925 causa,
371 868 446 915 sed
463 863 696 914 seditionis
718 863 857 912 etiam
880 876 1005 910 metu
1030 863 1291 927 proximum
1314 865 1410 927 post
1432 865 1630 929 Regiam
1653 865 1891 912 cohortem

113 934 165 981 in
185 934 334 981 castris
350 934 506 980 locum
528 931 702 993 semper
718 929 783 976 eis
805 928 934 976 fuisse
956 929 1239 991 assignatum.

181 1000 287 1046 LII.
318 1000 420 1045 Rex
441 997 586 1060 igitur
607 995 822 1042 omnibus
844 993 989 1056 copiis
1011 994 1112 1054 conj
1123 994 1284 1049 unc'tis,
1312 992 1465 1056 (supra
1485 992 1716 1056 sexaginta
1737 995 1894 1043 homi·

114 1080 225 1111 num
252 1062 397 1111 millia
415 1062 544 1109 fuiffe
565 1060 667 1108 satis
685 1058 937 1118 constabat)
957 1058 1166 1104 adversus
1185 1060 1363 1113 Scotos‚
1386 1074 1500 1120 quos
1518 1059 1612 1119 jam
1633 1058 1807 1106 Tinam
1825 1061 1890 1108 es-

114 1128 160 1175 se
181 1128 463 1192 transgressos
484 1124 792 1187 intelligebat,
817 1122 981 1170 movit.
1049 1121 1126 1174 Ad
1148 1121 1323 1168 Tinam
1344 1124 1468 1169 enim
1491 1122 1584 1168 duo
1606 1136 1734 1170 erant
1754 1126 1890 1190 oppi-

114 1193 176 1240 da
193 1194 383 1249 munita,
401 1193 595 1239 alterum
609 1189 798 1253 propius
811 1187 1015 1235 Valliam
1038 1186 1318 1240 Carleolum,
1342 1188 1537 1234 alterum
1557 1187 1739 1235 circiter
1755 1192 1891 1252 quin-

110 1258 338 1322 quaginta
358 1257 505 1306 millia
525 1254 727 1319 paffuum
751 1252 959 1309 inferius,
983 1252 1176 1299 Novum
1198 1252 1390 1298 castrum
1413 1252 1662 1314 appellant.
1712 1254 1893 1302 Utrun-

109 1338 206 1385 que
229 1324 408 1388 Anglus
431 1319 609 1386 magnis
631 1318 867 1384 praefidiis‚
908 1330 958 1364 ut
992 1317 1137 1364 hostes
1163 1316 1350 1363 transitu
1377 1314 1578 1362 fluminis
1608 1318 1897 1379 prohiberet,

109 1389 462 1436 communierat.
532 1384 608 1432 llli
652 1398 802 1432 tamen
826 1383 960 1431 vadis
995 1381 1116 1430 notis
1149 1380 1215 1428 ita
1236 1381 1328 1428 fine
1363 1382 1457 1428 ullo
1481 1383 1684 1428 tumultu
1708 1385 1892 1433 tranfie»

113 1467 239 1508 runt,
266 1466 316 1500 ut
338 1466 528 1516 utraque
551 1448 759 1514 praefidia
792 1448 1019 1496 fallerent.
1088 1446 1235 1510 Angli
1272 1446 1320 1494 in
1344 1463 1502 1510 agrum
1529 1447 1892 1497 Dunelmensem

113 1519 326 1581 progressi
349 1534 453 1565 cum
476 1533 532 1564 ex
561 1515 675 1563 locis
696 1514 967 1562 editioribus
997 1512 1212 1560 incendia
1248 1511 1390 1575 longe
1420 1511 1747 1574 prospicerent,
1791 1526 1890 1562 tum

109 1582 302 1630 demum
323 1583 582 1646 intelligere
600 1591 854 1644 coeperunt,
871 1576 1317 1642 quam'propinquus
1335 1577 1471 1624 hostis
1493 1578 1626 1624 esset:
1665 1580 1892 1627 tumultu-

114 1647 188 1693 ose
209 1648 267 1694 ad
288 1664 413 1694 arma
432 1647 632 1693 clamant
656 1662 668 1690 :
720 1649 759 1691 &
782 1644 909 1690 velut
932 1643 1123 1704 jamjam
1145 1642 1411 1704 pugnaturi,
1445 1640 1537 1704 qua
1566 1641 1889 1692 incendiorum

115 1711 234 1758 fumi
255 1712 571 1762 cernebantur,
599 1710 655 1756 εὖ
677 1707 859 1771 triplice
880 1709 976 1754 acie
998 1706 1200 1753 instructi
1220 1705 1342 1752 recia
1376 1707 1568 1759 ducunt,
1601 1707 1728 1770 gravi
1752 1717 1892 1770 poena

112 1778 345 1839 proposita
367 1777 398 1822 si
421 1775 523 1838 quis
544 1773 606 1836 inj
617 1774 706 1820 uffu
724 1771 1011 1835 imperaioris
1033 1772 1129 1818 acie
1151 1772 1405 1818 excederet.
1475 1772 1651 1817 Frustra
1672 1774 1889 1822 omnibus

115 1839 318 1904 fatigatis
336 1840 417 1888 sub
434 1839 670 1901 vesperum
690 1839 793 1884 loco
811 1836 959 1884 castris
977 1836 1026 1882 in
1049 1837 1157 1883 filva
1178 1853 1321 1899 prope
1344 1833 1536 1882 fluvium
1560 1837 1793 1898 quendam
1809 1838 1889 1887 de-

113 1904 287 1968 signato
310 1904 377 1951 ibi
393 1902 724 1966 impedimenta
743 1905 867 1964 (quae
889 1900 1097 1948 celeriter
1119 1914 1299 1963 raptum
1318 1917 1483 1963 agmen
1502 1900 1629 1963 sequi
1647 1917 1738 1948 non
1756 1916 1891 1964 pote-

112 1970 233 2029 rant)
260 1969 505 2015 collocant.
572 1967 751 2013 Postero
774 1966 849 2012 die
871 1966 1035 2012 eodem
1058 1965 1217 2011 ordine
1239 1965 1432 2028 profeffi
1447 1964 1544 2025 jam
1567 1965 1818 2014 inclinante
1841 1969 1890 2017 in

110 2033 347 2097 vesperum
371 2033 446 2080 die
469 2043 519 2079 ut
534 2032 760 2094 jumenta,
798 2031 1066 2094 peditesque
1086 2030 1343 2083 reficerent,
1371 2030 1517 2077 coacii
1539 2032 1774 2077 consistere
1796 2034 1889 2080 cas-

34 2136 37 2137 ⁷
111 2097 193 2144 tris
216 2114 299 2161 pro
320 2097 412 2144 loci
431 2096 764 2144 commoditate
785 2095 940 2158 positis
964 2111 1173 2158 proceres
1197 2095 1253 2142 ad
1278 2096 1456 2159 Regem
1479 2109 1663 2142 coeunt.
1753 2097 1888 2145 Deli-

111 2162 296 2213 beratur
315 2178 410 2225 quo
431 2163 563 2225 pasin
597 2162 773 2207 efficere
803 2160 982 2223 poffint,
1019 2174 1070 2207 ut
1103 2176 1293 2208 manum
1325 2176 1432 2206 cum
1469 2160 1608 2207 Scoto
1631 2160 1885 2210 conferant.

111 2228 303 2290 Majoris
326 2227 467 2291 partis
502 2243 555 2272 ea
575 2224 664 2272 fuit
685 2226 845 2288 opinio
868 2241 959 2272 non
983 2225 1103 2288 posse
1126 2225 1223 2271 fieri
1244 2239 1291 2271 ut
1314 2226 1456 2288 Angli
1481 2225 1658 2287 pedites
1680 2227 1888 2288 equitem

111 2293 300 2339 Scotum
318 2289 590 2355 expeditum
608 2292 975 2352 assequerentur:
1001 2307 1084 2336 nec
1103 2290 1133 2336 fi
1147 2291 1450 2352 assequantur,
1473 2290 1593 2351 poffe
1611 2306 1751 2354 vagos
1770 2309 1889 2354 prae·

111 2356 252 2403 dones
275 2356 382 2420 cogi
403 2357 461 2403 ad
482 2356 802 2420 pugnandum,
827 2354 909 2401 nisi
931 2354 1018 2403 suis
1041 2355 1176 2402 locis.⁷
1222 2356 1401 2401 Verum
1427 2357 1537 2417 quia
1551 2354 1649 2415 jam
1672 2357 1888 2404 omnibus

103 2422 371 2484 'pervastatis
389 2421 438 2468 in
460 2421 631 2468 hostico
653 2419 733 2467 diu
755 2436 1021 2482 permanere
1044 2436 1137 2466 non
1155 2419 1337 2483 poffint,
1359 2421 1588 2482 optimum
1612 2419 1759 2468 videri
1781 2438 1889 2470 cum

109 2486 324 2533 omnibus
342 2485 487 2548 copiis
510 2486 684 2533 Tinam
702 2486 905 2540 transire,
942 2484 1271 2547 atquehostem
1295 2484 1487 2531 domum
1509 2484 1777 2533 redeuntem
1808 2504 1888 2534 ex·-

108 2551 280 2614 cipere.
348 2549 609 2614 Regionem
629 2549 768 2597 etiam
788 2562 908 2596 trans
931 2550 1106 2596 Tinam
1128 2549 1383 2611 planiorem
1406 2550 1508 2604 effe,
1534 2555 1574 2597 Sc
1598 2551 1888 2600 commodio-

34 2654 50 2674 χ’
110 2631 208 2662 rem
226 2616 287 2662 ad-
305 2615 450 2662 aciem
467 2614 806 2678 explicandam,
828 2613 1023 2678 totisque
1039 2614 1169 2661 simul
1187 2613 1358 2670 viribus
1379 2615 1734 2662 decernendum.

175 2681 306 2727 LIII.
341 2680 459 2726 Haec
475 2679 696 2726 sententia
712 2693 817 2725 cum
837 2680 942 2725 ess'et
961 2680 1169 2742 probata,
1190 2679 1409 2733 edictum,
1434 2692 1482 2725 ut
1499 2694 1693 2742 corpora
1706 2678 1885 2737 curent,

108 2749 247 2807 atque
268 2744 460 2791 universi
480 2756 653 2807 quanto
671 2741 977 2791 cum-silentio
999 2745 1190 2806 poffent,
1214 2756 1416 2807 agerent,
1454 2756 1502 2791 ut
1523 2743 1719 2806 imperia
1740 2746 1887 2793 facili-

109 2826 162 2856 us
184 2810 420 2871 capessere,
443 2815 483 2856 δε
505 2809 664 2855 sonum
683 2809 894 2855 tubarum
914 2809 1072 2855 audire
1094 2822 1266 2871 queant
1286 2827 1296 2855 :
1325 2821 1374 2855 ut
1392 2808 1561 2856 reliClis
1580 2809 1887 2872 impedimen-

30 2890 34 2893 *
107 2874 168 2922 tis
191 2873 356 2937 singuli
377 2874 577 2936 singulos
607 2889 747 2936 panes
782 2874 931 2920 secum
954 2873 1141 2927 ferrent,
1181 2887 1229 2919 ut
1260 2874 1471 2937 proxima
1503 2875 1603 2920 luce
1634 2890 1740 2921 cum
1762 2875 1887 2922 hoste

108 2937 391 2993 dimicaturi,
425 2955 564 3001 quem
585 2937 752 2999 cuique
775 2939 957 2985 fortuna
979 2939 1107 2985 daret
1134 2938 1311 2985 exitum
1333 2938 1667 3001 opperirentur.
1734 2939 1888 3002 Igitur

109 3002 136 3050 ὲ
156 3001 424 3065 fatigatione
438 3002 676 3065 superioris
695 3001 979 3049 dicirefeffis
999 3003 1266 3066 corporibus
1286 3004 1423 3064 paulo
1445 3004 1537 3063 post
1554 3002 1754 3049 mediam
1775 3016 1886 3050 noc-

109 3081 204 3114 tem
226 3083 351 3113 arma
364 3065 641 3128 capiunt,=&
662 3067 865 3113 instruffi
886 3067 973 3114 iter
994 3067 1170 3113 ineunt.
1221 3069 1309 3113 Sed
1336 3067 1537 3128 paluch,
1565 3073 1604 3112 Sc
1629 3068 1768 3114 colles
1792 3085 1884 3131 qua

95 3131 394 3185 „ducebantur
410 3131 504 3177 cito
527 3144 776 3193 coegerunt
795 3131 977 3178 ordines
1000 3131 1080 3177 sol·v
1095 3148 1187 3184 ere,
1206 3137 1249 3177 δι
1268 3130 1360 3192 quei
1379 3130 1507 3191 quisq
1517 3147 1570 3176 ue
1594 3145 1772 3193 poterat
1787 3133 1883 3196 pri-

109 3195 177 3243 mi
195 3196 425 3242 ducebant
449 3213 459 3241 ε
492 3194 573 3240 alii
593 3195 897 3256 praeeuntium
914 3195 1102 3258 vestigia
1118 3194 1436 3256 sequebantur.
1505 3196 1755 3260 Tantoque
1776 3213 1882 3246 cum

109 3260 312 3311 tumultu
333 3258 419 3305 iter
441 3258 686 3312 faciebant,
708 3273 758 3305 ut
779 3259 914 3305 multi
935 3260 1062 3320 equi,
1089 3261 1232 3305 multa
1249 3258 1361 3304 item
1377 3258 1588 3318 jumenta
1611 3277 1687 3307 aut
1708 3261 1757 3309 in
1781 3263 1881 3310 luto

108 3324 295 3387 palustri
315 3322 590 3375 inhaeserint,
616 3335 796 3384 autper
813 3322 1010 3369 declivia
1025 3322 1414 3386 praecipitaverint
1436 3339 1446 3367 ε
1481 3322 1883 3390 saepenumeroque

107 3389 169 3436 ad
190 3404 314 3436 arma
332 3384 384 3435 sit
404 3387 760 3442 conclamatum,
784 3386 958 3434 cunffls
981 3395 1150 3450 magna
1171 3402 1275 3433 cum
1298 3387 1620 3450 trepidatione,
1649 3392 1767 3440 unde
1791 3394 1883 3440 cla-

166 3536 229 3589 (1)
258 3540 295 3577 A
312 3546 566 3591 cotemporary
583 3537 721 3588 writer,
735 3537 824 3577 who
842 3537 916 3577 also
936 3537 1032 3578 lived
1052 3549 1071 3575 a
1084 3536 1184 3578 little
1202 3537 1298 3583 aster
1310 3536 1384 3576 this
1402 3537 1509 3580 time.

1787 3663 1888 3703 mor
