2122 3859
172 278 415 366 le3,·'vix
442 284 509 351 in
539 283 746 351 omnis
776 284 891 349 aevi
919 270 1103 351 cursu
1133 284 1420 372 reperiet-2,
1479 286 1600 374 ‘qui
1629 306 1762 352 rem
1793 301 1930 356 tan.¹

176 392 308 441 tam
336 375 637 464 suscipere
665 375 737 442 fit
758 379 955 455 auluS,
974 392 1084 440 aut
1113 375 1458 461 sulceptam
1487 376 1779 442 sustinere
1808 380 1924 464 po*—

172 478 382 532 tuerit.

264 555 424 623 Non
486 555 880 622 mediocriter
931 553 1125 623 etiam
1187 562 1291 622 'me
1350 553 1500 622 illud
1549 558 1931 644 impellebat,

176 646 352 734 quod
384 668 589 712 meam
611 646 692 710 sic
721 667 984 730 operam
1005 646 1114 712 tibi
1136 668 1252 712 nec
1283 645 1652 723 indebitam,
1685 669 1803 712 nec
1837 648 1932 711 in-

177 751 416 820 gratam
445 737 578 802 fore
608 735 1051 802 existimarem.
1111 736 1478 802 Ablurdum
1504 736 1678 800 enim
1708 759 1784 801 ac
1815 753 1933 819 pu-

173 825 455 892 dendum
479 825 827 905 videbatur,
858 842 937 904 te,
981 827 1093 914 qui
1122 826 1184 892 in
1218 827 1327 892 ista
1359 827 1606 891 aetatula
1636 827 1930 892 omnium

171 933 376 1005 prope
405 916 739 983 nationum
761 936 856 981 res
881 916 1073 1002 gestas
1105 919 1448 1004 perlegeriS,
1473 917 1771 1002 plurimas
1801 935 1934 980 me-

178 1008 437 1072 moriter
466 1025 697 1085 teneas,
751 1004 928 1072 domi
977 1008 1262 1093 quodam
1295 1005 1492 1070 modo
1523 1004 1921 1092 peregrinari.

177 1090 483 1169 Praeterea
532 1096 686 1163 cum
720 1097 924 1184 partes
962 1097 1193 1183 ingenii
1242 1096 1333 1161 tui
1382 1095 1717 1163 excolendi
1773 1091 1929 1159 mihi

176 1181 531 1253 commissas
553 1186 1116 1274 per‘valetudinem
1148 1186 1561 1252 incurabilem
1590 1186 1768 1251 obire
1794 1204 1931 1250 non

179 1272 440 1362 possem,
472 1278 840 1363 proximum
871 1276 1222 1342 existimavi
1251 1276 1312 1342 id
1354 1295 1550 1362 genus
1586 1275 1936 1352 scriptionis

174 1365 316 1446 ess'e,
338 1391 480 1455 quae
511 1372 588 1430 ad
617 1367 905 1433 animum
938 1384 1305 1453 comparata
1326 1366 1433 1432 est.
1508 1366 1665 1454 Qio
1688 1363 1932 1453 [igitur]

170 1457 342 1524 hanc
368 1455 715 1526 cessationis
746 1458 1022 1612 wiffam,
1069 1458 1281 1547 quoad
1336 1453 1598 1544 possem,
1640 1457 1939 1535 delerem,

175 1546 361 1615 statui
421 1545 579 1615 fidos
630 1566 712 1612 ex
744 1547 832 1614 Hi
889 1548 1021 1612 oria
1054 1548 1397 1614 monitores
1443 1550 1522 1613 ad
1576 1568 1638 1614 te
1666 1547 1935 1625 mittere,

175 1649 454 1720 quorum
505 1634 767 1703 conlilio
817 1638 880 1702 in
910 1639 1463 1704 deliberationibus
1492 1639 1605 1721 uti,
1649 1635 1715 1701 8<
1758 1640 1825 1704 iu
1868 1644 1935 1701 re

173 1729 445 1810 gerenda
478 1727 710 1793 imitari
741 1728 1036 1793 virtutem
1062 1749 1275 1814 queas·
1665 1804 1669 1809 ι
1883 1805 1889 1814 ,

261 1817 422 1883 Sunt
451 1819 623 1884 enim
679 1817 841 1883 inter
875 1817 1157 1903 Majores
1194 1836 1336 1885 tuos
1385 1820 1446 1887 ln
1505 1819 1684 1885 omni
1731 1809 1931 1886 laudis

174 1928 400 1994 genere
423 1908 538 1972 viri
573 1906 950 1994 praestantes»,
972 1906 1037 1972 ’ὃς
1069 1930 1347 1995 quorum
1372 1910 1612 1976 nullam
1644 1911 1933 1997 unquam

173 1997 602 2084 posteritatem
636 1999 887 2084 pigebit.
956 1996 1059 2075 Et,
1088 2014 1158 2064 ut
1188 2017 1444 2066 caeteros
1481 1999 1796 2080 omittam,
1827 2015 1938 2068 ne·

163 2085 406 2154 minem
434 2087 499 2154 in
530 2088 669 2154 ullis
710 2099 923 2154 rerum
952 2091 1221 2175 reperias
1253 2089 1704 2178 monumentiS,
1739 2114 1936 2178 quem

170 2193 323 2258 cum
354 2178 602 2245 Davide
647 2176 864 2243 nostro
909 2181 1210 2247 conseras.
1309 2177 1507 2265 Quod
1571 2180 1617 2247 fi
1668 2168 1752 2247 illi
1798 2203 1935 2249 non

164 2268 370 2334 'modo
389 2268 764 2348 miserrimi8‚
793 2268 893 2334 led
921 2269 1113 2335 etiam
1143 2259 1613 2357 fiagitiolissimis
1636 2272 1937 2360 tempori·

170 2358 289 2424 bus
315 2359 529 2425 divina
560 2358 907 2444 benignitas
933 2359 1023 2424 est
1051 2361 1321 2447 elargita,
1355 2358 1460 2447 (ut
1486 2361 1572 2427 ait
1602 2379 1772 2428 vates
1813 2356 1941 2449 Re}
1973 2370 1978 2374 ”

170 2448 338 2536 gius)
398 2466 468 2513 ut
522 2449 824 2514 matr-ibus
880 2467 949 2514 tu
1006 2472 1271 2538 quoquc
1314 2450 1600 2518 mensura
1643 2451 1756 2518 fias
1783 2454 1939 2533 voti,

169 2538 421 2625 quoties
447 2540 610 2604 bene
634 2556 970 2625 precantur
999 2542 1223 2619 liberis,
1257 2538 1403 2627 jure
1425 2543 1776 2626 poterimus
1804 2542 1939 2631 spe·-

168 2649 329 2708 rare,
358 2634 522 2694 hanc
552 2628 953 2714 potestatem,
994 2629 1060 2695 in
1089 2630 1383 2696 omnium
1427 2641 1640 2696 rerum
1669 2633 1938 2699 exitium

171 2715 241 2781 8<
267 2716 517 2784 ruinam
574 2730 1046 2806 properantem,
1098 2716 1270 2806 poffe
1298 2719 1550 2785 interim
1597 2715 1789 2787 etiam
1819 2718 1940 2790 luf-

171 2808 499 2887 flaminari,
518 2808 728 2874 donec
747 2808 826 2873 ad
848 2829 922 2873 ea
946 2827 1235 2895 tempora
1255 2807 1564 2891 veniatur,
1583 2833 1733 2882 cum
1756 2834 1838 2879 ex
1861 2835 1951 2878 κ-

175 2914 357 2965 terno
411 2921 506 2964 res
552 2901 850 2963 humanae
904 2900 1256 2964 consecutae
1304 2898 1633 2968 decretum
1666 2918 1936 2982 certum,

172 2985 355 3068 suurn
382 2985 581 3071 sim
610 2985 728 3052 sint
756 2987 1084 3054 habiturae.

536 3113 1022 3210 Edimburgi-IV.
1056 3112 1289 3184 Galend.
1318 3114 1603 3207 Septemb.

1751 3456 1946 3537 RE·
