2096 3869
207 190 285 237 12
514 171 871 236 RERUM
961 164 1642 237 ScoT1cARtJM

201 266 319 313 tudo
331 265 614 314 incredibilis
631 264 933 328 anguillarum
947 256 1197 317 descendit,
1214 279 1325 325 quas
1340 265 1506 311 ac'colae
1523 268 1592 328 (ι)
1610 264 1736 314 nassis
1753 266 1965 324 vimineis

200 345 414 395 exceptas
441 330 526 377 sale
549 331 786 382 condiunt,
811 341 863 372 ac
882 341 970 371 non
995 324 1227 372 modicum
1246 325 1354 375 inde
1375 331 1591 392 quaestum
1615 329 1803 379 faciunt.
1870 333 1965 387 Ex-

200 405 398 444 tremum
433 395 584 441 lateris
619 395 678 440 est
715 392 980 437 Novantum
1010 389 1391 450 promontorium,
1417 392 1494 439 sub
1516 410 1610 456 quo
1639 394 1686 442 in
1709 394 1820 450 ostio
1848 398 1966 451 Luffi

201 459 403 515 fluminis
426 459 541 505 finus
565 459 639 511 est,
666 454 746 520 qui
780 451 1325 522 PtolemaeolRerigonius
1359 471 1560 505 vocatur.
1627 459 1683 513 Ei
1704 474 1761 522 egr
1783 460 1968 518 adverso

199 522 354 570 influit
376 540 431 569 ex
454 521 654 569 aestuario
684 519 858 565 Glottae
879 518 996 563 finus
1025 517 1167 580 vulgo
1190 517 1313 564 lacus
1333 519 1526 578 luanus,
1545 524 1800 577 'Ptolemaeo
1819 525 1968 579 Vide>-

198 603 310 650 gara
336 606 346 632 ε
381 588 505 649 quod
529 586 647 632 inter
668 584 749 629 hos
785 583 900 628 finus
932 594 1062 628 terrae
1094 580 1338 645 procurrit,
1376 583 1540 631 incolae
1562 586 1753 642 Rinum,
1778 590 1866 638 hoc
1888 590 1967 647 est,

201 650 483 697 Gallovidiae
512 649 655 695 aciem
695 646 943 709 appellant.
1011 645 1087 693 Ab
1119 645 1285 695 eisdem
1311 648 1578 696 Novantum
1610 653 1681 714 (2)
1707 653 1858 710 Mula,
1878 653 1970 707 ‚hoc

199 717 263 761 est
284 716 470 761 rostrum
494 713 580 758 five
597 711 732 758 ric'tus
756 710 1033 758 nominatur.
1084 711 1132 757 T
1136 724 1212 758 ota
1229 724 1378 760 autem
1400 713 1527 777 regio
1551 713 1822 771 Gallovidia
1840 722 1971 781 (nam

202 778 428 826 Gallovid
447 776 695 840 priscorum
718 775 957 831 Scotorum
982 773 1140 838 lingua
1162 776 1355 825 Gallum
1377 777 1618 842 fignificat)
1643 781 1915 844 appellatur.

268 843 373 889 XX.
408 842 531 890 infra
545 837 830 902 Vidogaram
855 855 879 884 a
901 852 1031 902 tergo
1052 839 1331 889 Gallovidiae
1352 842 1514 890 leviter
1529 841 1731 893 declinat
1753 845 1809 901 ad
1830 845 1971 895 Glot-

202 916 262 951 tae
286 904 534 951 aestuarium
554 904 750 950 Caric‘la.
818 904 931 950 Earn
950 904 1042 950 duo
1065 919 1218 951 amnes
1239 903 1508 954 intersecant
1524 906 1761 961 Stinfiarus
1779 912 1827 958 &
1849 910 1972 958 Gre-

200 986 341 1016 vanus
368 987 378 1015 :
416 981 605 1032 uterque
628 965 783 1014 multis
817 968 1009 1014 amoenis
1038 966 1159 1014 villis
1190 966 1411 1033 cingitur.
1478 972 1605 1018 Inter
1625 988 1779 1022 amnes
1810 976 1973 1036 quain

201 1034 409 1080 modicos
433 1033 570 1080 colles
594 1046 739 1080 tumet
760 1031 932 1095 pascuis
957 1031 1186 1088 foecunda,
1206 1049 1289 1079 nec
1311 1032 1473 1080 infelix
1495 1033 1725 1083 frumento
1747 1038 1821 1084 est.
1871 1040 1971 1088 To-

203 1111 250 1144 ta
273 1097 567 1150 terrestribuS,
583 1096 907 1161 maritimisque
928 1095 1072 1160 copiis
1093 1112 1183 1143 non
1206 1098 1348 1145 modo
1366 1097 1447 1145 fibi
1468 1098 1705 1155 sufficiens,
1723 1100 1794 1150 sed
1809 1099 1975 1152 vicinis

201 1164 350 1209 multa
371 1162 675 1224 suppeditans.
743 1161 907 1208 Dunus
929 1160 1072 1207 amnis
1095 1177 1193 1208 eam
1218 1178 1244 1207 a
1265 1162 1403 1210 Coila
1419 1162 1609 1228 separat,
1633 1177 1756 1214 ortus
1779 1182 1836 1212 ex
1857 1167 1974 1229 ejus·

201 1228 307 1273 dem
333 1225 528 1276 nominis:
552 1227 671 1281 lacu,
707 1225 784 1288 qui
813 1224 1004 1272 insulam
1038 1225 1357 1288 complectitur
1388 1227 1582 1276 modicae
1605 1227 1718 1277 arcis
1738 1244 1972 1294 capacem.

203 1291 420 1354 Sequitur
443 1291 593 1345 Coila,
635 1306 772 1352 quarn
813 1288 836 1335 ὲ
873 1289 1061 1337 meridie
1085 1289 1354 1351 Gallovidia
1386 1292 1577 1346 claudit,
1618 1293 1675 1340 ab
1697 1307 1799 1343 ortu
1823 1294 1975 1346 aeflivo

203 1355 497 1403 Glottianam
513 1355 722 1418 attingit:
744 1354 800 1400 ab
818 1354 974 1402 occasu
989 1353 1145 1401 Irvino
1163 1354 1303 1402 fluvio
1320 1373 1346 1403 a
1360 1356 1638 1420 Cunigamia
1651 1358 1970 1422 distinguitur:

204 1420 404 1466 mediam
441 1422 563 1466 Aera
601 1418 744 1465 amnis
779 1418 958 1465 dividit.
1029 1419 1103 1464 Ad
1125 1436 1228 1466 eum
1254 1419 1333 1468 fita
1361 1422 1421 1467 est
1444 1423 1566 1476 Ae'ra
1586 1424 1844 1487 emporium
1881 1441 1974 1476 non

203 1484 428 1547 ignobile.
472 1486 521 1530 ln
548 1484 799 1531 universum
824 1483 950 1546 regio
972 1485 1031 1529 est
1055 1482 1247 1531 feracior
1267 1484 1466 1532 virorum
1491 1485 1696 1544 fortium,
1714 1504 1855 1551 quam
1875 1487 1972 1536 fru-

201 1565 334 1610 gum,
361 1561 437 1594 aut
464 1564 695 1611 pecorum,
736 1559 830 1593 tota
851 1547 1023 1611 quippe
1061 1547 1205 1602 tenui,
1228 1552 1278 1597 &
1299 1549 1483 1596 arenoso
1507 1550 1600 1598 solo
1624 1570 1636 1600 ε
1669 1556 1773 1614 qu'ae
1797 1570 1864 1602 tes
1889 1553 1973 1601 ho-

205 1613 382 1659 minum
420 1612 676 1658 industriam
714 1613 852 1666 acuit,
874 1619 918 1660 ὁ(
946 1612 1216 1674 parsimonia
1235 1613 1351 1660 vires
1375 1614 1534 1670 animi,
1552 1622 1601 1680 §t
1637 1616 1840 1680 corporis
1862 1633 1973 1666 con-

206 1679 371 1723 firmat.
440 1677 715 1738 Cunigamia
738 1678 832 1739 post
856 1676 972 1723 hanc
994 1677 1050 1724 acl
1074 1677 1399 1740 septentriones
1421 1678 1662 1742 procurrit,
1687 1687 1732 1728 ὃ(
1759 1681 1973 1736 Glottam

203 1742 458 1795 submovet,
483 1756 534 1789 ac
556 1758 699 1805 prope
723 1742 776 1787 ad
795 1741 899 1802 justi
922 1741 1066 1787 amnis
1090 1741 1279 1790 modurn
1301 1745 1494 1791 coercet.
1563 1744 1751 1792 Nomen
1794 1742 1988 1812 regioni
2009 1752 2022 1764 ‘

203 1806 435 1853 Danicum
459 1807 535 1858 est,
572 1807 697 1868 quod
726 1821 883 1851 eorum
923 1805 1082 1869 lingua
1119 1805 1238 1870 regis
1272 1806 1559 1864 domicilium
1584 1809 1835 1874 fignificat:
1869 1827 1975 1875 quae

203 1887 273 1917 res
296 1870 470 1917 indicio
492 1871 567 1925 est,
602 1887 698 1916 cam
725 1869 880 1915 Danos
905 1870 1152 1932 aliquando
1174 1871 1375 1918 tenuiss‘e.
1444 1872 1654 1921 Proxime
1685 1874 1743 1920 ad
1775 1874 1973 1928 orienta-

203 1936 297 1981 lem
323 1935 359 1995 ej
371 1952 415 1981 us
440 1936 621 1997 plagam
645 1935 721 1981 fita
742 1934 800 1980 est
822 1932 1100 1988 chfroana,
1121 1934 1179 1981 ab
1196 1935 1421 1999 oppidulo
1438 1936 1485 1984 in
1499 1953 1592 1999 quo
1610 1951 1859 1987 conventus
1878 1938 1973 2000 ejus

202 1998 422 2046 celebrari
446 1999 603 2054 solent,
629 1998 855 2062 appellata
879 2017 890 2045 z
916 1999 1058 2062 vulgo
1080 2000 1272 2047 Baronia
1292 2000 1428 2047 diua.
1473 2002 1681 2049 Mediam
1704 2019 1802 2051 cam
1826 2003 1978 2053 secant

204 2065 299 2110 duo
337 2081 508 2117 amnes,
548 2063 713 2127 quibus
737 2062 854 2110 utris
883 2079 936 2109 ue
958 2063 1156 2110 Carthus
1186 2065 1245 2111 est
1277 2082 1460 2112 nomen.
1529 2066 1627 2112 1³0st
1657 2067 1894 2116 Baroniarn
1915 2070 1976 2116 est

204 2129 465 2182 Glottiana,
495 2129 549 2175 ad
576 2141 797 2190 utrunque
816 2129 860 2174 G
886 2142 993 2174 orta:
1011 2127 1155 2200 ripam
1176 2130 1401 2193 protensa,
1423 2134 1469 2179 δε
1490 2128 1583 2193 ipsa
1604 2131 1650 2177 in
1675 2134 1824 2195 plures
1840 2133 1974 2194 juris-

203 2193 428 2239 difflones
451 2193 512 2238 ob
535 2192 898 2256 magnitudinem
925 2193 995 2254 (3)
1020 2192 1159 2239 divisa
1183 2195 1272 2257 (4).
1315 2196 1487 2241 Amnes
1511 2195 1758 2243 nobiliores
1780 2196 1933 2245 fundit
1956 2216 1969 2245 ε

202 2273 232 2302 a
265 2258 378 2304 laeva
403 2258 662 2312 Avennum,
687 2261 734 2306 &
759 2257 1028 2320 Duglass'um
1054 2256 1133 2320 qui
1176 2258 1223 2304 in
1247 2258 1460 2306 Glottam
1477 2258 1724 2307 decurrunt
1764 2279 1775 2307 ε
1814 2260 1927 2310 item
1948 2278 1977 2311 a

199 2322 364 2367 dextra
384 2322 575 2367 alterurn
599 2324 857 2375 Avennum,
882 2319 963 2384 qui
986 2321 1258 2370 Lothianam
1280 2320 1339 2370 ab
1362 2338 1472 2386 agro
1493 2324 1751 2372 sterlinenfi
1781 2325 1975 2377 dirimit.

203 2385 273 2432 Hi
297 2386 390 2432 duo
406 2386 532 2432 fluvii
555 2402 844 2433 communem
871 2384 1071 2431 amnium
1092 2388 1447 2450 appellationem
1468 2387 1570 2436 loco
1588 2389 1761 2452 proprii
1777 2391 1977 2440 nomini·

203 2463 476 2512 acceperunt
512 2469 523 2496 z
561 2451 951 2514 quemadmodum
969 2448 1016 2497 in
1037 2450 1192 2498 Vallia
1212 2451 1385 2500 diversa
1404 2452 1599 2501 dialefto
1619 2454 1675 2509 is,
1694 2470 1835 2518 quem
1848 2456 1981 2503 Avo-

203 2528 310 2560 nem
335 2527 514 2561 vocant.

269 2580 399 2626 XXI.
433 2580 752 2629 Stcrlinensem
781 2596 943 2644 agrurn
963 2595 990 2626 a
1010 2578 1201 2627 meridie
1225 2581 1398 2645 separat
1430 2597 1456 2628 a
1490 2581 1717 2630 Lothiana
1739 2584 1976 2646 Avennus,

201 2643 261 2688 ab
280 2657 380 2691 ortu
402 2645 650 2691 aestuarium
675 2645 872 2698 Furtim,
893 2645 1039 2692 donec
1061 2645 1279 2706 paulatim
1294 2644 1435 2709 seipso
1458 2647 1608 2693 minor
1629 2648 1686 2694 ad
1704 2648 1867 2710 justam
1890 2648 1976 2698 flu-

202 2707 339 2767 minis
363 2708 729 2767 magnitudinem
754 2709 958 2756 redafms
981 2724 1123 2771 prope
1142 2710 1390 2757 Sterlinum
1407 2722 1597 2773 pontem
1614 2711 1801 2774 patitur.
1845 2713 1979 2770 Secat

200 2771 438 2834 regionem
465 2774 626 2819 fluvius
650 2791 781 2828 unus,
806 2771 889 2836 qui
910 2788 1162 2822 memoratu
1186 2774 1237 2821 fit
1259 2774 1426 2838 dignus
1451 2775 1626 2821 Carron
1650 2794 1663 2820 :
1689 2775 1823 2837 juxta
1837 2792 1977 2840 quem

201 2835 381 2898 aliquot
419 2837 588 2883 vetusta
622 2837 721 2886 sunt
752 2850 1062 2885 monumenta.
1133 2839 1209 2886 Ad
1236 2839 1398 2886 laevam
1420 2838 1656 2886 Carrontis
1685 2839 1780 2886 duo
1810 2839 1977 2898 terreni

200 2900 303 2946 sunt
329 2901 495 2947 tumuli
533 2901 772 2949 hominurn
808 2918 948 2966 opera
988 2906 1060 2964 (ut
1079 2918 1148 2948 res
1171 2901 1363 2962 indicat)
1406 2901 1654 2950 aedificati:
1687 2903 1762 2950 vul
1799 2904 1978 2956 oDuni

198 2964 325 3027 pacis
344 2965 649 3027 appellantur.
679 2966 873 3014 Inferius
895 2979 1047 3014 autern
1069 2966 1127 3012 ad
1144 2967 1341 3014 eundem
1359 2974 1541 3014 amnem
1562 2967 1619 3014 ad
1642 2966 1736 3015 duo
1779 2985 1853 3016 ere
1872 2969 1977 3024 mih

199 3029 262 3073 lia
286 3032 489 3090 pastuum
527 3030 588 3076 est
615 3030 861 3077 aedificium
894 3030 1141 3078 rotundum
1176 3032 1267 3078 fine
1286 3031 1429 3089 calce,
1467 3030 1542 3077 sed
1575 3030 1690 3078 saxis
1726 3031 1890 3097 asperis
1912 3031 1980 3084 ita

198 3093 515 3147 conformatis,
539 3107 588 3140 ut
612 3092 851 3157 superioris
873 3093 1038 3159 lapidis
1058 3111 1162 3158 pars
1191 3095 1238 3143 in
1261 3094 1524 3143 inferiorem
1549 3095 1589 3141 se
1612 3095 1773 3144 inserat
1796 3115 1808 3144 :
1841 3095 1907 3149 ita
1929 3108 1980 3144 ut

199 3168 348 3203 totum
371 3174 486 3219 opus
512 3170 672 3205 rnntuo
694 3161 957 3223 complexu,
983 3163 1033 3208 δε
1055 3159 1260 3218 saxorum
1282 3160 1486 3223 pondere
1508 3159 1550 3206 se
1571 3160 1796 3220 sustineat,
1817 3161 1977 3225 paula-.-

199 3219 284 3266 tim
305 3220 366 3265 ab
389 3221 482 3267 imo
505 3222 559 3268 ad
579 3223 804 3270 summum
835 3223 884 3271 in
907 3225 1080 3273 arcium
1101 3222 1144 3269 se
1174 3222 1412 3288 colligens,
1484 3219 1671 3283 Summa
1687 3240 1793 3288 pars
1821 3237 1978 3287 aperta

197 3284 276 3329 est.
347 3285 529 3347 Vulgus
551 3287 692 3333 alium
715 3299 853 3351 atque
876 3288 1016 3336 alium
1052 3286 1195 3342 usum,
1217 3291 1265 3336 ὅ(
1288 3289 1520 3336 ειυᾶοτεω
1540 3289 1637 3351 ejus
1679 3286 1860 3343 edificii
1886 3305 1978 3352 *pro

198 3347 277 3392 suo
297 3347 487 3409 quisque
510 3349 697 3412 ingenio
717 3351 1091 3399 comminiscitur.
1158 3352 1262 3415 Ego
1293 3354 1420 3401 certe
1448 3350 1980 3419 aliquando‘conjeetura

198 3410 267 3457 sui
289 3410 519 3466 inductus,
549 3426 597 3459 ut
631 3416 864 3463 crederem
903 3417 1127 3478 templum
1151 3416 1365 3473 Termini
1383 3416 1529 3484 fuisse,
1551 3416 1683 3479 quod
1705 3429 1778 3478 (ut
1799 3432 1903 3463 acce
1938 3415 1978 3463 i-

197 3476 322 3534 mus)
348 3478 612 3531 rotundum,
637 3482 687 3527 &c
710 3477 898 3540 superne
918 3493 1128 3544 apertum
1152 3479 1368 3535 aedificari
1386 3480 1570 3529 solitum
1592 3492 1703 3534 erat.
1747 3480 1909 3531 Nomai
1946 3479 1956 3488 ’

253 3558 314 3603 (ι)
343 3555 642 3603 unaing-mels,
662 3562 767 3600 made
785 3561 831 3599 of
848 3561 1020 3609 uillowz.
1176 3561 1239 3612 (ς’)
1266 3564 1316 3601 Et
1337 3562 1777 3612 agrum'Glasguensc-m‚
1798 3558 1859 3614 (4)
1874 3563 1979 3614 cujus

253 3609 318 3659 (2)
337 3609 641 3648 promontorium
661 3611 740 3650 scil.
1124 3615 1260 3654 incula
1275 3616 1440 3654 ciascun
1452 3616 1514 3666 jus
1530 3624 1676 3666 petunt.
1698 3616 1797 3654 addit
1818 3616 1922 3653 Μ8.

503 3670 513 3685 ·
1825 3681 1976 3715 enam
