2096 3869
243 170 320 219 10
548 146 908 216 RERUM
999 144 1687 211 ScoT1cARuM

242 251 608 315 Albingaunum,
641 259 680 300 δε
708 252 893 299 Albium
920 249 1221 297 Intimelium.
1287 250 1339 296 In
1366 251 1435 312 (1)
1464 247 1715 312 japodibus
1738 258 1889 295 autem
1919 251 1992 311 (2)

234 316 403 381 jugum
427 319 486 362 est
519 317 824 370 editiffimum,
863 315 940 360 ubi
965 315 1106 376 Alpes
1140 312 1363 360 desinunt„
1413 315 1545 360 ”Sunt
1579 319 1619 359 δε
1643 310 1732 358 alia
1751 313 1865 364 loca,
1892 330 1997 376 quae

245 383 303 427 ab
319 380 560 427 altitudine
578 381 808 428 nominata
830 380 1006 440 possunt
1029 377 1190 425 vide-i.
1258 378 1311 422 In
1347 378 1479 423 Italia
1511 377 1699 436 quidem
1720 376 1889 422 Albula
1912 378 1996 422 liu-

243 444 345 491 vius
364 461 418 491 ex
438 444 677 499 Ethruriae,
706 445 885 490 Albulae
899 458 1028 504 aquia:
1047 443 1071 489 ἐ
1090 439 1351 487 Tiburtinis
1364 440 1595 487 montibus
1613 437 1761 487 effusae
1782 459 1791 486 :
1812 439 1860 486 in
1881 440 1997 487 Gal-

243 509 307 556 lia
328 509 609 556 Narbonensi
631 507 782 554 Albici
805 518 963 568 populi
984 504 1188 552 montani
1208 523 1217 552 :
1252 503 1298 550 in
1323 503 1574 552 Germania
1595 504 1725 551 Albis
1746 504 1911 552 fluvius
1949 505 1999 552 in

244 573 518 620 Boe'morum
539 571 771 618 montibus
793 584 922 614 natus
947 586 957 614 :
982 569 1029 616 in
1055 569 1157 616 Asta
1180 568 1386 615 Albanus
1408 567 1569 615 fluvius
1589 569 1614 616 ὲ
1633 569 1833 615 Caucalo
1853 569 1999 615 deflu-

242 635 283 683 it
316 655 327 683 :
361 643 400 683 δε
424 635 592 682 Albani
615 634 789 696 populi,
814 633 940 680 velut
961 633 1127 680 eisdem
1150 630 1382 679 montibus
1416 629 1566 678 infufi.
1654 634 1720 679 Ex
1744 631 1814 678 his
1835 632 2002 694 opinor

245 717 337 748 non
361 700 569 746 abhorret
591 698 615 744 a
638 713 743 742 vero
774 698 949 743 Album
988 714 1080 745 non
1105 697 1253 751 unius,
1277 694 1351 741 sed
1375 696 1619 742 multarum
1640 695 1846 758 gentium
1869 696 2000 742 luisse

241 765 537 812 vocabulum,
562 778 756 823 cumque
777 763 989 811 omnibus
1011 778 1125 825 quos
1149 759 1382 808 nominavi
1405 759 1517 805 locis
1539 759 1733 806 altitudo
1758 761 2000 822 perpetuo,

246 833 287 874 a·
312 825 656 873 immutabiliter
675 825 896 875 albescere
917 825 1004 872 vix.
1018 824 1172 889 paucis
1206 824 1454 878 mensibuS,
1487 838 1568 870 nec
1591 820 1803 870 omnibus
1828 824 2003 886 semper

244 891 435 938 accidat.
502 889 771 936 Faciunt‘ad
792 890 908 939 banc
929 907 1114 952 quoque
1137 888 1441 948 conjec‘turam
1465 894 1502 935 &
1526 888 1621 961 ipsa
1643 886 1898 952 Gigantum
1923 887 2002 934 Li-

243 969 411 1016 gurum
432 953 615 1000 nomina
640 954 829 1008 Albion,
855 960 891 1000 ἃ
917 953 1111 1017 Bergion
1138 967 1364 1023 utrunque
1383 956 1453 1013 (ut
1476 953 1658 1015 opinor)
1688 951 1712 998 ὲ
1735 951 2007 1015 proceritate

247 1019 451 1079 corporis
473 1018 730 1080 impositum
758 1037 768 1064 :
805 1034 856 1065 ac
879 1019 933 1064 de
958 1019 1080 1065 Albo
1100 1016 1199 1079 'jam
1224 1026 1336 1078 quid
1361 1029 1532 1062 veteres
1555 1014 1765 1062 senserint
1784 1015 2002 1062 diximuS.

246 1082 492 1128 Gzrman'ts
509 1085 618 1130 vero
634 1083 750 1146 Berg
767 1098 850 1145 pro
869 1083 960 1128 alto
979 1083 1070 1128 dici
1089 1097 1238 1128 notius
1259 1082 1335 1136 est,
1351 1096 1490 1143 quarn
1511 1092 1558 1125 ut
1577 1078 1781 1141 pluribus
1803 1079 2008 1126 indican-

245 1147 357 1193 dum
389 1147 454 1193 fit.
522 1149 579 1193 Et
602 1147 754 1194 Gallis
791 1146 901 1193 olim
924 1147 1086 1193 eodem
1123 1145 1357 1192 intellectu
1380 1143 1555 1191 dictum
1576 1144 1702 1190 fuiffe
1724 1142 1916 1190 ostendit
1935 1145 2004 1189 lo·

242 1226 326 1257 cus
346 1209 481 1257 Plinii
501 1211 620 1257 libro
635 1211 790 1264 tertio,
804 1227 940 1273 quern
966 1210 1029 1257 ita
1046 1211 1291 1274 legendum
1310 1209 1552 1256 contendo.
1620 1216 1654 1236 “
1679 1207 1818 1254 Unde
1833 1209 2006 1271 Bergo-

219 1313 222 1315 .
243 1282 284 1303 Ἠ
312 1288 450 1322 mates
474 1276 592 1322 Cato
613 1274 732 1322 dixit
751 1289 891 1330 ortos,
916 1274 1054 1323 etiam
1075 1274 1259 1322 nomine
1279 1276 1525 1337 prodentes
1543 1273 1585 1319 se
1601 1270 1753 1327 altius,
1777 1289 1915 1336 quam
1939 1275 2006 1320 le-

244 1347 284 1369 “
306 1340 442 1387 licius
457 1340 612 1387 fitos.''

312 1405 444 1451 XVI.
475 1403 647 1451 Albion
670 1404 828 1469 igitur,
853 1410 893 1452 δε
911 1402 1110 1466 Bergion
1131 1403 1357 1458 homines,
1383 1417 1433 1451 ut
1465 1401 1663 1457 videtur,
1695 1401 1867 1448 caeteris
1889 1399 2007 1447 vici-

247 1468 318 1515 nis
340 1485 581 1531 corporum
605 1470 875 1532 proceritate
897 1470 1169 1532 praestantes,
1195 1476 1233 1516 δε
1258 1469 1424 1517 fiducia
1444 1469 1610 1515 virium
1634 1468 1682 1514 in
1704 1481 1756 1513 ea
1773 1465 2007 1530 Ligurum

245 1545 329 1579 ora
348 1532 637 1580 latrocinium
662 1547 921 1581 exercentes
945 1552 954 1580 :
980 1549 1094 1595 quos
1119 1534 1342 1580 Hercules
1364 1549 1469 1579 cum
1493 1532 1600 1579 illac
1621 1533 1705 1578 iter
1727 1531 1913 1577 haberet
1936 1547 2007 1577 ar-

249 1597 335 1643 mis
352 1597 648 1659 compescuit.
714 1600 764 1644 ln
787 1597 1019 1644 Britannia
1040 1609 1190 1644 autem
1212 1599 1407 1661 regnaffe
1431 1613 1565 1645 nemo
1582 1610 1786 1643 veterum
1810 1612 1885 1642 eos
1901 1611 2008 1659 pro-

248 1661 337 1715 dit,
363 1666 402 1707 &
426 1677 519 1707 rem
541 1660 730 1708 omnino
749 1661 999 1708 diffimilem
1021 1660 1118 1707 -veri
1141 1662 1252 1708 facit
1273 1679 1439 1716 rerum,
1461 1661 1540 1733 qui
1565 1675 1660 1708 tum
1684 1673 1776 1706 crat
1801 1659 2011 1707 Gallica·

247 1741 350 1771 rum
375 1726 521 1771 status.
575 1727 678 1773 Nec
698 1726 939 1771 verisimile
963 1725 1274 1772 Blitannicum
1296 1728 1444 1773 multo
1468 1726 1593 1772 luiffe
1615 1724 2007 1795 tranquilliorem:

249 1803 343 1851 qua
363 1789 407 1836 in
434 1789 548 1836 terra
569 1807 762 1854 regnum
786 1792 1251 1853 maximummagnus
1273 1787 1351 1837 ssle
1376 1790 1548 1837 Albion
1577 1789 1782 1851 reliquit,
1810 1801 1857 1834 ut
1880 1785 2008 1834 domi

249 1853 609 1901 latrocinaretur.
676 1855 777 1902 Nos
799 1856 909 1902 vero
931 1855 1007 1901 etsi
1048 1870 1136 1900 non
1172 1850 1369 1901 multum
1402 1855 1459 1900 ab
1480 1870 1637 1900 eorum
1668 1851 1888 1916 opinione
1921 1852 2010 1899 dis-

249 1917 475 1973 cedimus,
499 1918 576 1982 qui
599 1919 843 1966 Albionem
867 1920 924 1965 ab
951 1918 1070 1964 Albo
1092 1919 1260 1965 dinam
1283 1918 1408 1965 fuiss'e
1426 1917 1711 1985 scripserunt,
1733 1917 1797 1964 ita
1817 1932 1910 1963 non
1933 1931 2011 1962 co-

248 1982 414 2039 lorem,
438 1983 511 2028 sed
536 1982 825 2030 altitudinem
851 1982 1074 2029 montium
1099 1984 1379 2030 occasionem
1414 1981 1590 2029 nomini
1612 1981 1893 2044 imponendo
1931 1983 2012 2026 de-

251 2045 360 2093 'diss'e
378 2046 664 2094 arlitramur.
728 2048 820 2111 Q}
845 2063 996 2094 autem
1017 2048 1106 2093 hoc
1129 2063 1293 2094 nomen
1312 2047 1642 2110 imposuerunt,
1666 2058 1777 2108 puto
1802 2044 2013 2092 nonnihil

250 2108 469 2173 impulsos
493 2127 686 2175 compar.
707 2112 831 2159 tione
845 2111 1028 2176 Angliae
1052 2127 1154 2158 cum
1181 2112 1423 2165 Hibernia,
1442 2111 1560 2157 inter
1574 2127 1689 2173 quas
1709 2111 1896 2171 angusto
1915 2124 2016 2155 ma·

253 2174 295 2222 ri
317 2176 570 2238 navigatur.
637 2175 759 2223 Nam
795 2193 898 2224 cum
922 2177 1112 2224 alterum
1144 2176 1252 2223 litus
1280 2189 1425 2223 totum
1456 2175 1502 2222 in
1527 2187 1702 2221 montes
1737 2172 2015 2236 ‘consurgere

252 2240 479 2295 viderent,
504 2242 696 2288 alterum
713 2241 982 2304 depress‘um,
1007 2244 1049 2287 δι’
1066 2240 1240 2287 humile
1262 2240 1308 2287 in
1332 2255 1516 2301 campos
1553 2238 1747 2301 :equales
1773 2237 2013 2298 explicari,

251 2301 382 2350 illam
404 2306 461 2351 ab
483 2304 725 2358 altitudine
750 2305 995 2352 Albionem
1016 2304 1231 2352 dixerunt
1255 2323 1277 2351 ε·
1298 2304 1408 2351 huic
1429 2319 1580 2350 autem
1604 2303 1661 2349 ab
1680 2299 1937 2349 humilitate
1956 2318 2015 2348 an

252 2383 424 2415 nomen
457 2369 644 2432 aliquod
675 2368 901 2425 dederint,
937 2367 1248 2432 longinquitas
1271 2368 1506 2432 temporis,
1528 2373 1567 2413 δι
1592 2365 1844 2413 incolarum
1866 2365 2014 2429 negli-

251 2434 411 2494 gentia
427 2431 473 2480 in
496 2432 715 2489 memoria
737 2450 887 2481 rerum
905 2433 1176 2479 vetullnrum
1201 2433 1435 2495 predenda
1456 2432 1565 2478 fecit
1585 2431 1826 2478 incertum.
1886 2429 2017 2476 Huic

254 2510 474 2559 praeterea
505 2514 618 2544 meze
649 2497 880 2545 sententiae
913 2499 1049 2544 etiam
1072 2498 1186 2544 illud
1212 2497 1441 2561 suffragari
1458 2495 1663 2549 videtur,
1690 2494 1815 2557 quod
1843 2510 2013 2542 nomen

254 2560 374 2623 Ιἰίὶιιᾱ
403 2561 558 2608 insulae
581 2561 639 2609 ab
660 2562 767 2609 albo
790 2563 994 2613 ductum,
1018 2561 1107 2609 five
1139 2562 1329 2617 Albion,
1375 2563 1463 2609 five
1485 2559 1677 2607 Albium
1710 2557 1779 2613 fit,
1799 2557 1950 2604 adhuc
1968 2558 2017 2605 in

251 2624 428 2677 scotia,
452 2627 579 2672 velut
616 2626 757 2673 natali
777 2626 871 2674 solo
893 2626 1187 2690 pertinaciter
1206 2626 1347 2672 haeret
1371 2644 1383 2673 :
1427 2640 1575 2687 neque
1597 2626 1715 2671 inter
1736 2635 1805 2670 tot
1828 2622 2017 2669 mutati-

255 2704 366 2736 ones
388 2690 712 2745 habitatorum,
741 2707 1005 2755 regnorum,
1033 2690 1310 2753 ling-uarum,
1333 2689 1614 2750 aliarumque
1624 2704 1779 2743 rerum
1803 2684 2016 2733 viciffitu-

257 2753 388 2799 dines
412 2755 848 2818 unquam-extirpari
868 2755 1039 2818 potuit.
1099 2755 1223 2802 ‘Haec
1257 2756 1334 2801 etsi
1363 2753 1495 2801 nobis
1532 2764 1611 2799 aut
1641 2769 1763 2803 vera,
1786 2763 1866 2797 aut
1897 2749 2019 2797 veria

253 2817 467 2879 proxima
486 2817 717 2874 videntur,
741 2833 893 2866 tamen
924 2819 956 2868 fi
985 2818 1087 2882 quis
1104 2821 1266 2867 afferet
1287 2818 1477 2866 meliora
1497 2815 1631 2865 facile
1652 2817 1698 2864 in
1721 2815 1817 2875 ejus
1839 2813 2017 2864 senten-

253 2879 368 2928 tiam
388 2883 691 2930 tranfibimus.
1301 2918 1303 2921 ι
1867 2885 1870 2887 ’

319 2946 477 2993 xvn.
511 2948 743 2994 Hactenus
765 2949 822 2995 'de
842 2947 1022 2996 vetustis
1049 2947 1205 2996 insulae
1222 2945 1486 2995 nominibus
1516 2963 1527 2992 :
1554 2943 1821 3009 proximum
1840 2943 1925 2992 effe
1946 2941 2023 2992 vi-

255 3008 407 3065 detur,
434 3024 482 3057 ut
496 3023 719 3059 terrarum
741 3012 873 3061 situm
893 3029 1188 3077 exequamur.
1225 3014 1295 3060 Ac
1320 3012 1390 3073 (3)
1416 3008 1556 3074 Angli
1576 3009 1767 3072 quidem
1785 3005 2021 3056 domestici

252 3072 494 3136 scriptores
516 3074 616 3122 satis
641 3075 820 3132 diserte,
850 3091 988 3140 atque
1009 3076 1234 3141 explicate
1268 3075 1463 3139 fingulas
1486 3075 1695 3137 regiones
1718 3072 2019 3120 tradiderunt.

245 3136 436 3184 :Hector
465 3152 615 3187 autem
652 3140 866 3188 Boethius
899 3141 946 3189 in
970 3142 1135 3189 Scotiae
1165 3139 1466 3203 descriptione
1486 3137 1700 3201 quaedam'
1720 3152 1880 3200 parum
1913 3133 2021 3184 vere

251 3201 479 3263 prodidit,
503 3207 547 3252 &
575 3203 685 3251 alios
706 3204 754 3251 in
776 3222 973 3252 errorem
988 3204 1193 3260 induxit,
1226 3205 1337 3263 dum
1361 3202 1470 3266 ipse,
1493 3201 1661 3264 quibus
1683 3217 1738 3248 ea
1748 3197 2022 3262 'inquirendi

250 3264 389 3311 dedit
408 3267 662 3330 negotium,
700 3268 834 3316 nimis
856 3270 1066 3317 credulus
1098 3285 1258 3316 eorum
1279 3266 1541 3316 sententiam
1567 3279 1736 3314 temere
1763 3262 1973 3326 vulgavit
2000 3279 2020 3312 ε

254 3343 466 3392 nos,quae
476 3344 709 3394 comperta
725 3346 859 3381 erunt
877 3334 1010 3381 nob'is
1035 3333 1212 3388 leviter,
1227 3338 1268 3380 δε
1286 3330 1592 3395 perfunctorie
1608 3328 1903 3392 attingemus:
1918 3342 2023 3389 quae

247 3402 337 3439 aut
356 3394 561 3459 obscure,
585 3406 663 3441 aut
680 3395 829 3445 minus
850 3397 956 3446 vere
968 3397 1158 3464 prodita
1171 3396 1468 3450 videbuntur,
1479 3394 1633 3459 quoad
1648 3390 1902 3458 poterimus
1917 3407 2024 3439 eor-

311 3521 366 3573 (is
399 3523 462 3559 Cr.
482 3523 687 3583 Japidibus.
1218 3525 1285 3580 (3)
1313 3493 1405 3566 MS.
1423 3522 1577 3576 Angliae

309 3574 372 3625 (2)
400 3576 564 3617 Albium
578 3577 655 3617 leil.
