2068 3868
398 110 779 179 -LIBER
884 106 1552 173 UNnEcmus.
1685 120 1867 190 -303

91 215 139 264 in
159 215 239 262 issa
258 212 395 261 etiam
420 212 564 257 aetatis
585 210 849 257 infirmitate
870 208 1192 273 poenitentiam
1225 221 1310 270 pro
1346 201 1612 251 innocentia
1633 204 1754 266 polle
1794 194 1871 251 ae-

93 281 204 343 cipi.
1135 290 1138 291 ⁷

163 343 319 390 XVII.
352 339 459 392 His,
484 343 524 384 &
548 337 768 384 similibus
793 337 1075 384 sermonibus
1099 353 1204 382 cum
1225 331 1438 381 benevoli
1459 330 1602 378 animi
1644 331 1779 377 fidem
1803 330 1873 378 se.

93 406 236 461 efflet,
261 404 592 453 adolescentem
627 401 965 464 Edimburgum
1012 402 1220 463 pellexit,
1248 398 1337 445 una
1378 413 1483 443 cum
1509 395 1692 443 Davide
1737 396 1874 442 fratre

97 473 308 519 omnium
331 469 576 521 dictorum,
620 466 937 527 fastorumque
959 466 1155 512 conscio.
1224 461 1487 510 Comitibus
1521 461 1618 522 ejus
1639 459 1685 505 in
1712 459 1875 507 itinere

96 535 368 582 'nonnullam
396 534 466 593 (1)
492 529 748 593 suspitionis
783 529 997 576 fraudem
1039 529 1289 588 injecerant
1326 527 1494 574 crebrae
1517 525 1575 571 ab
1609 525 1876 572 Alexandro

97 601 294 660 Prorege
340 595 666 648 miffitationes‚
712 600 752 641 δι
794 595 851 639 ad
895 594 1071 656 singula
1110 609 1251 655 prope
1276 603 1510 637 momenta
1529 589 1875 636 intercursantes

95 662 274 717 nuncii,
299 659 601 721 blandiorque
619 656 760 721 quarn
779 675 861 720 pro
884 674 1029 712 more,
1057 663 1096 703 ἅν
1120 658 1238 710 loco,
1264 672 1402 718 quem
1426 654 1609 701 tenebat
1631 654 1875 700 Cancella-

95 727 153 773 rii
173 725 335 781 oratiO.
404 726 650 772 HaeclcUm
670 723 837 769 secreto
861 738 1092 768 murmure
1115 734 1264 767 totum
1289 737 1432 782 prope
1456 735 1622 781 agmen
1644 719 1874 780 streperet,

98 790 405 852 nonnullique
430 788 665 834 Comitem
705 787 893 834 liberius
939 787 1289 839 admonuiss'ent,
1317 796 1365 831 ut
1388 785 1418 830 st
1443 783 1537 847 ipse
1559 783 1606 829 in
1644 783 1877 845 proposito

99 855 330 919 perstaret,
351 855 506 900 saltem
531 852 760 899 Davidem
786 853 969 897 fratrem
993 852 1244 897 remitteret
1269 868 1280 896 ;
1315 865 1428 894 neve
1472 860 1615 894 totam
1653 846 1877 893 familiam

105 919 252 982 (quod
274 925 314 965 Sc
354 930 482 980 pater
506 916 704 963 moriens
726 916 1046 975 admonuerat)
1072 915 1152 961 sub
1177 930 1319 960 unum
1352 913 1546 958 fortunae
1568 912 1709 958 iCtum
1736 911 1878 959 daret.

103 983 296 1031 Incauta
314 996 418 1029 aetas
434 981 593 1028 amicis
614 981 728 1028 irata
750 999 830 1043 per
851 981 1032 1027 vocales
1051 980 1277 1032 homines,
1298 978 1424 1024 velut
1446 976 1678 1037 praeconio
1698 992 1778 1038 per
1809 988 1880 1022 to—

102 1061 203 1094 tum
243 1064 408 1111 agmen
438 1047 582 1101 edito,
607 1046 908 1092 clandestinos
951 1044 1145 1090 susurros
1189 1041 1468 1104 compescuit
1495 1058 1504 1086 ε
1539 1039 1785 1103 amicisque
1808 1057 1880 1085 re-

100 1112 301 1174 spondit,
340 1112 381 1158 se
405 1111 505 1157 satis
531 1111 641 1157 scire
687 1126 956 1174 magnarum
1000 1107 1277 1154 familiarum
1317 1120 1609 1151 communem
1646 1106 1763 1150 hanc
1794 1105 1881 1151 effe

51 1215 58 1217 >
100 1178 287 1238 pestem,
311 1190 359 1222 ut
381 1175 764 1238 semper-habeant
785 1175 992 1220 homines
1011 1171 1103 1218 ocii
1125 1170 1437 1234 impatientes,
1453 1168 1621 1230 quibus
1645 1171 1771 1215 lucro
1797 1169 1881 1216 sint

103 1253 400 1304 patronorum
443 1241 664 1303 pericula,
705 1245 746 1286 ἃς
769 1238 956 1284 miseriae
984 1256 993 1283 :
1029 1252 1124 1291 eos,
1158 1236 1268 1297 quia
1299 1233 1348 1280 in
1371 1250 1482 1295 pace
1507 1234 1663 1295 legum
1686 1233 1881 1279 vinculis

103 1305 487 1369 constringantur,
528 1304 801 1351 seditionum
840 1303 925 1349 effe
963 1304 1186 1354 auctores,
1210 1300 1305 1362 quo
1329 1287 1519 1344 turbatis
1538 1297 1672 1342 rebus
1694 1297 1885 1345 liberius

105 1371 355 1434 graffentur
381 1388 391 1417 :
417 1369 459 1415 se
479 1369 622 1433 magis
664 1368 804 1414 fidere
830 1364 1125 1420 Cancellarii,
1151 1371 1192 1411 δε
1221 1362 1432 1426 Proregis
1455 1361 1661 1424 speetatae
1684 1363 1885 1423 pruden-

109 1434 206 1488 tiae,
225 1449 365 1497 quam
404 1433 717 1481 seditiosorum
740 1431 1004 1485 temeritati,
1029 1437 1070 1477 δε
1094 1427 1317 1476 vecordiae
1354 1427 1555 1473 credere.
1624 1427 1742 1473 Haec
1779 1443 1886 1474 cum

114 1498 309 1554 dixifl‘et,
345 1511 394 1545 ut
425 1498 704 1545 sermonibus
738 1494 1053 1558 hujuscemodi
1075 1494 1355 1540 occasionem
1395 1490 1681 1554 praecideret,
1722 1508 1887 1553 prope-

112 1563 304 1620 rantius,
337 1562 477 1626 quam
500 1579 584 1626 pro
606 1561 769 1609 itinere
791 1578 896 1608 cum
916 1561 1070 1614 fratre,
1091 1565 1131 1606 δε
1154 1557 1309 1621 paucis
1330 1557 1582 1603 amicorum
1604 1555 1890 1619 principibus

108 1629 233 1676 reeta
264 1627 313 1674 in
335 1642 487 1675 arcem
509 1626 663 1690 pergit
689 1643 701 1673 ε
735 1631 784 1676 &
817 1625 1063 1671 velutfato
1082 1623 1287 1669 trahente
1311 1622 1359 1668 in
1388 1619 1572 1667 infidias
1591 1619 1887 1667 inimicorum

108 1691 195 1739 sese
219 1692 491 1753 praecipitat.
559 1692 614 1737 In
653 1689 749 1752 ipso
780 1689 1000 1752 temporis
1039 1687 1234 1733 articulo
1257 1689 1443 1740 Prorex,
1484 1683 1551 1730 uti
1591 1696 1885 1739 convenerat,

114 1755 247 1802 affuit
266 1773 277 1802 :
305 1768 355 1801 ut
376 1755 611 1801 communi
634 1753 847 1801 consensu
870 1771 938 1799 res
960 1765 1187 1816 ageretur,
1212 1769 1325 1798 neve
1348 1751 1395 1797 in
1422 1766 1562 1795 uuum
1585 1760 1722 1795 tantae
1745 1749 1891 1796 moles

110 1819 303 1867 invidiae
343 1819 646 1866 incumberet.
714 1819 972 1881 Duglassius
996 1815 1261 1870 liberaliter,
1304 1822 1343 1862 Sc
1388 1813 1534 1872 amice
1577 1827 1820 1875 accaeptus,
1845 1819 1888 1860 δε

111 1884 276 1932 mensae
298 1883 459 1946 Regiae
480 1883 712 1931 adhibitus
756 1882 859 1929 fuit.
928 1884 1106 1929 Verum
1150 1882 1424 1943 procedente
1455 1877 1687 1932 convivio,
1729 1877 1893 1925 armati

111 1948 337 1997 inermem
360 1949 689 1994 circumsistunt
715 1965 726 1993 :
763 1952 811 1996 ὃς
836 1947 1070 1994 taurinum
1093 1957 1230 2008 caput
1255 1949 1329 2006 (ea
1366 1944 1458 1990 illis
1498 1942 1783 2004 temporibus
1807 1942 1893 1989 tes-

116 2013 211 2060 sera
233 2012 368 2058 caedis
392 2014 506 2072 erat)
528 2013 570 2058 ei
593 2022 848 2074 apponunt.
917 2013 985 2058 Eo
1005 2010 1098 2056 viso
1122 2011 1328 2056 turbatus
1351 2007 1607 2054 adolescens
1629 2023 1733 2053 cum
1756 2024 1895 2053 exur-

113 2094 222 2141 gere
242 2089 499 2131 conaretur,
516 2077 574 2122 ab
596 2075 778 2124 armatis
797 2073 1165 2138 comprehensus,
1181 2074 1278 2120 &in
1298 2088 1449 2120 aream
1472 2071 1564 2119 arci
1585 2071 1894 2134 propinquam

113 2142 305 2189 eductus
357 2157 517 2204 graves
554 2140 900 2203 intemperantis
923 2139 1240 2186 adolescentiae
1263 2154 1422 2201 peenas
1461 2135 1613 2199 capite
1654 2137 1758 2191 luit,
1806 2149 1898 2183 una

116 2223 223 2253 cum
257 2206 440 2252 Davide
469 2205 626 2259 fratre,
647 2210 686 2252 δε
711 2204 1023 2263 Milcolumbo
1048 2202 1292 2258 Flaminio,
1328 2203 1404 2250 cui
1427 2201 1627 2248 maxima
1648 2200 1897 2250 secundum

115 2275 302 2318 tratrem
325 2270 446 2333 apud
469 2286 573 2317 eum
593 2282 688 2317 erat
706 2270 833 2317 fides.
901 2271 1074 2316 Eorum
1094 2266 1210 2314 caedi
1228 2268 1407 2331 Regem
1434 2268 1504 2328 (2)
1519 2267 1614 2326 jam
1639 2265 1925 2312 ‘adolescent'

116 2335 228 2385 tiam
264 2334 510 2398 ingressum
547 2335 843 2396 illacrymasse
878 2333 1047 2387 ferunt,
1082 2332 1372 2384 Cancellario
1397 2331 1597 2394 graviter
1634 2328 1902 2391 increpante

117 2400 216 2461 ¹ejus
237 2399 606 2462 intempestivum
619 2399 668 2446 in
687 2411 833 2445 morte
850 2398 1002 2445 hostili
1023 2399 1200 2451 fletum,
1223 2413 1318 2460 quo
1341 2397 1464 2443 hoste
1485 2395 1592 2442 vivo
1614 2394 1744 2442 nulla
1774 2406 1900 2441 tran-

118 2464 360 2528 quillitatis
381 2463 575 2526 publicae
597 2464 694 2527 spes
713 2462 878 2510 fu‘rffet.

185 2530 367 2576 XVIII.
386 2528 629 2575 Gulielmo
643 2529 733 2575 fine
747 2526 900 2574 liberis
914 2525 1132 2574 defunfto
1148 2525 1346 2572 successit
1360 2525 1497 2588 injus
1527 2521 1807 2578 Comitatus,
1826 2524 1901 2587 (3)

116 2593 335 2655 (feudum
357 2592 500 2647 enim,
527 2605 576 2640 ut
591 2592 706 2654 juris
728 2590 866 2654 periti
879 2593 1150 2653 loquuntur,
1169 2589 1467 2637 masculinum
1480 2591 1595 2649 erat)
1616 2591 1687 2652 (4)
1708 2589 1904 2636 Iacobus

118 2659 299 2714 ,Craffus
315 2674 371 2704 ex
387 2674 434 2704 re
445 2657 818 2718 cognominatus.
875 2658 928 2702 In
944 2657 1021 2721 '(5)
1040 2654 1268 2718 reliquum
1287 2653 1639 2719 patrimonium,
1661 2654 1788 2717 quod
1809 2663 1906 2700 erat

120 2721 395 2770 immensum
429 2722 551 2768 soror
575 2720 708 2778 unica
729 2719 929 2777 Beatrix,
953 2721 1102 2767 forma
1123 2719 1243 2767 inter
1273 2720 1469 2782 aequales
1499 2718 1684 2765 eximia.
1710 2718 1816 2766 Fuit
1829 2717 1906 2763 hie

119 2787 526 2841 IacobusCraffuS,
548 2786 627 2833 etfi
647 2785 718 2834 vir
740 2785 931 2847 minime
953 2785 1117 2839 malus,
1137 2783 1286 2830 nihilo
1308 2783 1478 2839 minus,
1493 2782 1633 2846 quam
1657 2782 1907 2844 superiores

120 2850 290 2900 invisus
310 2850 473 2916 vulgo,
498 2856 540 2900 &
565 2850 686 2916 Regi
707 2849 932 2914 suspecCtus
953 2850 1082 2914 quod
1103 2848 1315 2896 homines
1337 2847 1590 2896 latrociniis
1612 2846 1801 2893 assuetos
1823 2846 1906 2892 sub

178 2979 243 3028 (1)
287 2980 511 3020 Sometimes
540 2980 607 3019 the
658 2983 757 3031 word
788 2980 956 3030 governi‘
970 2993 992 3029 g
1045 2979 1120 3018 had
1133 2978 1293 3017 married
1310 2977 1462 3016 Beati-ix
1476 2977 1654 3022 Sinclare,
1670 2974 1853 3024 daughter
1867 2982 1909 3013 to

67 3035 73 3039 “
119 3036 200 3085 *and
217 3033 282 3071 the
300 3036 400 3071 word
419 3037 600 3083 governed
617 3034 808 3084 exchange
826 3034 937 3081 cases,
953 3046 992 3071 as
1043 3033 1113 3070 'the
1127 3034 1201 3070 ear}
1222 3033 1267 3070 of
1276 3029 1540 3080 Orkney,who
1553 3030 1638 3067 bare
1656 3038 1696 3065 to
1711 3028 1909 3067 himWil·

125 3085 220 3123 Caes.
243 3084 325 3123 Bel,
345 3087 429 3125 eiv.
454 3099 489 3126 1.
507 3102 542 3137 3.
571 3087 630 3124 sex
647 3089 724 3125 dies
743 3088 850 3138 spatii
869 3087 993 3137 postu·
1046 3086 1141 3123 liam
1170 3089 1242 3123 and
1257 3087 1401 3137 James,
1421 3083 1507 3121 who
1531 3081 1621 3120 both
1647 3081 1841 3119 succeeded
1869 3091 1915 3119 to

126 3140 224 3184 tant,
240 3139 297 3176 for
325 3138 482 3187 spatium
501 3140 560 3177 sex
578 3141 736 3178 dierum.
766 3142 892 3178 Plaut.
907 3141 991 3178 Poe·
1047 3137 1090 3176 be
1117 3138 1211 3175 earls
1228 3139 1274 3176 of
1287 3135 1458 3185 Duglass.
1490 3148 1526 3186 3.
1548 3134 1741 3172 Archbald
1772 3135 1846 3172 earl
1865 3133 1915 3173 of

128 3193 212 3230 nul.
234 3199 416 3229 trecentos
435 3202 611 3230 nummos
628 3194 800 3241 praefidii,
819 3194 878 3230 for
894 3201 991 3243 prae-
1046 3192 1216 3239 Murray.
1229 3202 1270 3239 4.
1282 3187 1401 3237 Hugh
1415 3189 1490 3226 earl
1503 3187 1548 3226 of
1555 3189 1740 3237 Ormonrl.
1757 3201 1792 3239 5.
1805 3186 1914 3240 john

127 3245 264 3283 fidium
284 3252 533 3282 trecentorum
552 3257 796 3284 nummorum
814 3258 824 3281 ε
851 3245 888 3283 so
907 3245 996 3282 here
1049 3245 1129 3281 lord
1141 3244 1319 3292 Balveny.
1335 3243 1373 3279 6.
1387 3243 1518 3292 Henry
1532 3240 1658 3292 biffiop
1669 3241 1715 3279 of
1723 3241 1915 3279 Dunkell.

124 3297 341 3348 ‚suspitionis
360 3298 529 3343 fraudem
546 3298 606 3336 for
630 3297 871 3348 suspitionem
891 3298 995 3336 frau-
1049 3309 1089 3344 7.
1109 3297 1273 3344 George,
1292 3294 1381 3333 who
1397 3295 1480 3332 died
1496 3307 1634 3345 young,
1652 3294 1699 3332 of
1709 3295 1762 3333 all
1781 3293 1912 3336 which

128 3352 199 3394 ἆίε.
975 3366 978 3367 ’
1049 3347 1156 3386 there
1172 3360 1248 3386 was
1266 3361 1315 3386 no
1333 3347 1507 3398 posterity
1522 3345 1594 3386 'left
1626 3361 1637 3385 ε
1666 3347 1716 3385 he
1736 3348 1809 3386 had
1836 3344 1914 3386 also

186 3405 253 3457 (2)
285 3413 303 3442 1
317 3415 344 3454 4
355 3415 383 3453 4
398 3417 432 3442 1.
1049 3401 1243 3449 Margaret
1254 3402 1337 3450 lady
1351 3400 1552 3448 Dalkeith‚
1565 3400 1716 3441 Beatrix
1730 3402 1813 3451 lady
1826 3403 1912 3439 Au-

187 3460 253 3510 (3)
281 3458 456 3496 Entailed
476 3469 525 3494 on
544 3455 610 3494 the
630 3455 730 3495 heirs
748 3457 862 3495 male.
973 3467 975 3470 ·
1053 3453 1162 3503 bigne
1178 3455 1220 3493 in
1234 3456 1385 3501 manee,
1402 3457 1473 3492 and
1489 3452 1605 3508 Jonet
1620 3455 1702 3504 lady
1720 3453 1748 3492 F
1752 3453 1912 3505 leming-

189 3513 254 3563 (4)
283 3510 440 3549 Because
458 3509 504 3548 of
527 3509 587 3547 his
605 3511 702 3565 gross
719 3511 914 3560 corpulent
932 3510 997 3547 bo-
1106 3507 1174 3565 (5)
1205 3509 1404 3561 Galleway
1420 3509 1492 3549 and
1510 3504 1749 3550 Ananandale.

129 3567 207 3616 dy:
227 3565 284 3606 see
298 3563 366 3616 the
386 3573 491 3608 notes
509 3576 559 3605 on
577 3564 727 3610 lib-⁷10.
747 3574 828 3617 cap.
849 3574 915 3616 24.
936 3564 1001 3606 He
1572 3575 1578 3578 ’

1812 3595 1917 3663 Du-
