2055 3828
84 122 211 207 246
389 121 749 190 RERUM
837 98 1519 190 Scor-reanum

83 217 227 267 ercitu
246 216 294 267 in
317 218 536 290 Angliam
558 221 730 268 reverso
746 217 1011 265 Gulielmus
1025 216 1283 281 Duglassius
1302 218 1636 276 Gallovidi'am,
1658 225 1728 296 (J)
1752 225 1853 273 Ro..

84 283 235 347 gerius
259 282 418 337 auena
446 280 631 333 Patricii
652 281 885 338 Nithiarn‚
924 283 995 341 (2)
1029 282 1222 341 Ioannes
1255 283 1459 333 Stuartus
1491 284 1700 350 Proregis
1733 290 1855 338 filius

84 344 377 397 Annandia‘in
401 348 545 397 Scotis
568 349 690 394 hoste
709 345 898 409 expulso
919 345 1219 394 restituerunt.

151 412 397 472 XXXVII.
432 413 607 459 Eodem
632 412 726 458 fere
749 422 955 474 tempore
976 411 1168 458 Ioannes
1202 411 1304 459 Rex
1325 412 1602 460 Francorum
1622 412 1672 461 in
1703 414 1855 464 Picto-

82 476 217 525 nibus
233 475 235 477 ’
251 493 419 540 magno
441 474 601 539 praelio
623 476 681 521 ab
705 472 872 539 Anglis
894 475 1038 521 vic‘tus
1061 475 1253 538 capitur.
1320 476 1560 524 Eduardus
1595 494 1700 525 cum
1735 479 1855 527 duo-

83 542 166 588 bus
180 541 386 605 Regibus
407 539 601 602 captivis
623 538 822 587 hiemem
846 551 1002 604 ageret
1021 539 1072 587 in
1090 539 1263 587 summa
1283 538 1402 588 inter
1421 539 1674 591 amicorum
1696 555 1854 606 gratu·

83 604 277 653 lationes
301 603 482 657 laeticia,
509 603 634 651 Scoti
654 603 859 652 animum
883 604 978 665 ejus
1000 604 1150 668 gloria
1170 604 1377 652 satiatum
1398 604 1485 652 rati
1509 604 1605 654 tum
1628 607 1686 654 ad
1711 607 1855 670 aequi-

80 683 220 717 tatem
257 668 434 715 facilius
459 669 578 716 flecti
599 669 746 733 poss‘e,
760 684 866 717 cum
884 686 940 716 eo
963 685 1044 732 per
1064 670 1239 733 legatos
1273 669 1331 716 de
1353 671 1484 734 Rege
1517 669 1596 718 suo
1614 669 1856 719 liberando

79 743 286 798 egerunt.
355 732 568 786 Brussius,
600 746 651 780 ut
679 732 858 786 facilius
881 734 945 781 sui
979 750 1084 781 eum
1106 734 1349 783 convenire
1371 734 1560 798 possent,
1607 735 1851 785 Bervicum

79 801 142 845 est
166 796 314 844 missus
336 815 347 843 ε
383 812 489 843 curn
507 797 564 845 de
585 797 926 846 conditionibus
965 815 1057 846 non
1079 798 1359 855 conveniret,
1394 799 1560 846 iterum
1587 798 1855 847 Londinum

79 865 140 910 est
160 860 372 908 reversus.
411 863 514 909 Nec
532 861 647 910 adeo
668 862 749 909 diu
769 863 864 926 post
884 879 965 926 per
984 863 1160 927 legatos
1178 863 1554 927 Pontificios,qui
1573 864 1628 911 de
1651 879 1762 928 pace
1784 863 1858 911 in-

81 940 148 974 ter
179 925 376 990 Anglos,
413 931 455 976 85
475 927 672 975 Francos
696 926 871 974 summo
907 926 1053 975 studio
1075 927 1290 999 agebant,
1336 944 1442 975 cum
1467 928 1615 975 Scotis
1635 928 1776 975 etiam
1798 930 1859 976 est

81 989 369 1054 transactum,
393 990 613 1054 promissis
638 991 812 1057 Anglo,
839 1002 889 1039 ut
911 990 1047 1039 nostri
1062 989 1281 1048 scribunt,
1300 1003 1504 1048 centurn,
1530 1006 1580 1039 ut
1601 992 1857 1041 Fross‘ardus‘

77 1053 346 1119 quingentis
369 1054 574 1102 millibus
598 1072 850 1104 mercarum
873 1055 1086 1121 Anglicae
1105 1067 1300 1104 moneta:
1326 1075 1337 1103 :
1371 1056 1502 1119 cujus
1525 1056 1732 1120 pecunia:
1754 1073 1858 1120 pars

80 1118 489 1183 repraesentaretur,
530 1121 761 1185 reliquum
785 1138 866 1184 per
888 1121 1122 1184 pensiones
1154 1121 1415 1170 solveretur.
1483 1122 1550 1169 Ea
1571 1120 1744 1169 summa
1764 1137 1860 1186 quo

82 1184 260 1231 facilius
282 1184 598 1242 conficeretur,
624 1185 840 1234 Pontifex
857 1187 1093 1233 Romanus
1111 1184 1467 1235 sacerdotiorum
1485 1185 1684 1233 decimas
1703 1185 1752 1233 in
1769 1197 1861 1234 tres

69 1265 225 1296 ,annos
247 1248 438 1297 donavit
464 1269 475 1296 :
508 1249 702 1298 inducia:
731 1252 904 1299 interea
925 1249 1073 1298 faflae.
1127 1250 1322 1298 Obsides
1343 1250 1441 1298 dati
1464 1250 1727 1299 nobiliflimi
1746 1250 1857 1298 ado-

80 1314 314 1367 lescentes,
337 1313 417 1377 qui
440 1331 558 1378 pene
579 1331 738 1363 omnes
767 1315 816 1362 in
838 1314 1011 1380 Anglia
1040 1316 1160 1379 peste
1181 1314 1471 1363 interierunt.
1536 1314 1690 1363 David
1715 1314 1859 1378 igitur

81 1375 327 1425 undecimo
348 1377 489 1441 quam
509 1394 669 1442 captus
707 1379 853 1447 fuerat
874 1395 995 1427 anno
1021 1381 1212 1427 domum
1237 1378 1454 1435 reversus,
1478 1378 1679 1442 primum
1707 1379 1859 1427 omni-

82 1458 179 1498 um,
202 1441 282 1506 qui
308 1440 430 1506 suga}
454 1444 682 1507 principes
705 1443 730 1492 ἑ
754 1444 1052 1492 Dunelmenfi
1075 1443 1236 1508 praelio
1259 1443 1455 1498 fuerant,
1477 1442 1693 1501 multavit
1716 1462 1731 1492 ε
1773 1443 1858 1492 Pa-

82 1507 219 1554 tricio
252 1506 513 1555 Durnbario
543 1522 716 1572 partem
750 1508 848 1572 agri
880 1508 1060 1556 abstulit
1086 1528 1096 1555 z
1142 1507 1397 1555 Robertum
1433 1509 1667 1555 Stuartum
1699 1507 1858 1556 sororis

82 1571 267 1634 majoris
291 1570 436 1618 filiurn
463 1572 491 1617 ἐι
512 1573 586 1635 spe
608 1571 878 1620 succedendi
896 1572 945 1618 in
970 1588 1164 1636 regnum
1183 1572 1378 1620 removit
1404 1590 1414 1617 :
1449 1583 1586 1634 atque
1608 1571 1655 1619 in
1673 1570 1769 1632 ejus
1788 1572 1856 1619 lo-

83 1651 189 1682 cum
213 1632 435 1682 substituit
461 1638 531 1698 (3)
559 1637 873 1684 Alexandrum
899 1635 1230 1683 Sutherlandiae
1254 1635 1454 1683 Comitis
1486 1635 1630 1683 filium
1653 1636 1678 1684 ὲ
1699 1636 1858 1683 secun-

83 1702 143 1746 da
164 1700 311 1746 sorore
338 1701 548 1764 genitum
591 1721 604 1757 ;
654 1708 694 1748 Sc
729 1700 775 1748 in
810 1701 906 1762 ejus
931 1717 1099 1747 nomen
1137 1714 1343 1762 proceres
1383 1698 1662 1746 sacramento
1683 1699 1856 1764 adegit.

82 1766 238 1828 Hujus
261 1766 557 1813 adolescentis
582 1778 726 1830 pater,
748 1778 797 1812 ut
821 1779 1061 1829 procerum
1084 1765 1340 1812 voluntates
1365 1762 1458 1809 filio
1476 1763 1740 1811 conciliaret
1761 1779 1857 1811 arc-

84 1830 194 1884 tius,
214 1830 395 1887 latos,&
411 1829 660 1878 fructuosos
679 1846 812 1894 agros
835 1828 942 1877 viris
961 1828 1226 1892 potentibus
1248 1827 1454 1876 donavit.
1481 1828 1569 1874 Sed
1595 1828 1861 1875 Alexandro

83 1893 212 1942 brevi
235 1896 331 1958 post
355 1907 537 1942 mortuo
555 1895 710 1942 David
733 1897 916 1942 Stuarto
939 1896 1144 1967 placatus
1166 1894 1244 1947 est,
1269 1896 1317 1944 &
1337 1892 1384 1939 in
1407 1892 1620 1940 ordinum
1645 1892 1861 1955 frequen·

84 1959 122 2005 ti
147 1973 378 2008 conventu
400 1959 499 2006 suus
522 1959 565 2007 ei
589 1960 716 2006 locus
738 1961 798 2006 est
825 1974 1034 2006 omnium
1066 1959 1249 2005 decreto
1272 1956 1512 2004 restitutus.
1581 1957 1670 2004 Sed
1705 1956 1753 2003 id
1776 1956 1862 2004 ali-

84 2036 201 2086 quot
223 2023 352 2072 annis
377 2023 592 2088 posterius
615 2025 673 2070 est
696 2022 882 2070 saetam.

150 2088 424 2137 xxxvln.
467 2087 706 2136 Proximos
749 2088 843 2135 fere
876 2088 1080 2151 quinque
1110 2102 1251 2133 annos
1288 2085 1336 2133 in
1370 2084 1588 2150 pacandis
1625 2083 1861 2133 discordiis

81 2151 300 2200 civilibus
323 2155 425 2201 Rex
447 2152 735 2226 consumpsit.
805 2155 913 2216 Qo
937 2152 983 2198 in
1018 2166 1223 2215 ternpore
1257 2151 1359 2198 duae
1386 2150 1537 2197 clades
1560 2149 1819 2198 inciderunt
1844 2168 1856 2197 :

81 2217 225 2263 altera
246 2217 303 2266 ad
326 2232 496 2282 paucos
527 2230 760 2280 pertinens
781 2233 839 2264 ex
869 2216 1168 2264 inundatione
1190 2221 1430 2278 aquarum.
1496 2215 1706 2262 Tantum
1735 2213 1860 2261 enim

85 2298 142 2344 aq
153 2298 219 2328 uae
241 2282 411 2344 pluvia:
433 2282 491 2329 de
514 2283 635 2329 coelo
657 2281 884 2344 dejestum
927 2281 1004 2336 est,
1030 2293 1076 2328 ut
1100 2279 1394 2334 torrentibus,
1437 2283 1477 2326 δε
1496 2278 1647 2326 fluviis
1670 2294 1752 2342 per
1769 2279 1862 2326 Lo·

81 2346 287 2393 thianam
306 2346 353 2394 in
378 2362 512 2414 agros
534 2346 683 2393 effusis
704 2363 795 2393 non
817 2358 978 2409 pontes
998 2344 1155 2399 modo,
1178 2349 1217 2391 δι
1242 2344 1386 2391 molas
1403 2343 1629 2405 aquarias,
1654 2343 1726 2389 sed
1747 2344 1862 2406 plae-

82 2410 241 2474 rasque
262 2411 444 2458 rusticas
467 2411 628 2458 domos
670 2426 774 2458 cum
798 2425 983 2474 pecore,
1025 2413 1071 2460 δε
1102 2407 1300 2456 dominis
1321 2407 1390 2455 vis
1412 2422 1633 2471 aquarum
1655 2406 1703 2454 in
1737 2422 1862 2454 mare

82 2474 317 2530 detulerit,
358 2475 540 2522 arbores
561 2474 777 2522 radicitus
800 2473 1029 2530 evulserit,
1055 2473 1227 2538 oppida
1247 2487 1433 2537 quoque
1455 2487 1599 2536 prope
1619 2470 1861 2518 fluminum

84 2539 209 2602 ripas
231 2556 348 2602 pene
387 2539 566 2587 delerit.
635 2541 775 2587 Hanc
795 2538 1102 2594 calamitatem
1126 2538 1275 2585 secuta
1295 2536 1429 2601 pestis
1463 2539 1633 2584 multos
1654 2534 1863 2583 omnium

80 2601 317 2657 ordinum,
333 2617 471 2666 atque
493 2616 676 2650 aetatum
697 2603 985 2666 consumpsit.
1018 2601 1328 2652 Pacatioribus
1344 2601 1440 2662 jam
1459 2601 1593 2662 rebus
1614 2615 1735 2647 anno
1753 2599 1860 2646 mil-

82 2667 242 2714 lesuno
264 2668 578 2715 trecentesimo
600 2667 872 2733 sexagesimo
895 2667 1029 2715 tertio
1050 2667 1099 2713 in
1113 2678 1342 2714 conventu
1363 2663 1576 2712 ordinum
1599 2666 1697 2712 Rex
1715 2665 1784 2728 (4)
1801 2664 1862 2711 ad

83 2731 316 2794 apolectos
338 2732 512 2787 retulit,
542 2731 601 2779 de
627 2733 785 2795 Anglo
815 2744 893 2778 aut
913 2732 1008 2794 ejus
1032 2730 1142 2785 filio,
1175 2730 1205 2776 fi
1228 2728 1342 2793 quid
1364 2729 1445 2776 fibi
1467 2729 1730 2777 humanitus
1753 2743 1860 2775 eve·
1879 2728 1887 2734 ’

82 2797 230 2851 nisset,
255 2798 313 2844 ad
334 2787 536 2861 regnum'
555 2789 830 2858 capiendum
858 2795 905 2842 in
930 2795 1129 2842 Scotiam
1152 2793 1434 2843 accersendo.
1504 2794 1576 2849 Id,
1603 2794 1692 2840 five
1720 2791 1860 2840 taedio

84 2860 313 2918 b‘ellorulm
338 2860 568 2923 utriusque
592 2859 741 2924 gentis
764 2858 1019 2906 commodis
1044 2857 1338 2922 prospiciens,
1372 2857 1460 2904 five
1497 2857 1642 2921 (quod
1672 2855 1751 2903 alii
1808 2872 1860 2902 u·

86 2928 205 2985 tant)
230 2926 290 2974 ab
311 2925 472 2990 Anglo
499 2923 651 2984 jurare
672 2925 852 2970 coastus
887 2921 1064 2978 fecerit,
1102 2921 1250 2968 oratio
1274 2921 1371 2982 ejus
1397 2920 1486 2968 fuit
1507 2922 1623 2968 adeo
1643 2873 1858 2973 omnibus
1931 2971 1941 2982 ⁶

86 2988 284 3053 ingrata,
303 2989 548 3043 &molesta‚
567 3001 617 3034 ut
638 3003 728 3035 non
747 2993 986 3051 expectato
1007 2986 1117 3034 dum
1141 2985 1553 3041 ordine'sententiae
1575 2997 1862 3051 rogarentur,

87 3070 244 3100 omnes
266 3054 465 3101 clamore
487 3052 674 3100 confuso
695 3069 855 3099 vocem
878 3050 1249 3098 abominarentur
1277 3068 1288 3096 :
1325 3065 1379 3098 ac
1402 3049 1518 3096 nihil
1540 3049 1727 3114 propius
1751 3047 1858 3103 suit,

87 3116 227 3179 quarn
248 3132 297 3165 ut
315 3118 396 3181 qui
417 3116 652 3165 liberrime
675 3115 912 3164 vociferati
937 3115 1117 3163 fuerant
1136 3113 1251 3161 iram
1272 3113 1369 3176 ejus
1394 3127 1647 3161 metuentes
1669 3111 1859 3160 defecti-

80 3196 226 3238 ,onem
249 3180 663 3245 circumspicerent.
743 3182 957 3246 Qiorum
980 3178 1059 3228 ubi
1082 3178 1290 3226 timorem
1316 3177 1511 3236 rescivit,
1533 3178 1712 3226 remissa
1730 3176 1796 3224 ira
1816 3192 1866 3224 e·
1908 3211 1915 3221 ι
1977 3188 1994 3210 ‘v

143 3297 210 3351 (ι)
245 3301 371 3348 Roger
403 3300 656 3351 Kirkpatrick
690 3300 735 3339 of
763 3299 950 3350 Thortor-
1003 3297 1048 3337 of
1061 3297 1234 3344 Carrick,
1253 3298 1364 3335 eldest
1385 3297 1446 3335 son
1464 3305 1504 3336 to
1521 3278 1864 3354 &pantanu-by
1975 3279 1997 3333 ,¹

87 3354 184 3391 wald
206 3367 215 3389 ι
245 3353 342 3390 from
378 3353 438 3391 his
473 3354 658 3404 posterity,
690 3354 735 3404 by
755 3353 951 3401 marriage,
1005 3350 1204 3391 Elizabeth
1217 3351 1343 3402 Mqor,
1359 3363 1439 3400 cap.
1457 3362 1526 3399 4²·
1545 3350 1756 3388 afterwards
1768 3347 1864 3396 king
1890 3341 1919 3358 ²

87 3405 165 3444 this
195 3407 304 3444 estate
332 3405 398 3442 fell
416 3415 455 3443 to
486 3405 551 3443 the
577 3406 768 3456 Carliles3
806 3407 878 3444 and
907 3406 953 3454 by
997 3404 1152 3444 'Robert
1172 3403 1238 3442 the
1256 3402 1371 3448 third,
1401 3402 1469 3442 lib'.
1493 3415 1555 3449 ιο.
1583 3415 1665 3452 cap.
1696 3412 1731 3440 1.
1887 3418 1903 3438 ι-
1943 3411 1948 3415 ’
1976 3401 1994 3438 ,’.

87 3459 155 3497 the
173 3458 271 3496 same
306 3469 388 3506 way
406 3458 446 3496 in
463 3458 530 3497 the
563 3459 629 3498 last
645 3468 798 3509 century
814 3467 855 3497 to
887 3457 953 3497 the
1058 3455 1124 3508 (3)
1151 3454 1291 3494 others
1309 3456 1383 3494 cau
1408 3454 1491 3494 him
1508 3455 1626 3509 John.
1962 3455 1978 3464 ”

89 3511 297 3559 Duglafl‘es.
1057 3510 1122 3562 (4)
1151 3507 1393 3560 Propounded
1413 3517 1454 3548 to
1481 3508 1546 3552 the
1562 3509 1660 3551 lntds
1669 3504 1787 3549 οἱὼς
1805 3517 1878 3544 ιε’-ι
1959 3504 1969 3520 ¹

144 3564 210 3616 (2)
235 3563 367 3604 Called
386 3563 487 3615 John
511 3565 669 3607 stewart
685 3566 731 3608 of
747 3565 864 3619 Kyle,
877 3565 956 3608 eat}
1005 3562 1113 3609 tiela
1129 3561 1171 3606 in
1187 3561 1424 3618 panianum.
1961 3588 1991 3616 4
