2055 3828
189 121 328 189 204
499 102 860 170 Renum
950 100 1635 177 Sem-minum

190 219 269 252 em
287 201 431 249 adeffe
445 200 604 263 juffam
623 202 767 249 secum
791 198 1078 262 imAngtiam
1097 199 1230 246 duxit
1254 219 1266 248 :
1300 213 1421 248 ratus
1445 203 1517 264 (ι)
1540 204 1602 251 est
1620 220 1809 269 corpora
1825 194 1953 257 iabu-
2027 247 2030 253 .

197 267 325 314 ribus
346 265 516 330 agitata
538 265 782 312 salubriora
803 260 918 316 fore,
941 266 991 312 &
1013 279 1095 324 per
1114 263 1314 312 hiemem
1343 265 1391 312 in
1420 265 1592 313 hostico
1614 267 1809 318 vivendo
1830 287 1959 319 com·
2024 295 2028 305 ·

198 329 426 378 meatibus
447 327 698 377 domesticis
714 325 855 389 parci,
870 328 919 376 &
942 325 1135 374 militem
1154 328 1362 376 omnium
1383 344 1531 377 rerum
1550 331 1735 394 inopem
1757 334 1963 398 aliquem.

199 391 315 442 beni
332 393 527 441 fruc'tum
542 408 598 437 ex
619 392 839 454 opulenta
858 389 1062 453 regione,
1088 396 1126 438 δι
1148 391 1363 450 diuturna
1379 409 1489 455 pace
1511 395 1697 444 florente
1714 396 1959 447 sensurum.

197 456 276 508 Ib'r
298 458 478 506 nemine
498 453 716 516 congredi
734 454 839 501 auso
854 453 882 501 a
900 454 1116 502 Calendis
1134 456 1477 504 Novembribus
1500 458 1637 522 usque
1656 461 1710 507 ad
1735 460 1967 511 Calendas»

195 522 483 574 Februarias,
516 534 619 566 cum
654 517 754 565 suos
775 521 824 568 8:
858 517 1053 566 hostium
1076 519 1297 568 sruCtibus
1320 520 1554 577 refecisset,
1576 527 1626 575 Bc
1648 524 1801 588 spoliis
1825 525 1960 572 ditas-

198 585 281 641 set,
305 597 431 649 parta
451 581 629 646 ingenti
655 581 804 646 gloria
823 582 1011 632 domum
1033 583 1185 632 rediit.
1253 585 1373 633 Haec
1394 585 1627 648 expeditio
1651 601 1699 635 ut
1720 589 1869 636 Vanae
1891 588 1961 636 fa-

197 667 340 703 mam,
367 655 407 694 &
425 647 738 694 austeritatem
762 646 888 695 auxit'
908 647 965 694 ad
985 649 1229 721 populum,
1245 647 1310 696 ita
1332 647 1608 697 nobiliorum
1630 650 1851 701 invidiam
1872 653 1962 702 mi·

197 731 299 760 rum
322 714 367 759 in
393 713 580 760 modum
600 711 807 759 adversus
829 728 933 759 eum
958 715 1028 775 (z)
1051 713 1265 759 intendit.
1297 712 1406 777 Ejus
1429 714 1551 763 enim
1568 705 1726 763 laudes
1756 716 1862 779 ipfis
1878 734 1960 764 ex-

194 778 412 841 probrare
436 776 714 824 videbantur
735 777 808 823 vel
842 776 1073 839 ignaviam
1107 777 1138 823 fi
1173 793 1262 824 non
1287 779 1522 836 auderent,
1556 779 1631 826 vel
1668 779 1902 843 perfidiam
1926 782 1964 830 ss

195 842 374 888 nollent
396 839 481 888 viri
503 841 676 889 summa
696 840 954 894 nobilitate,
980 845 1024 889 &
1046 840 1211 903 opibus
1233 853 1470 899 attentare,
1501 844 1627 907 quod
1650 844 1790 893 homo
1812 843 1961 894 tenuis

159 908 168 916 ’
194 905 409 952 omnibus
443 902 638 953 fortuna:
661 904 876 967 praesrdiis
906 903 1148 953 destitutus
1181 920 1272 952 non
1296 907 1442 970 magis
1478 906 1658 955 sortiter
1689 908 1960 972 suscaeperit,

192 969 337 1032 quarn
357 968 566 1034 gnaviter
585 968 841 1032 perfecerit.
909 969 1089 1032 Anglus
1113 984 1300 1032 quoque
1321 986 1414 1017 rem
1454 969 1539 1017 esse
1572 984 1693 1019 ratus
1720 974 1959 1034 majorem,

193 1032 336 1098 quam
356 1047 407 1081 ut
422 1050 476 1081 ea
496 1050 576 1098 per
597 1033 832 1096 praefectos
851 1033 1042 1097 defungi
1058 1034 1213 1096 poss‘et,
1233 1034 1326 1097 ipse
1350 1034 1482 1081 rebus
1500 1051 1583 1107 pro
1605 1046 1811 1099 tempore
1832 1054 1963 1088 com-

193 1098 352 1160 positis
396 1099 444 1145 in
467 1098 627 1146 Gallia
657 1099 846 1149 domurn
871 1097 1007 1145 rediit
1032 1116 1045 1145 x
1079 1103 1118 1144 &
1143 1098 1345 1145 maximo
1372 1113 1594 1154 exercitu,
1628 1100 1701 1147 sed
1722 1101 1964 1164 repentino

193 1162 374 1220 delectu
398 1167 524 1227 (nam
545 1173 782 1210 veteranos
801 1163 825 1212 ὁ
847 1161 1150 1209 transmarinis
1170 1162 1414 1225 provinciis
1433 1179 1524 1210 non
1547 1164 1759 1225 deduxit)
1784 1171 1823 1212 δι
1847 1167 1871 1214 ὲ
1891 1178 1960 1227 ty·

194 1227 383 1276 ronibus
405 1228 498 1276 fere
519 1224 717 1277 conflato
740 1226 938 1274 Scotiarn
964 1225 1110 1274 versus
1133 1226 1285 1291 pergit
1307 1242 1412 1277 curn
1435 1229 1662 1275 latronum
1686 1227 1959 1293 incomposi-

193 1304 399 1339 tamanu
419 1308 513 1340 rem
536 1292 620 1339 fibi
642 1292 838 1338 futuram
862 1305 998 1338 ratus.
1055 1292 1229 1338 Verum
1253 1307 1357 1339 cum
1383 1292 1430 1338 in
1455 1292 1740 1342 Stamrnoriae
1761 1293 1960 1358 planicie

193 1356 439 1420 quingenti
462 1357 555 1404 fere
578 1358 721 1419 passus
753 1356 872 1402 inter
894 1357 1010 1403 acies
1040 1354 1272 1402 instructas
1292 1357 1564 1410 interessent,
1585 1358 1828 1421 conspeflo
1846 1357 1960 1406 Val-

192 1420 251 1467 lae
274 1420 473 1469 exercitu
494 1420 799 1483 disciplinam,
820 1420 1047 1473 ordinem,
1081 1426 1121 1466 ει
1145 1420 1470 1468 confidentiam
1493 1420 1689 1469 hostiurn
1710 1420 1963 1471 admiratus

192 1485 403 1532 adversus
432 1497 697 1533 veteranum
717 1485 902 1539 ducem,
925 1490 964 1531 δι
988 1482 1179 1530 militem
1202 1484 1417 1532 omnibus
1441 1484 1572 1532 malis
1594 1483 1857 1532 induratum
1879 1486 1964 1535 etse
2033 1487 2035 1489 ’

192 1549 343 1596 multo
365 1549 555 1612 majores
573 1548 726 1610 copias
745 1548 836 1610 ipse
855 1549 1058 1602 haberet,
1081 1560 1232 1595 tamen
1252 1564 1340 1595 non
1356 1547 1484 1596 ausus
1505 1548 1700 1597 fortunae
1718 1566 1813 1597 rem
1831 1565 1958 1597 com·

193 1613 377 1661 mittere
399 1614 618 1660 conversis
642 1612 777 1676 signis
815 1613 970 1658 sensim
993 1612 1187 1674 gradum
1208 1611 1378 1658 retulit.
1447 1613 1604 1660 Vallas
1625 1629 1811 1677 quoque
1833 1626 1959 1662 metu

187 1671 454 1723 insidiarum
479 1677 722 1723 abeuntem
742 1675 864 1739 sequi
887 1691 976 1722 non
1000 1675 1126 1722 ausus
1150 1676 1248 1722 suos
1271 1675 1318 1721 in
1340 1675 1437 1723 acie
1455 1677 1698 1723 continuit.
1737 1726 1739 1730 ,

260 1742 414 1789 XXII.
429 1742 533 1788 Hac
546 1741 734 1788 vistoria
751 1741 807 1785 de
827 1739 1129 1802 potentiffimo
1139 1740 1269 1803 Rege
1281 1741 1372 1788 sine
1390 1739 1607 1804 sanguine
1623 1741 1764 1789 relata
1781 1740 1963 1791 inimici-

193 1807 343 1853 multo
365 1805 510 1853 acrius
532 1821 638 1853 eum
661 1805 807 1852 adorti
828 1817 1043 1851 curarunt
1064 1820 1268 1852 rumores
1287 1804 1638 1852 disseminandos
1660 1805 1844 1854 Vallam
1861 1805 1960 1868 Jam

193 1883 349 1934 aperte
367 1870 652 1933 tyrannidem
677 1870 900 1918 affeftare.
950 1869 1004 1915 ld
1028 1885 1134 1917 vero
1155 1868 1431 1932 primoribus
1452 1868 1696 1934 indignum
1718 1868 1880 1924 videri,
1904 1887 1958 1920 ac

192 1934 426 2000 praecipu'c
441 1934 606 1982 Brussio
621 1939 659 1980 &
676 1935 746 1997 (3)
762 1933 992 1981 Cuminiis
1008 1933 1165 1997 Regiae
1180 1932 1324 1996 stirpis
1336 1933 1615 1981 homiuibus.
1637 1934 1761 1981 Nam
1779 1935 1808 1981 fi
1823 1933 1958 1983 servi-

191 1998 365 2058 endum
382 1999 807 2054 effet,honessiorem
827 1997 907 2044 sub
921 1999 1051 2061 Rege
1069 1996 1638 2061 maximo,&potentiffimo
1656 1998 1751 2045 sore
1771 1998 1957 2047 servitu·

192 2072 315 2117 tem,
331 2063 471 2126 quam
490 2063 570 2111 sub
593 2063 777 2109 homine
791 2078 928 2118 novo,
948 2063 1075 2124 cujus
1099 2062 1358 2110 dominatus
1381 2078 1469 2109 non
1495 2062 1645 2109 minus
1664 2061 1959 2126 ipsis·turpis,

191 2126 336 2191 quam
360 2128 631 2190 periculosus
653 2128 758 2175 esset
780 2126 973 2173 futurus.
1036 2128 1198 2190 ltaque
1232 2127 1428 2173 statuunt
1450 2126 1575 2173 omni
1611 2127 1785 2174 ratione
1807 2128 1958 2176 Valla

194 2192 510 2241 auctoritatem
533 2192 816 2240 labefactare.
862 2191 957 2240 Hic
979 2190 1234 2238 animorum
1258 2190 1438 2237 habitus
1461 2207 1565 2237 cum
1581 2192 1845 2239 Eduardum
1863 2208 1957 2241 non

192 2255 371 2311 lateret,
394 2271 565 2320 magno
597 2272 653 2304 ex
677 2254 860 2319 Anglis‚
891 2258 940 2304 δι
965 2255 1130 2309 Scotis,
1154 2255 1234 2318 qui
1256 2253 1302 2301 in
1326 2256 1413 2302 fide
1436 2254 1477 2302 ei
1496 2256 1601 2302 data
1622 2255 1958 2318 permanserant

192 2334 459 2383 comparato
491 2320 690 2368 exercitu
731 2321 876 2366 aestate
910 2317 1117 2382 proxima
1140 2320 1195 2365 ad
1219 2320 1411 2367 Varium
1439 2320 1650 2366 sacellum
1671 2318 1830 2368 venit:
1874 2336 1958 2384 qux
2033 2372 2037 2377 ¹

191 2383 322 2430 vicus
344 2384 389 2432 in
405 2386 510 2446 ipsis
522 2386 633 2432 valli
648 2383 802 2432 Severi
821 2383 1019 2447 vestigiis
1041 2384 1100 2430 est
1118 2384 1414 2431 inaedificatus
1437 2384 1575 2447 paulo
1592 2384 1696 2447 plus
1717 2384 1790 2431 sex
1812 2383 1959 2432 millia

191 2449 395 2512 paffuum
420 2448 449 2495 a
468 2443 667 2496 Sterlino
687 2448 834 2496 distat.
865 2448 969 2495 Nec
991 2449 1147 2510 procul
1170 2447 1279 2497 inde
1298 2448 1536 2495 Scotorum
1556 2447 1777 2495 exercitus
1801 2447 1964 2495 conse·
2023 2496 2025 2499 ,

193 2511 285 2565 dit,
305 2512 405 2560 satis
423 2513 610 2577 quidem
632 2512 810 2559 validus
834 2516 982 2574 (erant
999 2511 1121 2559 enim
1145 2513 1201 2559 ad
1225 2512 1415 2576 triginta
1433 2512 1597 2571 millia)
1623 2513 1652 2558 si
1677 2511 1814 2560 duces
1837 2511 1957 2560 inter

194 2576 240 2622 se
256 2581 502 2626 concordes
518 2577 710 2625 fuissent.
731 2577 886 2624 Duces
903 2589 1053 2623 autem
1067 2590 1194 2623 erant
1216 2580 1285 2640 (45
1300 2578 1490 2624 loannes
1510 2576 1773 2632 Cuminius,
1791 2577 1861 2642 (5)
1878 2578 1960 2624 Io-

195 2655 335 2688 annes
358 2641 585 2696 Stuartus,
604 2647 643 2688 &
664 2641 929 2688 Gulielmus
947 2641 991 2685 V
996 2641 1105 2687 allas
1122 2659 1133 2686 ε
1158 2641 1330 2703 priores
1344 2656 1510 2706 genere
1528 2646 1568 2688 &
1590 2640 1772 2704 opibus,
1785 2641 1957 2715 postre-

195 2720 297 2752 mus
309 2720 460 2753 rerum
473 2707 693 2769 gestarum
704 2705 853 2768 gloria
867 2704 1005 2769 longe
1017 2707 1256 2752 Scotorum
1273 2704 1617 2752 florentissimus.
1642 2705 1765 2752 Cum
1782 2721 1830 2752 in
1848 2722 1958 2769 pro-

196 2769 348 2816 cinctu
365 2770 458 2831 jam
489 2770 651 2816 starent
673 2783 761 2817 tres
783 2770 905 2815 acies
928 2769 1099 2815 acceffit
1121 2768 1176 2814 ad
1212 2767 1443 2831 pristinam
1464 2767 1685 2816 invidiam
1707 2785 1827 2817 nova
1845 2785 1958 2817 con-

195 2831 361 2887 tentio,
394 2832 498 2897 quis
518 2833 712 2895 primam
735 2832 879 2880 aciem
903 2833 947 2878 in
971 2833 1140 2879 hostem
1163 2832 1365 2882 duceret.
1435 2833 1502 2880 Ac
1526 2832 1709 2880 nemine
1729 2832 1859 2880 alteri
1880 2848 1959 2881 ce·

197 2897 335 2944 dente
351 2895 693 2944 contentionem
711 2896 854 2960 Angli
875 2896 1170 2950 diremerunt,
1194 2895 1276 2959 qui
1295 2894 1494 2943 instructi
1527 2895 1605 2942 sub
1627 2895 1763 2961 signis
1785 2912 1960 2962 magno

198 2961 345 3022 gradu
365 2961 424 3008 ad
444 2977 521 3008 eos
542 2960 862 3007 adventabant.
887 2959 1129 3009 Cuminius
1151 2975 1243 3007 non
1265 2972 1436 3006 tentata
1456 2975 1612 3024 pugna
1632 2977 1736 3008 curn
1758 2960 1845 3008 suis
1866 2960 1961 3009 dis..

200 3024 333 3072 cessit.
386 3026 590 3074 Stuartus
613 3024 643 3075 ὲ
661 3024 836 3080 fronte,
851 3023 879 3070 a
897 3037 1023 3089 tergo
1045 3023 1378 3073 circumventus
1400 3039 1505 3073 cum
1526 3024 1737 3072 omnibus
1759 3041 1865 3073 eum
1887 3025 1962 3086 see
2009 3071 2016 3077 .

254 3176 319 3224 (ι)
345 3177 410 3214 Cr.
430 3176 593 3216 Scilicet.
612 3176 834 3222 MS..rntus‚
852 3178 994 3213 &—-
1161 3175 1222 3224 (4)
1241 3175 1342 3228 John
1359 3176 1520 3216 Cumine
1537 3176 1583 3214 of
1592 3170 1963 3224 eumbernald‚wh5

252 3230 318 3280 (2)
347 3235 412 3267 An
431 3231 595 3268 incendit
613 3231 629 3267 ?
656 3231 721 3267 Cr.
1103 3229 1141 3267 it.
1173 3231 1286 3267 seems
1302 3242 1377 3268 was
1398 3231 1476 3268 lord
1494 3231 1539 3268 os
1558 3231 1768 3279 Galloway,
1798 3231 1836 3268 in
1854 3229 1956 3280 right

256 3282 403 3333 (3)Ἠε
433 3283 609 3322 meaneth
640 3283 724 3320 Red
743 3281 845 3334 John
873 3282 1050 3330 Cumine,
1104 3284 1150 3321 os
1164 3283 1223 3320 his
1241 3282 1341 3328 wife,
1370 3282 1464 3321 after
1481 3282 1633 3321 Baliol's
1650 3283 1895 3331 degradation.

200 3337 286 3375 lure
303 3334 349 3372 of·
366 3335 629 3381 Curnbernaid,
650 3335 820 3383 begotten
847 3349 945 3386 upon
963 3335 1052 3373 Ma·
1161 3335 1228 3388 (ς)
1255 3336 1394 3374 others
1411 3335 1530 3375 think
1553 3336 1585 3373 it
1611 3336 1642 3373 is
1658 3337 1751 3380 most
1766 3336 1964 3387 probable,.

202 3399 258 3434 tv,
278 3388 404 3426 second
424 3388 602 3437 daughter
619 3387 665 3425 of
676 3389 792 3425 Allan
811 3389 889 3426 iord
902 3389 949 3426 of
957 3389 1052 3428 Gai·
1107 3389 1190 3427 that
1209 3388 1272 3426 his
1293 3400 1402 3427 name
1419 3399 1495 3427 wa·
1507 3389 1636 3478 gamen
1652 3389 1821 3435 stewart,
1839 3389 1895 3427 for
1913 3387 1959 3428 so'

201 3441 222 3480 1³
245 3453 324 3491 way
342 3452 356 3487 3
382 3439 506 3478 others
521 3440 593 3492 say,
617 3440 679 3480 nie.
695 3453 769 3480 was
784 3441 884 3482 fistae
895 3448 936 3481 to
957 3440 1056 3493 king
1107 3441 1171 3478 the
1181 3450 1283 3491 great
1294 3440 1500 3480 stewartius
1533 3441 1784 3487 conand‚1ord
1796 3441 1958 3481 omem

205 3493 306 3547 John
325 3490 460 3533 Baliol.
686 3544 690 3550 Ι
1107 3494 1213 3542 stew,
1232 3497 1401 3534 &awa
1410 3495 1599 3535 umectat
1615 3494 1699 3535 that
1714 3494 1821 3534 time.

1841 3602 1973 3679 cutis-
