2106 3838
218 139 302 223 38
567 143 932 208 RERUM
1022 125 1715 206 SCOTI'CArRUM

211 240 302 289 lios
324 239 549 288 institutos
573 252 776 287 mortuus
805 236 955 300 potuit
974 235 1238 299 intelligere
1255 238 1458 285 carmina
1478 239 1557 286 diu
1582 240 1678 301 post
1700 239 1991 296 'Horatiana

211 319 264 352 ut
280 304 499 352 orationis
517 317 645 351 tenor
666 304 854 355 indicat,
881 300 999 345 facta
1035 304 1052 346 ἰ
1121 302 1238 347 Item
1273 304 1508 364 quomodo
1546 307 1616 364 (ι)
1655 303 1796 351 Bruti.
1821 308 1995 367 posteri

208 367 426 417 sermonis
449 368 602 416 Latini
622 369 684 414 ita
704 367 801 412 sunt
826 363 1005 427 penitus
1029 364 1182 418 obliti,
1220 377 1269 410 ut
1291 382 1346 411 ne
1369 378 1504 414 tenue
1526 367 1716 430 quidem
1739 370 1978 431 vestigium

208 434 309 496 ejus
335 435 457 495 apud
475 450 551 479 eos
574 433 833 478 remaneat?
869 433 925 477 &¹
942 428 1062 474 unde
1086 445 1207 481 eum,
1228 445 1322 490 quo
1346 446 1466 476 nunc
1484 444 1688 491 utuntur,
1710 434 1809 479 sunt
1821 434 1980 480 maai?

214 498 371 545 Auefi
395 494 657 544 Britannice
681 502 719 541 δι
756 492 854 546 Dii,
885 496 934 540 &
963 492 1172 538 homines
1196 505 1293 538 tum
1318 492 1364 538 in
1402 494 1535 541 Italia
1556 495 1655 542 sunt
1681 496 1843 550 locuti,
1863 510 1987 544 certe

209 579 303 609 non
325 562 432 615 hoc,
451 577 546 623 quo
565 575 685 606 nunc
705 556 933 604 Brittones
957 566 1145 603 utuntur
1165 573 1175 601 z
1212 556 1385 619 qnippe
1409 557 1490 619 qui
1510 574 1567 603 ex
1589 559 1841 607 vicinarum
1864 577 1981 623 gen-

205 627 322 673 tium
342 624 510 688 linguis
527 624 589 671 ita
614 623 664 668 fit
681 619 1110 675 conferruminatus‚
1137 634 1185 667 ut
1208 624 1364 667 multae
1384 621 1589 668 nationes
1608 622 1656 670 in
1675 640 1730 670 eo
1743 624 1818 670 sua
1838 639 1977 671 voca-

206 691 315 738 bula
336 689 590 752 agnoscant.
659 686 737 734 Sin
761 698 932 732 veteres
953 684 1059 731 illos
1082 685 1272 732 Latinos
1295 687 1474 732 locutos
1507 687 1731 734 affirment
1754 689 1982 736 Britanni-

206 756 278 809 ce,
305 755 425 799 unde
449 750 703 798 Monachus
727 749 807 795 ille
841 762 933 796 tam
955 763 1152 796 veterem
1184 749 1429 796 difflonem
1457 749 1525 796 bis
1551 750 1679 797 mille
1710 767 1849 797 annos
1872 765 1982 799 ante

207 820 360 865 datam
383 814 607 862 intellexit
628 817 645 859 ?
679 814 768 860 Sed
792 810 906 876 quid
928 813 1007 859 ista
1027 813 1247 861 minutius
1269 813 1580 876 persequimur
1600 818 1616 862 ἓ
1641 817 1746 864 cum
1770 816 1980 878 pluribus

203 882 302 931 aliis
324 879 602 942 argumentis
625 893 840 941 appareat
861 878 1059 924 eundem
1084 879 1369 923 Monachum
1405 885 1443 924 δι
1484 879 1716 927 historiam
1737 894 1879 926 totam
1904 880 1977 927 fa-

200 946 403 998 bricaffe,
426 957 470 990 <st
488 946 675 991 Brutum
699 941 831 988 istum
849 941 929 1004 qui
949 959 1040 988 nun
1081 957 1185 987 uam
1203 941 1291 987 fuit
1309 942 1526 1003 genuisse,
1548 948 1587 990 &
1613 944 1870 1006 responsum
1888 944 1987 991 Di-

201 1026 299 1056 anae
316 1006 590 1056 confinxisse.
643 1007 771 1069 Qin
793 1022 974 1053 carmen
992 959 1140 1068 ipsum
1160 1021 1464 1068 apponemus»,
1489 1019 1539 1053 ut
1559 1009 1678 1054 male
1701 1008 1975 1056 callidorum

203 1073 443 1121 hominum
461 1072 503 1120 se
523 1071 701 1118 facilius
724 1072 886 1133 prodat
909 1071 1100 1118 vanitas.

624 1161 988 1209 BRUTUS
1056 1162 1560 1210 CONSULIT.

458 1237 583 1286 Diva
585 1247 763 1348 (Potens
786 1252 1023 1283 nemorum
1057 1249 1200 1283 terror
1222 1236 1487 1283 silvestribus
1511 1236 1650 1302 apris,

631 1300 675 1347 ui
696 1301 804 1347 licet
825 1301 1049 1348 anfraftus
1073 1300 1136 1348 ire
1159 1319 1239 1364 per
1273 1302 1508 1356 aetliereos,

456 1364 747 1429 Infernasque
770 1367 948 1420 domos,
975 1364 1191 1412 terrestria
1210 1365 1313 1426 jura
1337 1366 1505 1412 resolve
1529 1386 1547 1422 ς

582 1431 640 1476 Et
661 1430 736 1476 dic
758 1447 866 1500 quas
888 1442 1024 1477 terras
1049 1447 1130 1476 nos
1154 1430 1358 1476 habitare
1380 1431 1511 1477 velis.

458 1493 551 1542 Dic
571 1506 738 1540 certam
764 1497 930 1548 ledem,
953 1511 1044 1558 qua
1067 1508 1110 1540 te
1130 1510 1395 1540 veneremur
1417 1493 1462 1540 in
1489 1508 1637 1542 aevum
1661 1513 1672 1543 :

519 1561 626 1621 Qa
646 1558 733 1606 tibi
754 1558 969 1622 virgineis
994 1560 1166 1621 templa
1187 1558 1353 1605 dicabo
1375 1557 1542 1605 choris.

199 1652 451 1716 Respondit
481 1664 634 1699 autem
664 1651 817 1697 Diana
855 1650 1054 1697 versibus
1090 1649 1288 1710 ejusdem
1313 1648 1508 1712 generis,
1552 1663 1602 1697 ut
1636 1653 1684 1699 &
1720 1650 1778 1697 ab
1805 1651 1970 1698 eodem

198 1721 338 1781 poeta
367 1716 473 1763 fac'ti
505 1715 759 1769 videantur,
797 1731 887 1761 non
923 1714 1013 1761 illis
1038 1713 1226 1776 quidem
1250 1714 1472 1776 obliquis,
1510 1713 1738 1777 ambiguis
1760 1717 1809 1764 &
1839 1715 1969 1763 flexi-

199 1782 369 1844 loquis,
391 1781 464 1828 sed
483 1779 587 1842 pers
613 1777 746 1833 icuis,
770 1778 938 1840 quibus
957 1779 1085 1841 quod
1104 1792 1338 1839 nunquam
1361 1779 1656 1835 daturaerat,
1680 1779 1912 1842 promittit
1949 1798 1961 1825 ε

198 1845 445 1909 imperium
468 1797 683 1890 videlicet
705 1844 827 1889 orbis
850 1856 1086 1890 terrarum.

455 1929 591 1975 Brute
613 1927 693 1973 sub
710 1925 916 1973 occasum
940 1926 1043 1972 lolis
1065 1938 1185 1972 trans
1210 1924 1395 1972 Gallica
1414 1941 1556 1988 regna

518 1992 667 2038 Insula
690 1991 736 2037 in
762 1992 952 2037 Oceano
974 1991 1033 2036 est
1057 1989 1258 2053 undique
1280 1989 1426 2036 cinsta
1448 1989 1576 2036 mari.

455 2056 603 2104 Insula
629 2056 675 2103 in
701 2057 889 2102 Oceano
910 2055 973 2101 est
994 2053 1196 2101 habitata
1220 2052 1501 2117 Gigantibus
1522 2052 1659 2110 olim,

518 2121 657 2166 Nunc
679 2119 851 2167 deserta
871 2119 1080 2181 quidem,
1105 2117 1318 2181 gentibus
1344 2131 1451 2180 apta
1474 2118 1579 2164 tuis·

451 2185 587 2232 Hanc
610 2198 713 2247 pete
738 2205 748 2248 ,²
784 2200 964 2245 nanque
986 2183 1068 2229 tibi
1093 2182 1214 2228 sedes
1237 2181 1323 2229 erit
1344 2183 1422 2229 illa
1440 2181 1669 2245 perennis.

518 2250 634 2295 Haec
660 2249 736 2296 fiet
757 2248 871 2295 natis
894 2247 1034 2295 altera
1055 2246 1204 2293 Troia
1227 2246 1333 2293 tuis.

453 2311 548 2359 Hic
569 2315 626 2359 de
648 2315 776 2376 prole
798 2325 874 2359 tua
897 2312 1046 2375 Reges
1068 2311 1319 2365 nascentur,
1345 2315 1387 2359 St
1412 2310 1505 2357 illis

513 2377 683 2424 Totius
706 2391 837 2424 terra:
855 2376 1061 2423 subditus
1085 2375 1207 2421 orbis
1233 2375 1335 2421 erit.

196 2465 267 2514 Ex
287 2462 376 2511 hoc
395 2462 560 2525 opinor
583 2461 783 2509 carmine
807 2477 912 2507 cum
936 2459 1135 2523 ipsorum
1174 2457 1365 2506 historiis
1389 2458 1559 2507 collato
1579 2455 1808 2522 reliquum
1838 2473 1966 2506 com-

197 2541 403 2574 mentum
425 2526 704 2599 deprehendi
728 2527 870 2588 potest
892 2543 902 2570 :
931 2540 1015 2571 nee
1037 2523 1082 2570 id
1107 2523 1291 2570 obscure
1315 2522 1521 2586 quidem.
1557 2523 1678 2570 Nam
1700 2537 1862 2586 praeter
1883 2540 1963 2570 va·-

196 2591 387 2638 nitatem
411 2604 620 2654 utrmque
643 2589 976 2652 promissorum,
1016 2589 1151 2635 etiam
1195 2587 1382 2634 imolam
1406 2603 1495 2635 non
1518 2599 1615 2634 tum
1639 2586 1851 2645 habitari,
1888 2587 1964 2636 sed

194 2655 448 2703 habitatam
463 2654 709 2717 aliquando
724 2653 866 2708 fuisse,
905 2669 1025 2699 nunc
1047 2668 1158 2699 vero
1181 2651 1398 2698 desertam
1425 2652 1508 2698 esse
1528 2666 1709 2698 carmen
1732 2652 1962 2699 asseverat.

193 2718 293 2767 Ubi
311 2735 421 2783 ergo
444 2717 684 2765 hominum
701 2717 782 2764 illa
798 2729 1008 2780 portenta
1023 2717 1327 2824 Gogma{0g‚
1349 2717 1399 2764 &
1420 2715 1671 2779 Teutagol,
1691 2715 1871 2778 aliaque
1885 2732 1965 2763 va-

194 2783 328 2831 stiora
340 2782 528 2830 nomina
548 2782 605 2828 ad
623 2794 839 2828 terrorem
858 2781 1024 2833 dicam,
1046 2796 1100 2826 an
1120 2778 1220 2826 ludi
1256 2779 1373 2825 rium
1396 2779 1588 2826 consueta
1606 2782 1623 2825 ?
1654 2779 1755 2826 Ubi
1774 2780 1964 2841 praecla·

191 2864 243 2895 ra
264 2848 344 2895 illa
368 2846 615 2893 certamina
637 2844 857 2899 Corinaei,
895 2846 1185 2906 aliorumque
1224 2841 1351 2889 Bruti
1373 2841 1599 2890 sociorum
1627 2843 1837 2888 adversus
1870 2858 1964 2891 non

194 2912 301 2959 terri
338 2928 463 2966 enaS,
488 2910 562 2957 sed
589 2911 658 2972 (2)
694 2909 1052 2972 Daemonigenas
1076 2907 1320 2979 Gigantes.
1757 2906 1760 2916 '

256 2929 341 3024 Ιὶέ.
378 2977 496 3023 Haec
518 2975 574 3021 de
596 2975 751 3026 Bruto,
774 2973 906 3036 eique
931 2973 1037 3019 data
1058 2973 1274 3019 dichone.
1342 2970 1526 3018 Horum
1556 2969 1671 3017 adeo
1694 2968 1966 3018 mendacio-

189 3057 292 3086 rum
316 3056 464 3103 neque
484 3038 692 3102 poenitet,
718 3053 865 3099 neque
888 3037 1031 3098 pudet
1051 3036 1266 3099 posteros,
1288 3046 1338 3080 ut
1359 3046 1462 3081 ante
1487 3050 1657 3096 paucos
1689 3050 1832 3082 annos
1869 3051 1964 3082 non

192 3103 343 3150 ultimi
379 3102 575 3150 nominis
609 3101 730 3165 apud
770 3118 846 3148 eos
881 3100 1070 3163 scriptor
1110 3098 1403 3161 impudenter
1429 3097 1702 3146 confinxerit
1731 3097 1962 3158 Trojanos

191 3166 452 3214 Britannice
478 3167 673 3213 locutos.
742 3165 898 3226 Hujus
926 3163 1156 3211 sententiae
1195 3162 1511 3225 impudentem
1545 3161 1792 3209 vanitatem
1824 3161 1964 3208 facile

189 3230 405 3277 refellunt
428 3231 676 3282 Homerus,
701 3234 741 3276 &
764 3229 1010 3290 Dionysius
1033 3226 1400 3281 Halicarnassius‚
1423 3241 1622 3289 quorum
1643 3225 1723 3272 ille
1742 3225 1963 3272 omnibus

187 3294 238 3340 T
239 3292 407 3355 rojanis
430 3292 617 3340 nomina
634 3293 714 3340 dat
735 3293 902 3339 Graeca
926 3311 938 3340 ε
971 3293 1083 3340 alter
1105 3292 1261 3355 longa,
1293 3296 1343 3341 St
1379 3292 1490 3337 seria
1510 3287 1814 3353 disputatione
1850 3303 1967 3336 con-

187 3422 271 3460 that
290 3423 435 3459 Horace
469 3420 670 3459 confesseth
686 3420 737 3460 he
754 3423 862 3460 could
883 3430 949 3460 not
970 3435 1042 3460 un·
1162 3418 1230 3471 (2)
1259 3420 1397 3468 Giants
1426 3419 1599 3466 begotten
1629 3417 1674 3467 by
1710 3415 1842 3463 devils,
1874 3415 1962 3457 that

187 3476 349 3513 derstand
377 3475 421 3512 it.
1106 3473 1299 3511 inhabited
1330 3470 1476 3509 Britain
1505 3470 1631 3516 before,
1656 3469 1722 3508 the
1752 3469 1887 3509 arrival
1917 3469 1963 3508 of

240 3528 304 3578 (ι)
335 3527 518 3573 Brittons,
545 3538 679 3575 nempe
712 3525 777 3565 the
809 3527 940 3565 wellh
967 3529 1051 3565 and,
1105 3527 1257 3574 Brutus,
1276 3538 1316 3564 as
1332 3524 1398 3564 the
1415 3522 1636 3563 Welsszmen
1652 3523 1771 3562 table.

184 3580 445 3621 cornilhmerr.

1807 3637 1960 3689 tendit
