2106 3838
280 175 400 242 142
587 155 943 222 RERUM
1033 155 1710 228 ScoTICARUM

273 250 524 314 praevenit:
544 263 597 300 ac
620 254 815 316 primum
838 253 883 298 in
905 250 1072 313 sparsos
1090 253 1378 315 populatores
1400 253 1604 302 inveclus
1622 273 1698 303 eos
1717 257 1771 304 ad
1793 259 2021 321 reliquum

269 315 519 363 exercitum
563 318 803 379 compulit,
844 315 1020 361 minore
1070 315 1256 378 quidem
1292 333 1398 364 cum
1436 320 1577 374 caede,
1613 321 1742 384 quod
1782 322 2021 370 Danorum

267 381 405 426 castra
425 397 515 428 non
538 381 675 443 longe
695 380 896 429 aberant.
934 378 1032 426 Ubi
1053 378 1099 425 in
1123 391 1331 427 mutuum
1350 383 1637 446 conspectum
1659 385 1718 430 est
1739 399 1943 442 ventum,
1967 388 2020 432 si—

270 459 328 490 ne
352 459 478 491 mora
493 444 713 490 instructis
735 442 916 489 aciebus
941 442 1120 506 paribus
1142 459 1284 506 prope
1307 445 1483 500 animis,
1506 452 1546 494 δι
1566 449 1738 495 viribus
1756 450 1814 494 est
1833 465 2025 496 concur-

267 505 379 554 sum.
452 509 569 554 Cum
593 506 753 552 acriter
777 506 987 570 utrinque
1014 519 1289 569 pugnaretur
1310 508 1464 564 iubitq
1479 510 1637 558 Dauos
1659 513 1977 574 perturbarunt
1999 531 2025 560 a

268 584 398 634 tergo
417 569 639 633 conspecti
655 571 931 625 Graemus‚&
945 571 1208 618 Dumbarus
1227 587 1329 618 cum
1347 572 1585 621 Lothianis
1603 576 1881 623 cohortibus.
1902 578 2025 623 Cum

267 634 347 682 alii
369 637 424 681 ad
444 650 594 688 naves,
622 633 700 680 alii
721 640 812 698 quo
829 648 976 682 metus
1001 634 1192 682 hostium
1213 636 1377 699 agebat
1395 653 1474 699 per
1495 638 1597 684 loca
1616 637 1775 701 ignota
1796 640 2024 705 fugerent,

265 700 409 760 major
431 714 530 761 pars
549 696 598 743 in
615 699 732 745 valle
753 699 935 746 filvestri
956 698 1222 772 conglobati
1243 700 1523 747 occasionem
1545 715 1624 748 aut
1645 703 1708 749 rei
1726 703 1841 750 bene
1863 722 2024 768 geren-

266 764 353 810 dae.
379 775 454 808 aut
477 761 653 808 fortiter
666 763 890 810 moriendi
911 764 1263 826 opperiebantur
1315 765 1523 812 indulfus
1546 767 1669 813 velut
1686 766 1865 830 penitus
1888 769 2025 814 hosti-

267 826 350 872 bus
370 825 620 899 profligatis
643 843 747 874 cum
773 827 925 890 paucis
948 829 1219 890 obequitans
1242 831 1340 876 casu
1364 830 1410 876 in
1435 847 1510 876 eos
1533 830 1685 878 illatus
1707 830 1932 879 occiditur
1951 831 2025 878 in·

264 901 400 936 eunte
426 890 604 936 decimo
627 890 692 938 sui
715 893 845 955 regni
866 907 1002 939 anno.
1071 893 1259 940 Praefuit
1280 893 1402 940 enim
1425 895 1570 940 Scotis
1605 910 1768 942 novem
1792 913 1950 949 annos,
1973 899 2027 947 ὃς

266 965 353 999 tres
377 955 562 1001 menses.
596 956 711 1002 Sunt
731 954 812 1019 qui
829 955 989 1020 sagitta
1007 957 1030 1002 'c
1053 972 1165 1002 nave
1185 956 1306 1002 misia
1321 957 1645 1020 interemptum
1666 959 1887 1020 prodant:
1913 961 2024 1007 dum

264 1031 521 1130 exafrm‘ptus
545 1031 594 1064 ut
611 1018 894 1084 fugientibus
927 1019 1242 1067 vehementius
1259 1021 1454 1076 instaret,
1476 1020 1524 1067 in
1543 1021 1890 1070 conscendentes
1912 1023 2026 1071 acri-

268 1097 318 1129 us
364 1083 404 1130 ui
441 1085 486 1130 'et
506 1084 724 1132 invec'tus.

898 1169 1166 1216 LXXVIII.
1199 1170 1240 1216 R
1264 1171 1301 1217 E
1326 1171 1383 1217 X.

329 1245 434 1294 XX.
467 1247 504 1292 E
524 1246 569 1292 Ο
602 1244 820 1292 defuncto
853 1262 1046 1308 regnum
1082 1247 1273 1310 adeptus
1295 1249 1354 1294 est
1383 1248 1550 1295 Duffus
1574 1246 1871 1295 Milcolumbi
1891 1245 2025 1293 filius.

266 1312 311 1357 Is
332 1310 475 1357 statim
499 1310 729 1356 Culenum
752 1310 920 1356 Indulfi
946 1310 1085 1374 Regis
1121 1311 1263 1358 filium
1298 1312 1503 1375 praefecit
1526 1313 1781 1365 Cumbriae,
1821 1324 1957 1375 atque
1978 1313 2026 1358 in

269 1375 478 1422 AEbudas
502 1375 829 1421 tumultuantes
853 1373 986 1430 mifit,
1014 1389 1062 1422 ut
1082 1391 1155 1421 eas
1178 1392 1204 1422 a
1237 1376 1487 1423 latrociniis
1508 1389 1738 1440 purgaret.
1805 1377 2027 1438 Juventus

262 1440 388 1486 enim
413 1438 582 1485 nobilis
612 1454 780 1503 magno
806 1455 995 1485 numero
1017 1439 1237 1486 comitum
1270 1439 1405 1487 ascito
1430 1443 1501 1502 (ι)
1526 1440 1634 1488 victi
1671 1442 1786 1488 alem
1820 1440 1899 1486 fibi
1925 1441 2023 1503 ple·

263 1502 370 1549 bem
393 1502 603 1557 faciebat,
626 1516 789 1565 practer
806 1503 974 1549 vicium
998 1503 1247 1568 gratuitum
1268 1516 1388 1550 certa
1427 1504 1620 1568 pecunia
1637 1459 1697 1551 gn
1738 1504 1822 1550 ulis
1841 1503 2027 1551 familiis

262 1567 450 1614 indiCta.
523 1568 624 1613 Nec
646 1566 694 1613 in
716 1583 791 1614 eos
821 1567 1016 1627 asperior
1039 1568 1125 1614 fuit
1155 1569 1377 1622 Culmus,
1401 1585 1538 1633 quam
1561 1568 1607 1616 in
1644 1523 1760 1632 ἦρξε
1780 1567 2028 1614 insularum

264 1631 518 1694 praefec‘tOS,
537 1630 780 1740 qnisgenus
798 1631 844 1676 id
866 1631 1102 1678 hominum
1122 1648 1327 1678 coercere
1341 1633 1606 1679 debuerant.
1628 1633 1857 1679 Indicium
1876 1631 1957 1688 εἰς,
1979 1643 2030 1678 ut

263 1696 312 1742 in
334 1697 558 1758 posterum
573 1694 620 1756 ip
641 1712 673 1749 1,
692 1711 885 1757 quorum
912 1695 1194 1758 negligentia
1210 1697 1307 1742 haec
1328 1696 1598 1743 eveniebant
1616 1696 1832 1743 damnum
1852 1710 2028 1759 accaep-

266 1771 364 1806 tum
385 1759 526 1819 plebi,
551 1759 739 1806 multam
765 1759 885 1822 Regi
907 1760 1224 1822 persolverent.
1277 1761 1395 1807 Haec
1416 1759 1709 1808 denunciatio
1731 1771 1907 1807 tantum
1930 1760 2028 1806 oci-

262 1825 349 1871 ofis
371 1823 462 1871 illis
485 1823 788 1870 nebulonibus
812 1823 991 1871 terroris
1012 1822 1191 1886 injecit,
1228 1838 1276 1871 ut
1310 1824 1356 1870 in
1380 1825 1654 1873 Hiberniam
1676 1823 1862 1889 plurimi
1885 1823 2025 1871 disce-

258 1888 440 1943 derent,
477 1893 521 1934 8.-
552 1886 619 1934 ibi
642 1887 918 1934 mercenaria
939 1904 1077 1951 opera
1098 1889 1268 1935 victum
1310 1901 1581 1953 quaererent.
1651 1890 1800 1950 Qam
1824 1888 1922 1935 haec
1956 1905 2026 1936 res

262 1952 388 2016 plebi
420 1951 508 1999 fuit
528 1963 673 2014 grata,
698 1965 790 1998 tam
813 1968 1022 2014 proceres
1044 1954 1230 2000 exulum
1269 1954 1569 2019 propinquos,
1610 1953 1866 2016 multosque
1891 1953 2026 2015 juve-

265 2033 379 2064 num
414 2016 462 2062 id
484 2032 628 2079 genus
649 2016 811 2062 ociosae
833 2016 937 2062 vita:
959 2017 1252 2079 probantium
1273 2018 1481 2065 offendit.
1551 2017 1618 2064 Hi
1639 2017 1686 2063 in
1708 2016 1921 2063 omnibus
1943 2017 2025 2063 sta·

263 2080 483 2136 tionibus,
507 2084 556 2128 &
577 2081 904 2127 conventiculis
921 2081 1116 2142 primum
1132 2082 1327 2137 secretis,
1353 2098 1458 2130 mox
1482 2081 1883 2145 comprobantium
1902 2081 2022 2128 mul-

261 2145 460 2192 titudine
481 2144 603 2198 freti,
626 2145 791 2207 apertis
812 2145 1206 2193 criminationibus
1229 2148 1404 2210 Regem
1426 2145 1697 2194 lacerabant.
1751 2147 1867 2192 Eum
1888 2144 2022 2201 nobi-

264 2208 394 2256 litate
412 2221 676 2271 contempta
691 2208 1040 2257 sacrificulorum
1065 2210 1260 2258 consiliis
1282 2211 1448 2258 abduci
1474 2230 1484 2257 :
1522 2210 1729 2257 homines
1751 2210 1935 2258 honesto
1958 2210 2027 2257 lo-

263 2289 320 2320 co
342 2286 470 2321 natos
492 2273 548 2319 ad
571 2272 744 2319 servilia
763 2290 950 2321 munera
966 2290 1131 2337 cogere
1162 2293 1172 2321 :
1199 2276 1346 2339 plebis
1366 2276 1550 2322 ultimos
1581 2276 1637 2321 ad
1660 2274 1856 2322 summos
1875 2275 2021 2322 hono-

262 2355 332 2385 res
361 2337 644 2401 provehere:
680 2337 886 2385 omnium
910 2354 1059 2385 rerum
1081 2339 1340 2386 discrimina
1360 2341 1536 2395 tollere,
1569 2355 1621 2386 ac
1650 2340 1824 2386 summa
1854 2338 2024 2385 infimis

264 2402 465 2449 miscere.
491 2402 584 2449 Hic
606 2402 738 2449 status
760 2419 908 2453 rerum
932 2403 960 2449 fi
985 2403 1233 2466 perseveret
1261 2398 1352 2451 'aut
1366 2404 1596 2451 nobilitati
1617 2404 1709 2451 alio
1727 2401 2021 2467 migrandum

263 2465 367 2516 effe,
392 2479 468 2513 aut
490 2466 630 2512 alium
664 2467 841 2531 Regem
860 2468 1123 2523 creandum,
1143 2468 1222 2532 qui
1254 2470 1477 2532 populum
1514 2468 1562 2515 in
1597 2467 1818 2528 majorum
1848 2466 2024 2514 institu-

263 2531 338 2584 tis.
354 2530 521 2593 quibus
544 2530 632 2577 hoc
649 2548 838 2594 regnum
860 2548 918 2579 ex
940 2545 1033 2579 tam
1055 2533 1204 2596 parvis
1221 2531 1362 2580 initiis
1379 2532 1428 2580 in
1445 2533 1563 2580 hanc
1584 2530 1950 2596 magnitudinem
1973 2531 2025 2579 fit

258 2595 556 2659 progressum,
578 2595 829 2643 contineat.

325 2659 455 2706 XXI.
492 2659 615 2704 Inter
632 2658 728 2706 haec
751 2660 850 2706 Rex
871 2659 1008 2706 nullis
1031 2661 1354 2724 apparentibus
1378 2661 1516 2708 caulis
1533 2661 1701 2708 morbo
1725 2676 1862 2716 novo,
1886 2665 1927 2708 δι
1947 2659 2020 2707 in-

262 2722 422 2772 audito
441 2721 642 2768 afflictari
664 2722 833 2786 coepit:
877 2726 1061 2771 tandem
1081 2724 1181 2772 aliis
1204 2725 1293 2773 alia
1314 2725 1515 2772 remedia
1535 2725 1694 2773 frustra
1712 2724 2022 2787 quaerentibus

257 2786 442 2836 incertis
465 2785 724 2834 auctoribus
745 2804 900 2834 rumor
916 2789 976 2834 est
996 2791 1066 2851 (z)
1091 2790 1384 2853 pervulgatus
1401 2805 1508 2836 eum
1527 2789 1834 2838 maleficarum
1852 2788 2021 2835 venefi-

259 2852 343 2901 ciis
365 2853 488 2916 peti:
527 2850 616 2898 five
637 2867 694 2897 ex
712 2850 893 2898 indiciis
915 2863 1013 2898 orta
1033 2852 1277 2916 suspitione
1300 2872 1312 2900 ε
1344 2853 1433 2900 five
1454 2867 1558 2899 cum
1581 2853 1606 2900 e
1660 2866 1846 2915 erpetuo
1863 2852 2023 2899 sudore

260 2933 424 2988 corpus
440 2913 664 2980 paulatim
685 2914 1035 2971 contabesceret,
1055 2921 1104 2966 δε
1127 2914 1244 2964 vires
1262 2917 1522 2971 deficerent,
1540 2868 1799 2978 medicique
1819 2915 2023 2979 undique

260 2980 394 3028 acciti
432 2979 547 3027 nihil
568 2979 741 3026 salubre
760 2979 1029 3042 proferrent.
1076 2980 1413 3028 Communibus
1447 2981 1711 3028 morborum
1745 2980 1884 3027 caulis
1929 2997 2023 3028 non

262 3045 305 3092 se
347 3043 646 3108 prodentibus
684 3043 742 3089 ad
782 3044 1009 3091 occultam
1050 3044 1285 3092 decursum
1301 3045 1377 3091 est.
1446 3044 1676 3092 Omnibus
1698 3044 1843 3108 igitur
1859 3044 1906 3091 in
1926 3044 2014 3091 hoc

262 3125 402 3156 unum
424 3106 610 3155 intentis
632 3107 814 3155 tandem
851 3109 1039 3155 allatum
1072 3109 1133 3156 est
1153 3109 1189 3155 F
1191 3109 1337 3156 oreffae
1375 3110 1519 3172 (quod
1558 3110 1618 3156 est
1641 3107 1863 3156 Moraviae
1884 3108 2020 3171 oppi-

261 3173 392 3230 dum)
418 3183 669 3220 conventus
691 3173 935 3219 nocturnos
956 3171 1003 3219 in
1030 3171 1127 3234 ejus
1145 3173 1395 3237 perniciem
1414 3173 1525 3220 ficri.
1592 3172 1649 3220 Id
1669 3172 1779 3236 quia
1800 3171 1913 3219 nihil
1935 3171 2019 3218 ali-

262 3236 324 3282 ud
347 3235 630 3291 occurrebat‚
658 3251 743 3298 pro
763 3251 873 3282 vero
894 3250 1164 3299 accaeptum.
1230 3235 1351 3284 Miffi
1386 3237 1443 3285 ad
1472 3253 1567 3284 rem
1595 3236 1919 3299 explorandam
1943 3234 2023 3283 fidi

261 3298 470 3349 homines
488 3300 545 3345 ad
570 3299 839 3348 Donaldum
870 3299 983 3347 arcis
1005 3300 1287 3363 praefectum,
1327 3300 1404 3347 cui
1441 3300 1652 3348 maximis
1686 3300 1743 3346 de
1765 3299 1898 3347 rebus
1921 3300 2022 3346 Rex

262 3361 437 3425 semper
460 3361 705 3410 maximam
727 3364 895 3411 habere
919 3364 1056 3412 fidem
1078 3363 1262 3414 solebat.
1282 3365 1347 3412 —Is
1368 3363 1542 3412 indicio
1564 3362 1794 3424 cujusdam
1816 3364 2020 3415 meretri·

318 3505 378 3554 (r)
409 3506 483 3547 Al.
505 3505 739 3555 vestigalem,
772 3511 879 3550 made
911 3509 978 3551 the
1009 3523 1113 3553 com-
1219 3509 1284 3561 (2)
1312 3510 1400 3550 MS.
1420 3510 1663 3560 pervagatus..

261 3571 368 3602 mons
386 3571 452 3608 pay
469 3557 605 3597 tribute
624 3567 662 3598 tv
679 3559 797 3602 them.

1887 3667 2024 3722 culae,
