2025 3833
206 151 343 231 358
514 152 873 218 RERUM
965 149 1639 219 Sco'r‘teARtiM

276 250 401 295 LXI.
434 250 543 296 Hoc
575 249 760 310 quidem
795 245 1029 292 confilium
1055 253 1094 293 δε
1129 247 1261 292 fidele
1281 247 1543 302 videbatur,
1562 255 1602 295 &
1623 251 1723 297 satis
1752 242 1845 301 erat
1878 267 1961 303 tu·-

210 323 326 380 tum,
352 313 700 387 nifi,13raefe&us
725 311 836 356 arcis
875 311 946 369 (1)
986 311 1179 361 Iacobus
1203 311 1327 356 Siaus
1350 311 1406 356 ab
1428 312 1607 358 adversa
1641 315 1834 366 faelione
1852 335 1953 365 cor-

209 385 369 447 ruptus
391 378 644 423 venientem
675 374 936 419 exclusisset.
1003 375 1164 436 Itaque
1185 390 1289 420 cum
1312 374 1468 420 hostes
1477 391 1619 437 prope
1641 377 1834 448 vestigiis
1856 382 1953 440 ejus

210 436 475 492 institiffent,
500 455 646 498 neque
667 440 760 500 quo
779 437 819 482 se
841 436 1076 498 reciperet,
1100 438 1299 490 haberet,
1321 441 1498 484 coaffius
1521 455 1623 485 cum
1648 439 1730 492 eis,
1749 457 1858 502 quas
1876 445 1957 490 ha-

210 502 347 550 bebat
367 503 512 564 copiis
534 503 676 547 aleam
700 500 956 546 certaminis
979 501 1189 562 experiri.
1256 501 1396 548 Initio
1414 517 1516 547 curn
1538 503 1637 549 latis
1660 503 1820 550 acriter
1836 523 1955 568 pag,-

208 579 415 638 naretussr,
428 580 755 627 procerumque
790 564 937 626 prima
973 563 1092 610 acies
1115 565 1217 611 loco
1247 566 1443 620 cederet,
1467 566 1777 638 Annandiani,
1802 573 1845 616 d<
1879 574 1956 616 εό-

207 646 307 676 rum
329 630 486 682 vicini,
502 629 582 689 qui
604 629 661 675 ad
682 627 1012 675 occidentalem
1033 629 1196 675 Scotiae
1220 629 1412 675 limitem
1436 631 1662 683 accolunt,
1675 631 1836 676 acriter
1852 649 1956 695 gra·

209 695 318 740 dum
341 704 680 753 promoverunt.
748 692 816 739 Hi
837 708 941 738 cum
973 691 1259 764 longioribus
1292 706 1522 738 uterentur
1541 693 1690 749 hastis,
1714 710 1850 756 quam
1875 696 1956 770 qu}

205 773 263 803 ex
283 757 465 802 adverso
486 756 673 810 stabant,
699 756 843 801 statim
867 756 1007 831 Regis
1041 755 1241 802 mediam
1265 757 1406 803 aciem
1431 757 1659 812 fuderunt.
1727 759 1825 820 Ipie
1847 760 1955 821 equi
1989 803 1994 807 ,

206 819 315 865 casu
325 819 633 874 debilitatus,
621 834 676 866 1n
688 821 829 866 molas
847 819 1053 881 aquarias
1075 836 1165 866 non
1188 820 1369 892 longe
1350 838 1376 866 a
1398 821 1500 867 loco
1514 821 1598 867 ubi
1631 834 1883 884 pugnatum
1906 840 1957 880 e,-

203 896 289 937 rat‚
318 883 359 929 se
381 883 570 945 recepit,
592 900 647 930 eo
685 887 757 946 (ut
777 883 1036 943 videbatur)
1071 884 1274 940 consilio,
1301 897 1350 932 ut
1383 901 1536 939 naves,
1560 901 1663 947 quae
1691 902 1782 932 non
1817 887 1956 950 longe

203 948 407 1002 aberant,
418 947 751 994 conscenderet.
817 948 890 994 Ibi
907 962 1010 994 cum
1034 948 1189 1010 paucis
1211 948 1509 1020 deprehensus
1532 948 1769 996 occiditur.
1837 952 1956 998 Tres

203 1027 307 1058 eum
331 1012 581 1074 fugientem
604 1011 813 1084 proxime
830 1012 967 1058 secuti
993 1015 1062 1072 (2)
1084 1011 1301 1058 Patricius
1325 1012 1493 1061 Graius
1517 1012 1699 1061 familiae
1722 1012 1806 1060 suae
1830 1015 1955 1076 prin-

202 1092 326 1142 ceps,
627 1075 846 1123 Sterlinus
869 1075 1051 1132 Kerius,
1080 1082 1120 1122 &
1143 1075 1413 1123 sacrificulus
1436 1091 1743 1140 cognomento
1774 1079 1953 1125 Borthi-

200 1156 317 1186 cus:
350 1140 574 1187 incertum
597 1157 623 1186 a
644 1157 737 1202 quo
759 1156 914 1186 eorum
938 1140 1178 1202 percuffus.
1244 1140 1351 1201 Ejus
1376 1141 1512 1186 caedis
1532 1140 1655 1186 fama
1676 1141 1817 1187 licet
1805 1158 1951 1188 incer-

201 1216 248 1251 ta
281 1221 361 1266 per
384 1219 610 1266 utrunque
630 1205 879 1251 exercitum
902 1204 1153 1268 divulgata,
1177 1204 1302 1258 fecit,
1330 1217 1377 1251 ut
1401 1205 1646 1250 vicioribus
1669 1204 1816 1251 minus
1840 1207 1957 1252 acri·

202 1281 270 1315 ter
290 1269 554 1316 instantibus
585 1269 860 1332 fugientium
891 1269 1037 1315 multo
1059 1268 1292 1330 pauciores
1323 1269 1614 1314 caederentur.
1685 1269 1802 1314 Cum
1829 1272 1956 1332 Rege

199 1333 342 1388 enim,
366 1350 457 1384 non
487 1349 592 1379 cum
620 1333 794 1379 civibus
827 1348 1034 1395 proceres
1057 1333 1227 1378 bellurn
1262 1333 1521 1395 suscaeptum
1544 1332 1688 1390 videri
1720 1334 1951 1380 volebant.

201 1398 355 1450 Caesus
394 1399 454 1444 est
486 1396 511 1443 ὲ
549 1397 707 1459 Regiis
748 1398 818 1458 (3)
844 1397 1104 1443 Alexander
1128 1395 1429 1459 Cunigamius
1455 1395 1745 1442 Glencarniae
1784 1398 1954 1446 Comes,
2015 1434 2023 1445 .

198 1477 305 1508 cum
345 1461 498 1524 paucis
536 1461 798 1516 clientibus,
821 1464 870 1510 δί
899 1459 1203 1523 propinquis:
1236 1476 1293 1506 ex
1328 1473 1516 1523 utraque
1538 1472 1663 1523 parte
1695 1463 1952 1524 complures

196 1526 436 1573 vulnerati

171 1613 174 1623 ι
198 1626 203 1630 .
263 1591 415 1636 LXII.
451 1590 593 1636 Hunc
616 1587 751 1634 finem
773 1587 880 1635 vitoe
901 1586 1080 1633 habuit
1093 1588 1285 1634 lacobus
1311 1586 1484 1642 tertius,
1505 1586 1574 1633 vir
1596 1602 1684 1632 non
1708 1598 1799 1634 tam
1822 1586 1954 1652 inge·

197 1653 276 1700 nio
297 1670 437 1716 pravo
455 1667 603 1705 natus,
627 1651 765 1713 quam
784 1668 923 1714 prava
944 1651 1273 1697 consuetudine
1296 1664 1546 1712 corruptus
1591 1652 1713 1696 Nam
1741 1668 1842 1698 cum
1864 1653 1951 1699 ini-

198 1716 264 1763 tio
286 1723 547 1780 magnae,&
570 1715 796 1778 praeclarae
817 1714 1006 1768 indolis,
1029 1714 1260 1776 animique
1281 1732 1385 1760 vere
1400 1714 1538 1776 Regii
1558 1715 1781 1776 specimen
1805 1716 1952 1761 dedis-

197 1781 276 1836 set,
302 1798 382 1844 per
404 1781 570 1828 Bodios
593 1779 810 1842 primum,
842 1779 914 1825 sed
938 1778 1158 1840 paulatim
1189 1780 1236 1824 in
1258 1778 1490 1825 licentiam
1517 1779 1576 1824 est
1597 1778 1775 1824 effufus.
1842 1779 1901 1826 Iis
1926 1797 1955 1826 e

196 1846 351 1893 medio
372 1845 574 1898 sublatis,
599 1845 656 1890 ab
689 1843 950 1890 hominibus
973 1842 1142 1888 infima:
1175 1842 1303 1890 sortis
1336 1843 1384 1887 in
1408 1843 1562 1888 omnia
1597 1842 1724 1888 fimul
1749 1841 1858 1890 vitia
1891 1845 1952 1890 est

197 1925 399 1972 praeceps
433 1909 563 1956 datus
591 1927 601 1954 2
637 1918 844 1969 tempora
877 1907 1013 1953 etiam
1035 1919 1263 1968 corrupta,
1288 1910 1336 1956 ὃς
1366 1906 1620 1952 vicinorum
1655 1907 1837 1968 Regum
1871 1924 1953 1953 ex-

196 1974 350 2036 empla
371 1989 461 2019 non
484 1988 644 2034 parum
678 1972 734 2018 ad
756 1988 860 2018 eum
896 1972 1188 2017 evertendum
1208 1972 1438 2031 juverunt.
1505 1971 1627 2017 Nam
1653 1975 1691 2016 δι
1711 1971 1951 2018 Eduardus

195 2051 381 2100 quartus
404 2037 450 2084 in
476 2036 668 2099 Anglia,
691 2037 882 2082 Carolus
915 2035 962 2080 in
986 2035 1267 2097 Burgundia,
1293 2033 1553 2085 Ludovicus
1594 2034 1859 2080 undecimus
1898 2035 1947 2082 in

198 2102 371 2156 Gallia,
387 2104 578 2148 Ioannes
597 2099 847 2146 secundus
836 2116 881 2145 in
895 2098 1123 2144 Lusitania
1137 2098 1385 2159 tyrannidis
1409 2097 1735 2144 fundamenta
1717 2110 1945 2160 jecerunt.

195 2165 419 2213 Ricardus
450 2176 609 2213 tertius
639 2163 684 2209 in
711 2163 899 2236 {inglia-
903 2161 1216 2209 immanissime
1239 2178 1337 2208 eam
1359 2161 1576 2208 exercuit.
1644 2162 1787 2208 Morti
1811 2163 1948 2209 etiam

193 2229 352 2278 Jacobi
381 2229 461 2277 illa
480 2229 624 2275 inusta
644 2227 737 2274 est
725 2226 997 2298 ignominia,
1023 2238 1071 2271 ut
1091 2229 1138 2271 in
1160 2227 1370 2289 proximo
1391 2237 1616 2271 conventu
1647 2225 1852 2271 omnium
1876 2243 1951 2272 on-

194 2293 356 2341 dinum
373 2293 589 2341 decreto
573 2308 675 2353 Jure
696 2291 829 2336 caesus
846 2290 1140 2352 judicaretur.
1208 2290 1500 2350 Cautumque
1515 2289 1565 2334 fit
1585 2289 1832 2367 diligenter
1849 2305 1949 2336 om-

194 2358 346 2412 nibus,
371 2358 451 2421 qui
475 2356 683 2403 advertus
706 2371 809 2401 eum
829 2371 954 2400 arma
976 2355 1186 2407 tulerant,
1203 2370 1260 2400 ne
1282 2370 1334 2400 ea
1354 2370 1422 2400 re
1445 2352 1568 2414 ipsis,
1601 2355 1818 2399 eort‘imve
1866 2370 1951 2416 po-

199 2423 322 2469 steris
345 2421 494 2469 fraudi
515 2421 636 2467 esset.
705 2418 839 2465 Obiit
859 2434 978 2464 anno
1001 2435 1028 2464 a
1061 2418 1238 2464 Christo
1258 2430 1363 2463 nato
1383 2415 1620 2463 millesimo
1641 2417 1950 2488 quadringen-

194 2487 353 2534 tefimo
389 2485 694 2549 octuagesimo
725 2485 902 2538 oftavo,
936 2481 1067 2560 regni
1097 2481 1310 2535 vicesimo
1346 2483 1522 2536 octavo,
1547 2492 1695 2528 aetatis
1727 2479 1951 2528 tricesimo

192 2549 383 2615 quinto.

251 2744 313 2795 (n)
340 2746 401 2782 He
419 2743 584 2783 istcalled
603 2743 862 2797 JamesShaw.
875 2743 919 2782 of
930 2743 1043 2792 Haly.
1064 2771 1067 2773 Α
1099 2740 1181 2780 that
1198 2740 1343 2780 ho'nour
1360 2741 1424 2778 the
1441 2752 1491 2788 40
1510 2739 1539 2777 1.·
1557 2738 1706 2776 landos
1716 2737 1970 2783 Drummond‘g

250 2798 313 2847 (2)
342 2797 496 2836 Patrick
520 2799 599 2836 lord
622 2800 737 2847 Gray,
755 2796 931 2835 Williatn
950 2797 1045 2834 stir-
1098 2794 1223 2832 which
1236 2796 1372 2832 reward
1384 2793 1477 2831 with
1492 2792 1556 2830 the
1569 2791 1711 2828 honour
1727 2791 1772 2828 of
1780 2792 1854 2832 εει-τὶ
1873 2803 1961 2831 was.

195 2853 276 2906 ling
298 2851 390 2888 laird
409 2850 454 2888 of
466 2851 574 2889 Keir.
1098 2847 1212 2884 taken
1223 2848 1320 2885 from
1333 2846 1390 2884 his
1400 2843 1948 2892 soncuthbertlordKilmaurs,

253 2906 315 2955 (3)
343 2905 403 2940 He
420 2917 494 2941 was
512 2905 590 2941 lord
609 2903 654 2941 of
678 2902 886 2948 Kilmaurs,
907 2915 927 2939 a
944 2900 1044 2939 little
1097 2899 1298 2937 thereafter
1314 2899 1363 2936 he
1383 2900 1571 2936 recovered
1590 2897 1654 2933 the
1672 2896 1755 2934 title
1772 2896 1816 2933 of
1823 2896 1949 2933 Glen-

197 2958 322 2997 before
336 2955 413 2993 this
431 2958 572 2993 created
588 2958 632 3006 by
645 2955 870 3016 kingJames
883 2956 956 2991 ΙΙΙ.
971 2955 1049 2991 earl
1097 2952 1212 2999 cairn,
1227 2951 1354 2989 which
1383 2964 1471 2999 gave
1488 2950 1663 2992 occasion
1677 2956 1716 2986 to
1733 2948 1805 2986 the
1816 2948 1888 2986 ear}
1907 2945 1976 3001 οξ.

193 3012 239 3050 of
254 3008 471 3058 Glencairn,
489 3012 559 3051 and
579 3019 642 3060 got
654 3010 712 3049 for
729 3009 990 3059 maintenance
1006 3006 1060 3044 of
1098 3005 1277 3056 Eglinton
1295 3013 1334 3044 to
1351 3004 1463 3044 claim
1479 2988 1700 3054 precedency
1716 3001 1761 3040 of
1781 3000 1882 3042 him.

973 3317 1183 3453 QZ&
