1994 3833
147 133 282 226 4254
439 107 821 206 *RERUM
912 133 1602 205 Sco'rrcAnvM

135 238 338 289 carleoli
359 234 519 302 agunt,
543 236 710 283 Gallus
732 251 759 281 a
782 235 992 296 Regente
1016 236 1258 282 Scotorum
1299 249 1378 295 per
1397 232 1549 300 literas
1571 236 1702 299 petit,
1728 251 1778 290 ut
1800 239 1899 291 Ari.

132 304 223 367 glis
240 320 298 351 ex
316 303 485 350 foedere
504 302 677 348 bellum
694 298 934 346 indiceret.
1002 298 1150 346 Causa
1181 297 1564 361 praetendebatur,
1598 304 1725 364 quod
1744 307 1897 370 Angla·

133 368 402 430 Philippum
425 367 682 426 Hispanum
703 364 833 410 suum
875 363 1090 410 maritum
1133 375 1231 409 tum
1255 362 1474 412 acerrime
1506 365 1714 412 adversus
1733 369 1897 418 Gallos

134 434 382 480 bellantem
404 429 584 476 auxiliis
599 430 646 475 in
668 427 879 491 Belgium
903 428 1037 474 miflis
1054 427 1262 489 juvabat.
1329 427 1536 475 Reverfis
1566 444 1624 475 ex
1648 430 1819 494 Anglia
1839 434 1906 481 le-

133 498 252 558 gatis
275 512 422 556 neque
445 506 569 541 certo
588 495 729 548 bello,
753 509 902 555 neque
925 509 1036 555 pace
1058 493 1339 545 confirmata,
1360 491 1545 555 Regens
1564 494 1621 540 ad
1644 493 1899 545 Neobotelr

132 561 230 610 lum
247 559 511 606 coenobium
536 558 797 620 proceribus
819 557 1082 604 convocatis
1117 573 1219 603 curn
1244 557 1390 604 varias
1423 557 1698 605 incursiones
1721 560 1904 623 Anglo-

131 642 234 675 rum
252 624 297 669 in
321 625 562 669 Scotorum
581 640 739 686 agrum
765 622 920 677 faEtaS,
942 623 1116 681 praedas
1149 621 1345 672 abactas,
1382 637 1451 669 res
1486 623 1717 684 repetitas,
1743 631 1785 671 ol:
1810 632 1901 676 non

131 688 331 737 redditas
352 686 648 742 recensuisset,
670 687 863 749 postulat
886 705 910 732 a
929 686 1094 740 Scotis,
1121 700 1170 732 ut
1189 686 1360 732 bellum
1394 687 1559 748 Anglis
1584 686 1790 734 indicant
1815 707 1826 736 z
1861 692 1902 739 δὲ
1972 731 1977 739 ,

132 752 265 802 fimul
285 752 403 799 hanc
423 751 551 817 genti
572 752 660 806 suae
682 751 987 816 ignominiam
1022 751 1227 805 demant,
1249 755 1297 800 &t
1318 750 1440 813 Regi
1475 751 1719 799 Gallorum
1744 755 1904 804 eadem

132 833 274 881 opera
293 834 429 880 opem
465 816 627 864 ferant.
694 818 798 863 Nec
840 815 1103 880 proceribus
1139 828 1290 863 tamen
1330 816 1596 878 persuadere
1620 831 1812 877 poterat,
1855 828 1907 868 ιη

133 883 308 930 bellum
327 882 499 945 priores
521 882 791 944 inciperent.
859 881 1008 944 Igitur
1024 881 1112 927 alia
1151 880 1225 926 via
1246 897 1341 928 rem
1364 882 1565 945 aggressa
1603 883 1678 933 est,
1707 887 1906 931 maxime
1962 905 1963 909 ¹

134 948 297 995 Osellii
318 951 389 1008 (ut
410 947 629 1007 creditur)
657 947 728 993 usa
749 946 951 993 confilio.
1023 945 1096 991 Ad
1121 946 1193 1007 (1)
1219 945 1381 992 ostium
1424 945 1503 992 Aii
1525 947 1670 992 amnis
1709 948 1910 1009 praefidi·
1965 946 1978 1006 7,

135 1028 214 1060 um
254 1012 627 1072 aedificarejubet
663 1011 872 1057 adversus
907 1010 1168 1072 Anglorum
1206 1010 1372 1057 subitas
1395 1010 1708 1058 incurliones:
1743 1011 1790 1057 in
1813 1029 1906 1075 quo
1981 1051 1985 1066 ,

133 1077 272 1124 etiam
300 1089 527 1123 tormenta
549 1093 689 1131 aenea,
713 1076 871 1139 resque
909 1077 1017 1122 alias
1053 1075 1111 1121 ad
1136 1074 1260 1121 usum
1286 1075 1395 1121 belli
1414 1075 1673 1123 necessarias
1695 1077 1911 1138 seponere

133 1154 254 1197 tuto,
280 1148 320 1188 δε
339 1141 601 1194 commode,
625 1157 729 1188 curn
754 1158 883 1204 opus·
900 1141 1022 1193 esset,
1047 1156 1315 1202 expromere
1338 1140 1496 1202 posset,
1521 1146 1579 1187 ne
1621 1141 1929 1190 convehendi‘
1978 1177 1987 1183 -

135 1206 470 1270 &longinquis
492 1205 622 1268 regni
664 1206 867 1268 partibus
910 1205 1040 1251 labor
1064 1204 1258 1250 multum
1299 1218 1518 1266 temporis
1543 1205 1841 1259 consumeret,
1868 1212 1909 1254 δε
1980 1264 1981 1267 ¹

133 1285 300 1336 praeter
316 1271 784 1318 vecturae'molestiam
809 1271 941 1316 rebus
964 1269 1178 1332 gerendis
1212 1270 1317 1317 esset
1337 1268 1689 1331 impedimento.
1760 1272 1818 1317 Et
1841 1272 1917 1319 hae'-

133 1336 323 1401 quidem
364 1335 581 1384 utilitates
603 1351 760 1382 omn-es
779 1336 967 1382 aderant
991 1353 1002 1381 :
1038 1334 1112 1379 sed
1135 1334 1223 1380 alia
1244 1348 1339 1382 erat
1360 1333 1568 1381 destinati
1591 1332 1741 1396 operis
1765 1336 1911 1383 causa.
1969 1357 1972 1362 ·

133 1403 249 1450 Non
289 1401 413 1455 enim
448 1399 745 1447 dubitabatur
767 1401 945 1463 Anglos
969 1415 1082 1461 opus
1107 1398 1426 1461 impeditur05‚
1452 1406 1500 1445 §c
1543 1399 1699 1445 omnia
1722 1412 1912 1446 conatu-

134 1482 226 1521 rOS‚
248 1483 304 1513 ne
321 1465 501 1512 molitio
526 1478 615 1511 tam
638 1465 898 1528 propinqua
920 1462 1112 1512 Bervico
1135 1463 1366 1511 cresceret.
1435 1463 1563 1510 Hinc
1606 1463 1774 1510 semina
1798 1465 1910 1512 belli

137 1532 286 1594 (quod
303 1531 383 1577 illa
401 1528 637 1592 cupiebat)
668 1530 778 1590 jaci,
803 1529 1080 1591 culpamque
1115 1528 1398 1591 sumptorum
1421 1545 1650 1575 armorum
1677 1529 1726 1575 in
1766 1530 1912 1576 hostes

133 1594 261 1657 rejici
287 1596 421 1654 polle.
491 1594 594 1640 Nec
618 1594 767 1640 defuit
787 1608 975 1639 eventus
999 1592 1203 1638 confilio.

200 1660 309 1707 XII.
343 1660 467 1706 Nam
493 1658 617 1704 Scoti
639 1657 1020 1717 hostiuminjuriis
1037 1657 1217 1702 lacelliti
1240 1656 1349 1705 dum
1373 1657 1448 1703 sua
1470 1657 1715 1705 defendere
1734 1674 1912 1722 cogun-

135 1740 228 1780 tur,
249 1723 383 1771 facile
399 1723 599 1787 Regenti
614 1723 670 1770 de
685 1724 933 1770 indicendo
950 1722 1072 1768 bello
1087 1721 1374 1768 consentiunt
1401 1740 1411 1768 ε
1445 1738 1498 1768 ac
1519 1724 1712 1785 receptis
1735 1724 1915 1783 legatist

135 1790 216 1853 qui
236 1787 294 1835 ad
328 1805 486 1850 pacem
527 1788 782 1835 faciendam
820 1787 1000 1834 fuerant
1022 1785 1067 1832 in
1102 1787 1310 1849 Angliam
1339 1786 1464 1841 missi,
1490 1788 1719 1848 proposito
1742 1790 1911 1844 eniCto,

135 1871 189 1903 ac
208 1854 283 1902 die
305 1853 362 1900 ad
379 1852 746 1901 conveniendum
765 1852 927 1899 statuto
945 1852 1203 1914 frequentes
1217 1851 1553 1914 Edimburgbm
1574 1857 1757 1899 coeunt.
1792 1854 1916 1900 Cum

135 1920 196 1968 ad
217 1919 466 1965 Maxuallii
485 1935 646 1981 rupem
668 1920 806 1964 castra
838 1919 975 1964 ess'ent
996 1917 1157 1980 posita,
1199 1923 1283 1963 n‘ec
1305 1916 1362 1963 de
1386 1917 1559 1962 ratione
1585 1918 1692 1963 belli
1722 1917 1915 1980 gerendi
1947 1926 1950 1928 ’

137 1982 386 2048 quicquam
409 1983 561 2030 adhuc
598 1981 645 2028 in
670 1979 858 2029 consilio
883 1983 1116 2029 decretum
1158 1980 1293 2035 foret,
1332 1981 1414 2043 qui
1435 1980 1635 2045 Regenti
1675 1982 1920 2046 gratificari

140 2047 394 2103 studebant,
420 2051 468 2097 δε
488 2049 609 2094 suam
630 2046 784 2094 Gallis
805 2063 990 2108 operam
1029 2047 1250 2092 ostentare
1281 2046 1375 2104 jam
1400 2046 1522 2092 circa
1542 2046 1739 2092 >Vercam
1765 2052 1916 2095 arcem

138 2113 190 2161 in
214 2112 472 2175 Anglorum
496 2111 722 2158 limitibus
761 2112 888 2158 sitam
927 2109 1230 2172 praedabundi
1251 2110 1578 2165 discurrebant,
1619 2110 1815 2158 Osellius
1835 2113 1920 2159 ali-

141 2189 259 2241 quot
277 2177 524 2224 Gallorum
547 2176 715 2223 vexilla
733 2175 846 2223 illuc
868 2176 1136 2229 adduxerat,
1182 2180 1221 2221 ἀ
1258 2188 1589 2221 tormentorum
1612 2188 1832 2237 quantum
1859 2177 1920 2223 ad

138 2244 178 2304 ej
189 2259 237 2288 us
258 2241 372 2288 arcis
412 2240 805 2305 expugnationem
828 2241 930 2289 satis
971 2240 1231 2287 videbatur.
1299 2241 1344 2285 Is
1369 2255 1458 2285 non
1478 2243 1716 2298 expectato
1741 2241 1920 2288 confilii

137 2308 341 2362 decreto,
361 2322 414 2352 ca
434 2318 554 2353 trans
577 2306 793 2352 Tuedam
819 2306 1000 2352 amnem
1025 2304 1224 2352 miserat.
1286 2305 1341 2350 Id
1363 2304 1531 2351 fastum
1549 2304 1788 2351 Scotorum
1813 2323 1923 2367 pro-

138 2387 293 2419 cerum
316 2371 494 2417 animos
531 2370 664 2432 supra
692 2387 831 2434 quarn.
871 2370 994 2417 credi
1030 2370 1192 2433 potest,
1215 2367 1425 2416 offendit.
1494 2368 1692 2417 Osellius
1714 2370 1835 2416 enini
1861 2374 1920 2419 e&

140 2436 337 2499 spectare
351 2435 610 2489 videbatur,
639 2448 687 2482 ut
705 2434 932 2497 quicquid
955 2436 1003 2481 in
1027 2451 1080 2481 ea
1098 2433 1392 2496 expeditione
1431 2446 1679 2496 gereretur,
1700 2436 1796 2495 ejus
1812 2434 1920 2499 'glo-

141 2502 254 2548 riam
278 2502 400 2563 apud
421 2500 612 2547 Gallum
629 2499 675 2546 in
696 2501 737 2546 sc
761 2517 902 2546 unum
926 2499 1213 2546 transferret:
1251 2512 1389 2562 atque
1411 2498 1630 2561 paulatim
1654 2499 1812 2546 Scotos
1832 2501 1922 2547 im·

144 2565 282 2628 periis
306 2564 503 2612 ferendis
523 2566 712 2612 assuetos
736 2563 817 2611 fibi
840 2564 1066 2611 obnoxios
1087 2564 1271 2610 fac-eret.
1315 2562 1442 2611 Scoti
1464 2579 1571 2610 vero
1595 2562 1666 2623 (2)
1687 2565 1744 2610 ab
1769 2563 1922 2611 homi·
1954 2599 1959 2610 t

146 2647 205 2678 ne
223 2629 419 2692 privato,
443 2629 700 2691 eodemque
725 2628 965 2692 peregrino
989 2628 1029 2676 se
1051 2628 1116 2675 ita
1137 2627 1388 2682 contemni,
1415 2639 1465 2675 ut
1487 2634 1543 2674 ne
1565 2626 1793 2676 sententiis
1817 2628 1924 2692 qui-

143 2695 248 2742 dem
263 2693 396 2753 juxta
418 2693 640 2755 majorum
655 2693 1029 2742 consuetudinem
1046 2692 1296 2756 corrogatis
1326 2692 1761 2755 circumagerentun
1786 2695 1844 2740 ab
1866 2698 1922 2745 eo‘
1958 2717 1962 2721 »

142 2758 392 2824 praesertim
406 2757 486 2820 qui
498 2754 763 2820 proceribus
780 2757 1049 2805 inconsultis
1067 2758 1170 2820 plus
1187 2757 1264 2804 uni
1277 2757 1358 2804 fibi
1380 2761 1629 2819 arrogaret,
1645 2774 1782 2821 quam
1806 2758 1924 2806 ullus
1960 2782 1966 2787 ·

143 2839 346 2887 unquam
373 2824 556 2886 Regum
576 2824 843 2869 attentasset.
911 2823 982 2869 Re
1004 2822 1149 2885 igitur
1185 2821 1233 2868 in
1271 2820 1460 2868 confilio
1493 2820 1763 2876 deliberata,
1787 2823 1836 2869 in
1873 2822 1926 2872 id
1977 2822 1984 2837 ⁶

144 2904 305 2935 omnes
327 2885 664 2942 consenserunt,
686 2886 728 2934 se
751 2903 843 2934 non
857 2886 1114 2947 objec‘turos
1133 2885 1264 2949 regni
1287 2885 1402 2933 vires
1425 2885 1625 2933 hostibus
1647 2887 1705 2934 ad
1728 2880 1982 2947 cujusviss‘

142 2951 312 3016 privati
333 2950 535 2998 hominis
556 2950 816 3007 arbitrium,
841 2949 1089 3014 praesertim
1112 2951 1218 2997 cum
1242 2967 1327 2998 nec
1348 2950 1782 3014 Regibusunquam
1806 2951 1925 3015 legi·-
1970 2973 1986 3014 j

143 3017 268 3064 timis
287 3016 334 3064 in
352 3032 408 3066 eo
429 3033 600 3080 genere
624 3033 780 3079 parere
802 3015 1098 3070 consuessent,
1124 3016 1204 3062 nifi
1227 3015 1359 3062 rebus
1383 3028 1627 3078 antequam
1651 3015 1926 3078 gericoepis-

140 3082 238 3129 sent
258 3081 307 3129 in
347 3079 540 3128 consilio
561 3080 821 3144 explicatis,-
859 3081 908 3130 ὃς
933 3080 1132 3128 multum
1153 3079 1342 3144 diuque,
1365 3080 1590 3142 expenfis.
1658 3081 1795 3127 Hanc
1816 3085 1935 3135 vero'-

140 3145 402 3210 imperandi
418 3144 652 3192 licentiam
676 3145 795 3209 quid
812 3145 941 3194 aliud
959 3145 1061 3199 effe,
1083 3145 1164 3192 nisi
1183 3143 1504 3199 tentationem,
1523 3148 1662 3207 q‘uam
1701 3143 1928 3207 patienter

143 3210 432 3272 tyrannidem
456 3209 574 3258 ferre
597 3210 786 3273 poffent.
854 3211 1018 3274 Itaque
1040 3208 1265 3257 Osellium
1283 3210 1451 3272 jubent
1473 3208 1706 3257 machinas
1735 3209 1929 3256 reduce&
1978 3263 1982 3266 ,

143 3290 193 3321 re
217 3293 228 3321 ε
264 3276 313 3323 ni
363 3287 503 3330 areat,
527 3291 683 3338 poena,
705 3292 810 3338 quae
828 3291 856 3322 a
863 3273 1182 3339 proditoribus
1199 3274 1328 3338 exigi
1346 3274 1525 3329 soleret,
1547 3273 1738 3330 indicia
1805 3272 1936 3338 Hares

71 3381 77 3385 ,
146 3291 448 3386 ῐιιοΙείὶὶίῖὶηιε
459 3340 664 3388 tulerunt
680 3340 886 3404 Regens,
904 3344 946 3388 sc
969 3337 1168 3388 Osellius
1189 3355 1202 3388 z
1227 3339 1356 3402 quod
1374 3339 1523 3387 altera?
1536 3337 1678 3394 suam,
1701 3336 1817 3386 alter
1832 3338 1926 3395 R&

197 3466 264 3516 (r)
292 3464 378 3504 The
396 3477 500 3508 town
529 3470 576 3522 of
597 3468 834 3522 Ayemouffl,
853 3482 942 3510 near
964 3476 1005 3508 to
1111 3466 1177 3518 (2)
1207 3468 1458 3522 subintellige
1483 3463 1926 3521 indignabmnmaffiztr&

145 3518 335 3565 Berwick,
356 3520 395 3557 in
413 3521 478 3558 the
497 3521 617 3570 Mers,
635 3525 805 3577 standing
825 3537 925 3576 upon
940 3522 1005 3564 the
1058 3523 1253 3564 debantur.
1711 3519 1715 3525 ’

146 3572 281 3612 mouth
299 3571 343 3610 of
359 3571 424 3611 the
443 3573 539 3612 river
558 3578 658 3626 Aye,

1839 3674 1930 3741 gis}
