2025 3833
162 147 294 215 344
478 131 840 196 RERUM
932 133 1628 210 Sco'rrcARUM

222 225 423 273 XXXII.
457 228 581 274 Inter
602 226 682 272 hos
714 226 828 272 aulae
860 243 1006 273 mores
1033 229 1147 274 ordo
1167 231 1484 279 ecclesiasticus
1504 235 1648 282 nihilo
1666 238 1854 291 sanstius
1877 250 1929 292 'a-

158 288 315 351 gebat.
358 289 563 351 Qanvis
583 290 705 335 enim
731 291 858 344 luxu,
886 296 922 336 ἃ
943 292 1129 339 avaritia
1144 292 1241 353 jam
1264 296 1432 342 multos
1456 313 1597 345 annos
1615 303 1811 351 ecclefiae
1839 310 1927 355 mi-

159 351 285 399 nistri
317 353 600 405 laborass'ent,
631 353 900 400 remanserat
934 369 1084 402 tamen
1110 357 1259 404 adhuc
1287 359 1456 422 species
1488 363 1695 422 quaedam
1729 370 1929 432 antiquae

159 417 411 479 gravitatis,
447 433 549 477 quae
591 422 630 462 Sc
662 416 860 463 stimulos
884 417 1037 466 literas
1068 420 1344 468 discentibus
1366 425 1570 479 adderet,
1597 432 1638 473 δε
1663 429 1743 491 qui
1770 430 1815 476 in
1840 435 1930 480 dis.

158 482 307 526 cendo
330 479 632 551 profecissent,
658 481 779 542 spem
805 483 1105 530 emolumenti
1128 485 1192 531 eis
1224 486 1447 547 injiceret.
1484 490 1789 552 Eligebantur
1808 494 1933 545 enim.
2006 543 2009 546 ,

158 542 370 605 Episcopi
391 544 414 588 Ξι
437 543 644 606 collegiis
669 545 1028 601 Canonicorum‚
1053 554 1091 594 ἃ
1118 550 1468 597 Coenobiarchce
1499 568 1524 598 a
1546 554 1630 601 suis
1660 555 1885 606 sodalibus
1915 577 1928 608 t

158 622 255 653 tum
280 622 429 652 autem
454 607 643 660 aulicos,
671 609 754 670 qui
774 610 915 672 Regis
946 612 1167 667 animum,
1197 619 1235 660 &
1259 632 1386 662 aures
1413 616 1700 673 obsederant,
1726 620 1838 667 lucri
1863 624 1932 670 os-

159 682 328 717 tentata
346 671 632 734 magnitude,
655 678 695 719 δι
714 689 890 728 eorum,
914 676 1081 737 quibus
1105 694 1208 724 cum
1231 693 1457 726 certamen
1478 681 1597 737 esset,
1618 683 1854 733 infirmitas
1873 689 1931 735 eo

158 734 290 780 facile
309 736 540 796 perduxit.
563 750 612 782 ut
634 738 753 800 Regi
771 738 1022 794 suaderent,
1045 758 1100 787 nc
1122 759 1216 789 rem
1236 743 1349 790 tanti
1369 743 1667 792 emolumenti
1690 764 1823 805 penes
1843 751 1928 798 ho-

155 799 301 845 miues
341 799 665 862 ignaviffimos,
690 806 739 850 δε
762 805 819 850 ad
846 804 1017 850 nullam
1041 806 1102 852 rei
1127 807 1324 869 publicae
1347 822 1522 870 partem
1552 813 1861 872 capessendam
1889 816 1929 862 i-
1995 842 2005 854 ›

152 864 324 910 doncos
342 864 426 910 esse
446 865 631 912 fineret:
658 865 729 913 sed
748 869 1011 929 potestatem
1024 869 1289 933 designandi
1306 888 1421 934 quos
1436 875 1591 930 vellet,
1607 876 1663 921 ad
1680 876 1720 922 se
1743 893 1932 926 revoca->

151 940 237 974 ret.
305 929 418 975 lude
441 929 564 975 enirn
592 946 682 976 non
715 931 999 987 defuturum,
1025 935 1143 980 unde
1171 939 1221 984 δε
1243 950 1532 984 contumaces
1558 940 1839 1001 reprimeret,
1872 947 1925 993 &c

152 991 318 1038 dubios
339 993 567 1040 retineret.
593 999 634 1041 δι
678 995 794 1042 bene
813 996 985 1043 meritis
1005 999 1197 1062 gratiam
1236 999 1440 1047 referret.
1508 1003 1648 1049 Nunc
1668 1017 1819 1051 autem
1845 1024 1928 1061 pe-

154 1073 233 1103 nes
252 1057 380 1120 vulgi
403 1058 562 1105 faecem
585 1058 797 1114 honores,
823 1065 862 1107 &
882 1077 992 1121 opes
1010 1063 1111 1117 effe,
1137 1080 1226 1110 non
1241 1064 1389 1110 minus
1411 1065 1458 1112 in
1482 1067 1679 1129 publicis
1703 1064 1930 1119 necessita-

151 1120 275 1168 tibus
298 1138 475 1183 parcos,
498 1139 636 1186 quam
660 1123 706 1170 in
729 1124 985 1172 domesticis
1010 1128 1323 1190 voluptatibus
1356 1130 1580 1191 profusos.
1650 1133 1808 1180 Unum
1833 1137 1928 1182 Re-

149 1200 256 1248 gem
279 1188 363 1232 ess'e
384 1199 612 1247 oportere,
632 1189 678 1235 in
698 1205 836 1251 quem
854 1191 1063 1238 omnium
1086 1192 1207 1239 oculi
1232 1193 1315 1239 smt
1337 1192 1503 1241 intenti
1525 1214 1535 1242 :
1557 1212 1695 1258 penes
1714 1214 1850 1258 quem
1872 1200 1927 1247 fit

151 1255 201 1300 δε
223 1250 464 1314 puniendi,
491 1257 531 1298 δι
549 1252 830 1315 ignoscendi,
857 1260 897 1302 &
920 1257 1241 1309 remunenandi
1280 1257 1488 1305 facultas.
1558 1261 1679 1307 Cum
1699 1262 1786 1318 his,
1808 1269 1847 1310 δι
1873 1264 1928 1311 si-
1988 1287 1996 1293 ·

149 1314 337 1362 milibus
369 1314 693 1363 blandimentis
715 1319 857 1382 Regis
877 1319 1080 1366 animum
1105 1334 1236 1368 aetatc
1257 1321 1507 1378 infirmum,
1535 1340 1617 1371 nec
1640 1325 1741 1374 satis
1763 1328 1926 1375 adver-

149 1381 218 1426 sus
237 1379 477 1442 pecuniam
501 1381 700 1436 firmum,
724 1387 764 1429 δε
784 1400 922 1445 prava
942 1385 1265 1432 consuetudine
1286 1386 1628 1443 labefaffitatum‚
1652 1395 1692 1437 δε
1716 1390 1744 1436 a
1766 1404 1927 1442 natura

149 1461 346 1508 pronum
375 1445 431 1491 ad
455 1445 687 1493 licentiam
708 1446 755 1493 in
779 1447 900 1494 suam
924 1448 1190 1496 sententiam
1215 1451 1540 1511 pertraxissent,
1564 1453 1783 1501 continuo
1807 1473 1926 1504 nova
1991 1497 2005 1509 Ἰ

148 1525 296 1556 rerum
317 1509 454 1556 facies
478 1526 558 1571 per
579 1523 722 1557 totum
742 1528 933 1574 regnum
954 1515 1114 1568 oritur,
1131 1514 1263 1560 rebus
1285 1515 1499 1562 omnibus
1519 1529 1608 1564 tam
1632 1517 1763 1565 sacris
1781 1521 1923 1583 quam

147 1574 351 1636 profanis
374 1573 420 1619 in
445 1575 591 1620 aulam
617 1575 745 1621 velut
767 1576 824 1621 ad
847 1577 1079 1639 publicam
1104 1578 1481 1627 nundinationem
1505 1583 1761 1645 propositis.

211 1638 442 1686 XXXIII.
480 1636 702 1684 Patricius
737 1653 888 1686 autem
929 1642 1148 1696 Gramus,
1181 1642 1265 1713 qui
1295 1644 1656 1706 praecipitantem
1688 1648 1922 1695 ecclesiam
1997 1694 2009 1708 ‚

147 1718 264 1750 unus
285 1702 413 1748 velut
430 1701 775 1757 sufflaminabat,
798 1706 901 1751 cum
923 1705 1124 1752 inimicis
1141 1722 1297 1752 omnia
1313 1707 1442 1754 domi
1461 1709 1738 1764 tenentibus,
1760 1712 1921 1759 Romae

143 1768 324 1830 aliquot
356 1782 498 1814 annos
522 1767 791 1821 subsedisset,
827 1769 995 1816 certior
1024 1787 1106 1833 per
1126 1769 1295 1817 amicos
1330 1769 1490 1828 fastus,
1524 1790 1616 1836 quo
1639 1774 1685 1820 in
1709 1777 1819 1824 statu
1852 1793 1923 1824 res
1993 1778 1997 1781 ⁴

145 1833 300 1887 essent,
325 1831 465 1878 fretus
484 1831 827 1904 propinquitate
849 1834 1011 1898 Regis,
1036 1852 1060 1881 e
1083 1834 1209 1896 cujus
1232 1834 1372 1881 amita
1392 1853 1559 1900 magna
1580 1850 1707 1885 natus
1726 1852 1839 1895 erat,
1866 1841 1919 1890 ad

145 1897 243 1944 suos
266 1896 412 1943 redire
436 1896 585 1942 statuit
608 1913 618 1943 :
644 1902 684 1943 δε
707 1910 755 1943 ut
776 1898 953 1945 animos
976 1899 1215 1946 hominum
1238 1913 1531 1963 pertentaret,
1551 1902 1758 1965 diploma
1779 1905 1834 1951 de
1857 1909 1920 1953 le·
1989 1907 1994 1914 '

141 1960 330 2025 gatione
351 1961 596 2023 impetrata
618 1962 849 2022 praemifit.
871 1969 911 2010 &
929 1963 1317 2028 promulgandum
1337 1967 1526 2018 curavit,
1542 1967 1690 2014 mense
1713 1969 1921 2031 Septem-

143 2026 231 2080 bri,
252 2025 359 2072 anni
381 2041 481 2088 ¹47
499 2042 542 2072 2.
563 2041 665 2087 qua:
690 2041 757 2071 res
778 2032 818 2073 ἂν
837 2044 1051 2092 magnam
1071 2028 1113 2075 ei
1133 2028 1351 2076 invidiam
1374 2031 1517 2077 statim
1537 2031 1769 2079 cor-flavit.
1795 2034 1921 2082 Nam

141 2091 225 2152 qui
243 2090 528 2137 redemerant
547 2089 596 2136 in
619 2091 723 2135 aula
744 2091 938 2139 honores
960 2092 1295 2147 ecclesiasticos,
1320 2110 1377 2140 ne
1398 2096 1620 2158 praedam,
1642 2100 1689 2145 &
1713 2097 1919 2159 precium

146 2155 278 2202 fimul
301 2154 579 2209 amitterent,
604 2156 870 2202 metuebant
891 2175 901 2202 :
935 2159 985 2205 δι
1008 2156 1088 2220 qui
1106 2157 1228 2220 spem
1251 2158 1479 2205 crescendi
1501 2176 1557 2205 ex
1580 2159 1729 2207 aulica
1749 2161 1923 2209 nundi·

144 2219 332 2267 natione
352 2232 676 2281 conceperant,
711 2218 888 2267 aditum
913 2220 994 2267 fibi
1016 2220 1187 2268 obstrui
1220 2221 1454 2269 dolebant.
1524 2225 1627 2271 Nec
1657 2224 1806 2271 minus
1830 2226 1920 2274 fre·

142 2283 299 2331 mebat
318 2300 374 2330 ea
394 2283 549 2338 factio,
570 2299 677 2348 quae
698 2283 946 2332 sacerdotia
968 2285 1249 2333 mercenario
1264 2287 1423 2350 questu
1445 2286 1473 2333 εὶ
1496 2289 1625 2351 Re'ge
1646 2287 1919 2352 impetrave-

140 2361 262 2404 rant,
291 2349 367 2395 vel
389 2348 634 2412 impetrata
654 2347 754 2396 aliis
776 2349 1101 2402 divendebant,
1133 2367 1191 2397 ne
1213 2367 1357 2414 genus
1380 2351 1497 2398 illud
1519 2349 1633 2399 lucri
1658 2353 1684 2399 ἐ
1707 2354 1918 2402 manibus

140 2413 409 2476 eriperetur.
476 2413 546 2461 Hi
565 2429 724 2459 omnes
745 2413 1061 2476 conjuratione
1078 2413 1196 2461 faeta
1217 2414 1469 2462 maledifi'tis
1491 2415 1735 2463 Patr-icium
1760 2418 1917 2466 absen-

139 2490 233 2524 tem
252 2488 460 2532 onerant,
477 2483 516 2524 δι
541 2476 588 2524 in
603 2477 798 2540 Regiam
812 2478 994 2526 collecti
1016 2492 1273 2542 queruntur
1292 2481 1464 2527 vetusta
1485 2481 1707 2542 majorum
1724 2480 1846 2541 jura,
1873 2488 1916 2531 δε

140 2541 342 2589 recentia
368 2542 554 2606 Regum
576 2540 727 2589 edicta
745 2542 925 2598 violari,
949 2559 1002 2589 ac
1023 2545 1169 2590 multa
1191 2542 1397 2591 universo
1414 2560 1557 2655 reffino
1579 2545 1793 2593 damnosa
1836 2562 1917 2609 per

137 2605 448 2653 Romanenses
470 2604 637 2671 agitari
667 2625 677 2653 :
705 2622 902 2669 quorum
926 2607 1113 2654 libidini
1130 2607 1211 2654 nisi
1234 2609 1410 2655 mature
1439 2626 1468 2656 o
1503 2608 1626 2656 viam
1648 2621 1791 2665 eatur,
1817 2611 1914 2659 Re-

140 2686 251 2734 gem
273 2669 400 2717 brevi
422 2669 472 2718 in
493 2669 703 2718 ordinem
725 2671 958 2718 redaCtum
979 2670 1053 2727 iri,
1079 2677 1118 2719 &
1143 2688 1281 2735 penes
1302 2673 1406 2719 illos
1429 2672 1635 2720 omnium
1658 2690 1807 2720 rerum
1832 2691 1926 2738 po·
1972 2711 1974 2713 .

141 2735 345 2782 testatem
379 2733 493 2782 fore.
561 2735 618 2782 Id
652 2735 909 2797 periculum
934 2748 986 2782 ut
1014 2737 1335 2798 praevenirent,
1370 2754 1426 2784 ex
1448 2737 1632 2784 decreto
1660 2738 1835 2785 consilii
1857 2739 1917 2788 ad.

139 2798 391 2847 Patricium
411 2799 489 2847 vix
510 2797 616 2846 navi
637 2799 858 2863 egressum
882 2799 1011 2855 miffi,
1035 2799 1117 2863 qui
1138 2813 1360 2855 vetarent,
1386 2818 1442 2848 ne
1465 2803 1607 2848 ullam
1629 2801 1694 2848 sui
1716 2803 1916 2852 muneris

138 2876 318 2926 partem
339 2863 602 2927 attingeret,
627 2863 776 2910 donec
808 2865 909 2911 Rex
931 2864 990 2911 de
1009 2864 1310 2926 querimoniis
1332 2864 1539 2912 adversus
1561 2881 1666 2912 eum
1689 2867 1747 2913 ad
1769 2866 1812 2913 se
1832 2868 1916 2914 de-

137 2926 242 2976 latis
261 2927 574 2993 cognosceret.
640 2926 756 2974 Dies
774 2925 910 3000 dieta,
935 2940 988 2974 ut
1008 2928 1287 3002 Edirnburgi
1303 2929 1468 2977 adeffet
1484 2930 1541 2976 ad
1564 2930 1792 2977 Calendas
1811 2931 1915 2993 No·
1939 2945 1942 2948 ·

137 2992 366 3041 vembres.
423 2994 607 3041 Interea
625 3005 733 3039 cnm
754 2991 912 3046 amici,
945 2995 997 3043 δε
1017 3007 1270 3056 propinqui
1291 2994 1630 3049 confirmarent,
1665 2995 1843 3069 Regem
1862 2995 1915 3044 in
1975 3016 1990 3028 ··

138 3069 232 3105 tam
246 3055 362 3118 justa
374 3056 506 3105 causa
516 3073 611 3105 non
627 3055 842 3120 iniquum
859 3056 974 3111 fore,
986 3055 1128 3120 idque
1145 3074 1201 3105 ex
1219 3056 1478 3105 rumoribus
1496 3057 1678 3106 adversa
1690 3058 1829 3107 fache
1841 3075 1914 3107 re·-

132 3119 298 3178 sciss'et,
332 3121 493 3196 Regis,
528 3123 581 3173 Sc
617 3120 870 3169 aulicorum
893 3121 1068 3168 animos
1091 3137 1271 3185 magna:
1300 3121 1508 3185 pecuniae
1538 3120 1825 3185 promi‘ffione
1846 3123 1914 3172 ita

136 3184 225 3232 sibi
244 3185 469 3242 devinxit,
493 3198 544 3234 ut
564 3201 801 3250 nunquam
818 3185 986 3234 deinde
1004 3185 1224 3233 Patricius
1248 3202 1381 3251 aequo
1396 3186 1501 3248 jure
1521 3202 1625 3234 cum
1649 3185 1912 3236 adversariis

135 3250 416 3298 contendere
436 3249 657 3315 potuerit.
725 3252 780 3299 In
802 3263 1082 3298 conventum
1101 3250 1273 3298 accitus
1294 3256 1401 3299 cu'm
1423 3250 1678 3314 diplomata
1697 3249 1910 3315 protulis-

1983 2369 2020 2525 Ἠὲυὶκῖ,
1988 2269 2018 2355 ero*-
2000 2223 2014 2246 ,κ

1991 2512 2021 2581 ΡΞὲ

1980 2673 2021 3007 .-,.*’τ-.»ἰ’·τ;ἱ“<ἶ-5·ε;
1985 2581 2021 2659 τὰς·

135 3310 219 3368 set,
240 3312 269 3360 e
282 3313 450 3377 quibus
468 3313 725 3364 ostenderet
746 3315 790 3363 se
809 3314 837 3361 ὲ
860 3316 1075 3363 Romano
1096 3313 1338 3373 *Pontifice
1389 3314 1804 3379 Archiepiscopum
1823 3304 1924 3376 1³⁸4,
1965 3350 2005 3367 -.

135 3374 188 3424 ni
209 3376 427 3451 Andreae,
444 3379 688 3442 primatem
710 3379 895 3436 Sentice,
915 3382 966 3430 Gt
986 3379 1194 3453 legatum
1210 3380 1270 3426 ad
1285 3378 1632 3427 ecclesiasticum
1653 3380 1817 3427 statum
1832 3389 1921 3427 ου’

133 3438 393 3513 ’ᾥιιωάυπι
414 3458 463 3488 m
485 3443 733 3491 triennium
745 3457 968 3497 creatum,
986 3460 1020 3490 -a
1041 3441 1294 3494 minoribus
1310 3443 1506 3505 quidem
1518 3440 1909 3516 sacerdotibus&
1971 3439 1986 3459 ⁵·

135 3514 197 3551 ns
219 3519 352 3567 aequo
373 3505 528 3552 animo
548 3507 829 3566 estpanditus.
868 3508 1152 3557 Gaudebant
1170 3508 1296 3556 enim
1315 3522 1480 3554 munus
1497 3519 1591 3555 tam
1613 3505 1908 3557 necessum
1964 3511 1972 3516 '

135 3564 240 3620 viro
260 3567 402 3643 bono,
425 3570 479 3623 &c
498 3569 679 3622 erudito
699 3570 1000 3623 commissum.
1072 3573 1161 3625 Sed
1198 3570 1251 3624 hi
1285 3583 1416 3622 metu
1450 3569 1672 3639 potentia
1690 3566 1908 3694 11103*ιᾶιέ
