2006 3858
273 144 562 209 Linea
654 136 1559 202 Dactmusrrm‘rxus.
1682 133 1810 196 375

58 244 247 298 fecisset,
271 243 489 290 bellicum
516 237 728 290 sonuerit,
755 239 802 283 ὃς
824 234 925 280 suos
957 231 1012 277 ad
1036 225 1214 275 fortiter
1248 219 1562 269 dimicandum
1586 214 1638 261 sit
1665 214 1820 260 horta·

60 325 150 358 tus.
219 308 377 356 Minor
400 303 541 355 navis,
565 316 667 362 quae
698 299 739 344 se
761 300 981 361 imparem
1005 290 1118 342 hosti
1146 304 1331 336 cernens
1355 285 1402 331 in
1434 283 1594 346 fugam
1617 274 1820 330 dederat,

55 374 238 422 minore
255 388 360 418 cum
383 364 626 416 certamine
645 363 813 407 dedita.
882 359 979 422 Qi
1001 373 1056 404 ex
1076 369 1265 416 utraque
1285 348 1401 396 caedi
1419 344 1750 409 superfuerunt,
1774 341 1823 384 in

52 454 288 485 carcerem
313 429 515 480 Londini
536 425 726 475 conditi.
796 424 908 470 lnde
930 423 986 468 ad
1011 423 1186 481 Regem
1206 414 1432 480 producti,
1453 426 1576 463 cum,
1602 419 1653 452 ut
1673 403 1825 450 edoni

64 504 124 549 ab
149 500 312 564 Anglis
336 499 531 547 fuerant,
556 488 818 552 suppliciter
841 487 980 532 vitam
1005 494 1310 546 precarentur,
1334 476 1412 523 ille
1448 473 1634 537 superba
1657 467 1833 515 miseri-

61 566 231 613 cordiae
254 558 550 609 ostentatione
576 556 753 616 inopes,
779 556 826 599 Sc
848 548 1060 595 innoxios
1083 546 1333 593 incolumes
1365 540 1558 587 dimisit.
1616 532 1757 582 Missis
1780 532 1829 577 in

68 627 286 691 Angliam
310 643 336 671 a
359 627 494 671 Scoto
517 619 698 683 legatis,
723 615 802 678 qui
827 615 883 660 de
906 612 1095 658 navibus
1113 610 1159 655 in
1181 625 1289 670 pace
1312 605 1472 669 captis,
1499 607 1545 650 ὅ(
1570 596 1829 647 νεξὶοι·ἰ’[ςυ3

2 698 8 702 ”
60 694 185 739 caesis
208 686 594 752 conquererentur
620 702 630 729 z
669 678 943 743 responsum,
980 675 1152 720 foedera
1182 673 1429 733 piratarum
1462 667 1586 713 ccede
1613 679 1702 709 non
1727 659 1829 706 vio-

68 755 169 810 lari,
196 772 277 801 nec
299 770 397 801 eam
420 750 521 797 satis
546 748 775 795 honestam
799 742 912 788 belli
932 738 1107 785 causam
1133 737 1244 782 fore.
1312 733 1421 779 Hoc
1444 728 1700 793 responsum
1723 738 1833 771 con-

68 821 280 881 temptim
306 814 539 879 purgantis
559 810 803 859 manifestae
827 804 963 853 caedis
990 802 1180 854 crimen,
1206 814 1311 844 cum
1334 797 1460 843 velut
1482 794 1591 841 belli
1617 794 1686 854 (1)
1706 804 1833 852 quae·

69 884 207 932 rentis
231 884 314 931 esse
333 882 579 932 videretur,
607 873 768 937 Angli,
792 871 872 933 qui
894 866 1064 915 limites
1088 865 1300 912 accolunt
1322 878 1378 907 ex
1408 861 1558 912 rebus,
1582 872 1685 919 quae
1708 869 1839 917 gere·

70 949 301 1002 rebantur,
325 945 531 992 animum
548 940 613 987 sui
636 939 776 1000 Regis
805 930 1093 997 interpretati
1117 929 1324 974 homines
1348 925 1464 986 saepe
1488 924 1535 968 in
1559 937 1668 984 pace
1693 917 1837 964 maxi-

71 1014 194 1060 xime
218 1010 464 1073 tranquilla
486 1006 598 1052 belli
619 1003 787 1050 semina
807 999 1014 1062 spargere
1036 993 1171 1047 soliti,
1200 998 1240 1039 δε
1275 990 1359 1054 ipsi
1383 989 1516 1035 rebus
1538 984 1666 1032 novis
1688 983 1841 1030 inten-

73 1077 110 1125 ti
132 1079 306 1140 praedas
330 1076 355 1122 ὲ
378 1069 599 1137 proximis
622 1067 861 1114 Scotorum
884 1061 1004 1126 agris
1024 1059 1235 1123 agebant.

138 1143 314 1188 XXIX.
347 1141 456 1186 Erat
475 1152 526 1183 ea
544 1133 805 1195 tempestate
830 1129 899 1190 (2)
924 1123 1185 1172 Alexander
1208 1115 1410 1167 Humius
1434 1114 1652 1161 omnibus
1676 1109 1839 1159 Scotiae

72 1205 316 1260 limitibus,
342 1203 423 1266 qui
445 1202 492 1247 in
516 1213 602 1246 tres
638 1193 899 1258 provincias
931 1187 1078 1236 dividi
1102 1185 1320 1237 solebant,
1347 1197 1463 1227 unus
1488 1178 1742 1242 praefectus,
1768 1177 1843 1222 Ia-

76 1271 195 1317 cobo
214 1269 403 1332 quidem
421 1263 541 1327 Regi
565 1263 858 1309 vehementer
881 1270 1026 1306 carus,
1053 1251 1126 1297 sed
1149 1247 1386 1299 ferociore‚
1411 1260 1549 1307 quam
1569 1241 1767 1304 publicae
1791 1256 1843 1285 u·

75 1334 234 1381 tilitati
255 1346 353 1381 tum
370 1329 646 1392 expediebat
667 1322 872 1388 ingeniO.
921 1319 964 1366 Is
983 1315 1104 1379 Regi
1122 1313 1179 1360 ad
1197 1311 1307 1359 belli
1326 1325 1454 1357 curas
1476 1306 1708 1359 converso,
1727 1309 1766 1350 &
1786 1303 1845 1348 de

78 1410 265 1459 accepta
288 1415 366 1460 per
387 1393 662 1443 incursiones
684 1385 942 1451 ignominia
975 1379 1173 1428 delenda
1194 1374 1370 1423 solicito
1392 1372 1637 1436 pollicetur
1658 1369 1717 1424 se,
1741 1381 1848 1413 cum

17 1470 22 1483 “
77 1461 368 1526 propinquis,
393 1465 440 1508 sc
474 1455 720 1504 clientibus
759 1449 889 1497 brevi
921 1447 1204 1497 effecturum,
1231 1453 1282 1488 ut
1306 1438 1466 1501 Angli,
1492 1436 1522 1483 si
1547 1433 1673 1498 quod
1707 1448 1766 1479 ex
1799 1446 1850 1478 re

81 1529 197 1574 bene
220 1527 340 1590 gesta
358 1520 580 1589 gaudium
604 1516 892 1579 accepissent,
919 1525 1089 1574 magno
1110 1508 1297 1560 damn0‚
1324 1509 1362 1550 &
1386 1501 1610 1549 dedecore
1631 1497 1678 1544 id
1700 1498 1848 1543 luant.

18 1649 34 1656 γ’
82 1592 202 1640 Haec
223 1603 274 1638 ut
295 1591 522 1654 praestaret
539 1584 685 1633 tribus
715 1580 809 1628 fere
833 1574 1037 1626 millibus
1060 1572 1266 1636 equitum
1290 1563 1511 1619 collecti&
1537 1563 1756 1626 Angliam
1778 1560 1854 1607 in·

116 1657 267 1710 tessus,
291 1655 461 1717 septem
492 1648 728 1715 proximos
764 1658 909 1707 pagos
942 1652 1186 1702 antequam
1217 1630 1411 1681 succurri
1443 1628 1602 1693 posset,
1623 1623 1852 1691 spoliavit.

80 1674 179 1767 {ed
196 1720 306 1766 dum
329 1717 568 1765 revertitur
589 1728 695 1759 cum
716 1706 897 1773 ingenti
914 1704 1062 1752 omnis
1086 1698 1263 1766 generis
1287 1695 1458 1760 praeda,
1482 1691 1690 1739 homines
1712 1687 1858 1736 latro-

82 1783 217 1831 ciniis
239 1782 395 1830 assueti
422 1795 559 1828 morae
581 1774 870 1839 impatientes
894 1769 942 1816 in
971 1765 1143 1814 hostico
1167 1779 1267 1812 eam
1290 1759 1505 1808 dividunt
1529 1774 1540 1804 ε
1574 1762 1614 1805 &
1641 1770 1734 1819 qua
1754 1753 1852 1800 cui·

85 1863 177 1911 que
196 1847 458 1911 proximum
480 1854 591 1897 erat,
616 1842 777 1887 domos
800 1833 1100 1884 contendunt.
1169 1825 1433 1876 Alexander
1453 1838 1558 1870 cum
1594 1819 1751 1883 paucis
1773 1835 1856 1881 ag-

85 1926 193 1960 men
215 1912 429 1976 cogebat,
443 1925 494 1956 ac
516 1902 907 1970 prospiciebat,ne
928 1895 1089 1960 quain
1111 1894 1329 1940 abeuntes
1351 1887 1546 1935 incursio
1570 1887 1710 1932 fieret.
1765 1881 1856 1929 Sed

87 1992 194 2023 cum
217 1975 448 2023 neminem
477 1969 604 2034 sequi
634 1967 828 2020 videret,
853 1963 963 2009 dum
985 1957 1214 2007 incautius
1237 1955 1350 2020 agit,
1374 1950 1541 1999 incidit
1561 1949 1609 1997 in
1632 1957 1859 1996 trecentos

89 2041 270 2103 Anglos
293 2040 339 2086 in
372 2035 545 2086 insidiis
566 2033 813 2082 collocatos
834 2045 847 2076 ε
879 2026 961 2089 qui
983 2035 1165 2087 captato
1188 2034 1393 2083 tempore
1415 2032 1522 2063 eum
1546 2013 1696 2061 adorti
1716 2011 1861 2072 injec-

88 2104 327 2168 taingenti
340 2099 662 2166 trepidatione,
676 2095 724 2142 in
743 2109 857 2157 quos
875 2089 1136 2141 inciderint,
1152 2102 1229 2134 eos
1248 2083 1464 2135 fundunt,
1481 2079 1753 2144 fugantque.
1784 2076 1864 2123 In·

85 2185 145 2219 eo
156 2171 357 2219 tumultu
380 2169 402 2216 ὲ
427 2164 573 2214 Scotis
609 2160 867 2222 complures
881 2151 1233 2208 occisi‚ducenti
1249 2146 1389 2211 capti.
1422 2148 1476 2192 In
1499 2143 1553 2191 iis
1570 2145 1640 2208 (3)
1659 2140 1864 2204 Georgi-

90 2253 146 2284 us
168 2234 370 2284 Humius
394 2226 647 2279 Alexandri
664 2225 817 2277 frater,
841 2235 980 2283 quem
1004 2217 1150 2281 Angli
1169 2224 1359 2277 accepto
1390 2209 1652 2258 Comarcho
1673 2208 1866 2255 Herone

22 2336 31 2347 .
89 2301 128 2349 F
132 2296 373 2361 urdio‚qui
395 2296 458 2343 ob
477 2293 652 2342 caedem
674 2287 868 2336 Roberti
890 2283 1000 2332 Cari
1022 2281 1282 2345 complures
1305 2292 1447 2323 annos
1466 2274 1514 2321 in
1537 2271 1689 2321 Scotia
1709 2281 1862 2318 reten-

27 2418 31 2419 ⁷
94 2377 167 2413 tus
204 2364 370 2417 fuerat,
405 2357 690 2408 dimiserunt.
755 2350 914 2398 Praeda
946 2345 1116 2400 omnis,
1150 2343 1260 2409 quia
1291 2339 1372 2404 qui
1405 2356 1508 2387 eam
1540 2335 1756 2402 agebant,
1775 2334 1863 2383 iter

87 2436 418 2495 praeceperant,
440 2424 492 2472 in
511 2418 712 2470 scotiam
733 2413 979 2463 incolumis
1000 2410 1141 2460 venit.

160 2493 313 2541 XXX.
338 2493 456 2539 Haec
476 2486 631 2535 animo
647 2480 789 2554 Regis
806 2480 868 2528 ob
890 2493 960 2534 ea,
975 2491 1078 2542 quae
1099 2470 1358 2527 retulimuS,
1376 2484 1499 2533 aegro
1520 2467 1699 2531 objefita
1718 2465 1866 2513 offen-

96 2559 158 2608 fio
180 2575 286 2605 cum
325 2572 431 2603 eum
454 2553 549 2617 quo
579 2547 812 2612 *cupiditas
835 2543 1020 2608 agebat,
1044 2537 1332 2604 praecipitem
1363 2533 1642 2597 impelleret,
1664 2546 1867 2578 conven-

95 2634 196 2671 tum
216 2620 430 2670 ordinum
454 2618 512 2664 ad
530 2609 939 2664 consulendum·de
962 2606 1087 2654 bello
1108 2601 1284 2651 habuit.
1353 2599 1427 2646 Ibi
1445 2596 1603 2644 multis
1623 2593 1868 2661 prudenti-

98 2702 232 2735 orum
254 2697 415 2733 contra
435 2678 705 2733 nitentibus,
728 2675 884 2740 legato
905 2687 1014 2719 vero
1038 2669 1180 2716 Gallo
1203 2668 1399 2715 Lamota
1419 2661 1650 2726 precibus,
1676 2658 1869 2723 promis·

97 2751 246 2816 sisque
269 2750 476 2803 instante,
502 2751 543 2793 δι
563 2741 708 2793 literis
729 2737 899 2787 crebris
922 2735 1121 2783 Andreae
1159 2728 1374 2781 Formani
1391 2728 1554 2775 eodem
1579 2724 1868 2789 urgentibus,

98 2815 232 2880 Rege
246 2829 434 2879 quoque
454 2827 548 2859 non
569 2804 870 2856 dissimulante
888 2800 1006 2864 quid
1020 2799 1179 2853 vellet,
1194 2793 1437 2857 multisque
1455 2791 1497 2839 ei
1517 2788 1763 2856 gratificari
1780 2789 1870 2834 stu-

99 2879 333 2933 dentibus,
364 2875 557 2930 caeteris,
580 2871 662 2936 qui
686 2867 922 2934 pauciores
943 2877 1088 2919 erant,
1111 2879 1170 2910 ne
1191 2859 1351 2908 frustra
1371 2855 1624 2921 pugnando
1646 2851 1871 2918 principis

28 2952 33 2957 “
101 2941 471 3009 indignationem
490 2938 541 2988 in
561 2937 604 2984 se
621 2932 941 2986 accenderent,
965 2924 1303 2977 assentientibus
1323 2922 1498 2970 bellum
1516 2934 1649 2974 terra,
1667 2914 1876 2978 marique

101 3008 312 3074 adversus
331 3006 511 3071 Anglos
532 3002 758 3049 incertum
779 2997 934 3061 pejore
955 2992 1161 3048 consilio,
1181 3006 1239 3039 an
1260 2999 1427 3036 eventu
1448 2982 1706 3032 decernitur
1726 2998 1737 3027 z
1773 2980 1872 3027 dies

100 3071 324 3120 exercitui
340 3071 399 3119 ad
415 3064 784 3118 conveniendum
803 3061 1021 3110 indictus.
1087 3057 1123 3104 F
1126 3052 1300 3103 oecialis
1320 3050 1370 3099 in
1392 3047 1598 3096 Galliam
1619 3045 1677 3094 ad
1695 3044 1873 3093 Henri·

161 3201 223 3253 (1)
251 3200 338 3239 The
355 3200 455 3238 word
489 3197 635 3235 causam
665 3203 705 3233 to
728 3193 773 3232 be
791 3193 961 3242 repeated
1015 3188 1080 3226 the
1097 3183 1266 3223 heiresses
1284 3181 1329 3219 of
1341 3178 1537 3228 Dunglass‚
1555 3177 1676 3216 ca'led
1694 3175 1869 3227 Papedie‚

91 3255 206 3294 from
224 3254 289 3291 the
303 3254 471 3291 sentence
486 3248 742 3296 immediately
753 3245 960 3293 foregoing.
1014 3241 1060 3279 of
1072 3239 1138 3277 the
1169 3238 1250 3274 lord
1267 3234 1442 3272 Landells
1461 3232 1528 3279 (by
1555 3229 1684 3268 whom
1701 3229 1790 3279 they
1807 3239 1870 3278 got

162 3306 224 3358 (2)
251 3306 381 3344 Called
399 3302 612 3349 commonly
630 3300 696 3338 the
713 3305 813 3347 great
829 3297 962 3334 cham·
1015 3294 1056 3332 in
1071 3301 1182 3339 many
1191 3288 1236 3327 of
1243 3286 1358 3326 Bass's
1377 3286 1482 3324 lands
1493 3283 1585 3334 also)
1602 3284 1672 3322 and
1690 3282 1735 3320 of
1740 3283 1814 3320 Car
1828 3282 1876 3319 of
1939 3328 1943 3333 ἡ

50 3364 62 3373 ⁸
106 3359 268 3405 bet-lain,
282 3359 362 3396 lond
373 3355 582 3394 Hume.'1n
593 3353 652 3390 his
665 3352 759 3391 time
771 3350 836 3388 the
850 3349 963 3387 house
1016 3344 1249 3383 Samuelston
1267 3355 1277 3379 ς
1294 3341 1340 3378 of
1361 3339 1427 3377 the
1456 3339 1536 3377 lord
1554 3337 1768 3376 Alexander
1795 3334 1864 3373 and

101 3413 293 3455 oft-turne
310 3412 356 3461 by
376 3408 562 3458 marrying
577 3403 778 3443 heretrixes
807 3403 879 3440 had
897 3414 958 3438 ac·
1011 3399 1072 3436 his
1090 3395 1241 3445 tragical
1258 3392 1384 3440 death,
1411 3391 1526 3430 much
1550 3391 1581 3429 is
1601 3389 1740 3441 spoken
1757 3389 1868 3437 here?

112 3467 240 3516 quii-ed
259 3472 360 3513 great
377 3463 518 3506 estates,
537 3461 608 3496 and
627 3458 672 3508 by
695 3455 772 3494 this
789 3467 869 3505 way
886 3453 960 3492 had
1012 3451 1121 3489 after.
1696 3448 1697 3451 ’

39 3554 42 3558 .
105 3519 207 3558 risen
233 3527 273 3556 to
290 3524 390 3566 great
413 3526 536 3566 power
548 3526 564 3550 ·.
610 3510 669 3549 for
685 3509 819 3548 besides
848 3502 961 3556 many
1067 3501 1129 3555 (3)
1173 3501 1288 3546 After
1316 3499 1378 3544 his
1415 3497 1597 3547 hrothGK’S
1630 3495 1742 3540 death
1785 3495 1867 3536 10ῐᾶ

108 3574 250 3635 §deta
278 3570 344 3614 the
357 3571 456 3611 loide
472 3564 695 3616 themselves
710 3562 785 3606 had
800 3559 961 3606 married
1010 3556 1155 3604 Home.

1767 3644 1872 3680 Cum
