2085 3864
494 139 832 206 *Lrssm
927 137 1416 225 Qurrsr‘rus.⁸
1716 158 1840 226 127

76 244 223 309 fragio
243 243 292 289 in
310 239 456 287 castris
480 239 737 302 designatus
760 238 861 283 Rex
882 236 1114 298 Eugenius
1149 236 1363 300 septimus
1397 232 1562 297 prioris
1586 235 1725 299 Regis
1749 237 1840 283 fra-

76 322 158 356 ter.
229 309 271 353 Is
300 323 405 352 curn
424 320 584 367 parum
607 302 700 363 spei
722 301 770 347 in
799 299 998 346 exercitu
1035 301 1091 345 ab
1113 301 1248 348 inerti
1271 301 1400 364 Rege
1420 300 1613 346 collec'to
1646 318 1840 364 repone-

72 385 159 427 ret,
184 372 356 417 bellum
379 367 576 415 induciis
598 365 770 413 distulit
795 383 806 410 z
842 376 978 426 atque
1001 378 1186 426 accepta
1206 382 1346 412 uxore
1370 364 1614 427 Spondana
1637 365 1840 412 Garnar-

73 437 123 483 di
146 436 238 483 filia
262 433 431 497 nuptiis
456 431 619 478 finivit.
689 432 754 475 Ea
783 445 874 475 non
896 427 1011 474 adeo
1034 430 1179 475 multo
1199 429 1295 491 post
1317 448 1343 476 a
1365 428 1544 476 duobus
1568 427 1769 475 Atholiis
1792 429 1840 476 in

72 512 213 563 caput
246 498 387 560 Regis
422 494 668 557 conjuratis
701 492 750 540 in
784 493 952 540 leetulo
986 493 1183 550 confossa
1216 493 1368 556 periit.
1436 494 1537 539 Rex
1559 491 1668 538 falso
1687 492 1841 539 crimi-

73 565 144 612 nis
167 563 468 614 insimulatus,
494 559 690 620 &injus
709 558 868 605 du<ftus
888 569 990 602 ante
1013 557 1186 603 causam
1207 555 1374 617 dietam
1393 557 1679 620 deprehensis
1703 556 1840 603 caedis

71 626 376 690 patratoribus
398 625 617 671 liberatus
641 625 715 669 est.
785 620 930 668 Noxii
953 621 1177 683 exquisito
1202 621 1425 685 supplicio
1447 619 1613 684 puniti.
1666 621 1839 673 Rebus

71 692 183 738 foris
205 689 466 753 compositis
489 691 590 735 Rex
623 688 675 733 ad
715 685 835 748 pacis
859 701 996 748 opera
1020 685 1257 732 conversus
1280 687 1432 733 ocium
1451 686 1639 749 quidem
1662 685 1840 732 venati-
1868 729 1882 745 ,

75 772 163 802 one
186 756 458 802 oblectabat.
514 750 773 814 Religionis
796 750 844 795 in
867 749 1025 811 primis
1045 765 1198 796 curam
1220 751 1396 799 habuit.
1457 751 1566 812 Ejus
1586 750 1841 797 institutum

75 820 181 874 fuit,
205 832 252 866 ut
275 817 568 866 inscoenobiis
592 830 660 862 res
683 816 814 877 gestae
839 816 1022 877 Regum
1046 814 1279 860 memoriae
1303 815 1640 862 mandarentur.
1725 817 1843 861 Pace

73 896 296 946 perpetua
318 900 399 945 per
421 881 750 943 septemdecem
776 896 917 926 annos
941 894 1045 926 cum
1070 878 1282 925 omnibus
1305 880 1467 927 vicinis
1491 880 1753 927 continuata
1776 881 1842 926 A.

74 949 283 996 brenethi
302 947 425 994 diem
445 944 576 991 obiit.

138 1115 337 1161 XLVII.
368 1115 405 1159 E
423 1112 471 1159 U
489 1111 534 1157 G
547 1112 584 1157 E
598 1110 646 1156 N
663 1111 685 1156 I
699 1110 748 1156 U
764 1035 974 1171 SLgizirli}
997 1035 1114 1154 {nii
1131 1119 1326 1155 mortem
1351 1109 1624 1156 Mordacum
1644 1109 1844 1158 Amben

74 1177 251 1225 {zelet'ni
274 1177 414 1224 filium
441 1175 704 1239 proceribus
723 1172 1079 1220 commendavit.
1122 1172 1189 1218 Eo
1212 1186 1430 1235 regnante
1450 1190 1538 1235 pax
1560 1190 1641 1237 per
1664 1175 1843 1222 univer-

75 1244 165 1289 sam
200 1240 476 1289 Britanniam
509 1239 596 1286 fuit
633 1257 644 1285 z
691 1238 816 1298 cujus
840 1237 963 1283 Beda
993 1235 1073 1282 sub
1101 1236 1236 1282 finem
1262 1236 1455 1282 historiae
1486 1238 1572 1283 suae
1596 1238 1835 1285 meminit:

73 1324 158 1354 nec
181 1307 226 1353 in
249 1323 359 1368 pace
382 1305 520 1352 modo
543 1303 752 1356 colenda,
773 1301 848 1348 sed
872 1300 1146 1347 monasteriis
1165 1301 1301 1346 etiam
1321 1301 1537 1361 juvandis
1562 1302 1760 1363 Eugenii
1785 1320 1846 1348 ae-

73 1373 224 1418 mulus
247 1371 348 1418 fuit.
403 1368 627 1416 Candidae
647 1367 755 1413 casae
776 1366 1045 1413 coenobium
1069 1365 1273 1420 dirutum
1291 1366 1497 1413 restituit.
1554 1368 1748 1414 Ineunte
1766 1368 1844 1414 de-

74 1436 195 1483 cimo
225 1436 345 1483 sexto
370 1435 499 1498 regni
523 1450 641 1480 anno
665 1430 857 1479 deceffit.

138 1605 363 1653 XLVIII.
401 1606 443 1651 A
458 1605 507 1652 N
523 1605 571 1650 N
588 1604 632 1649 O
658 1602 752 1664 post
769 1526 934 1647 Ciiiiiii
954 1524 1201 1645 aliliEeffum
1217 1616 1324 1661 730.
1342 1599 1517 1646 Etfinus
1535 1601 1734 1663 Eugenii
1749 1601 1821 1664 sep
1839 1629 1848 1640 ·

76 1668 177 1716 timi
201 1670 316 1717 filius
358 1686 550 1732 regnum
587 1666 776 1725 suscepit
803 1684 812 1712 :
860 1671 899 1710 δε
931 1663 968 1709 is
994 1662 1307 1724 proxi-morum
1332 1666 1514 1727 Regum
1541 1665 1730 1712 aemulus
1766 1681 1847 1729 per

75 1731 224 1780 annos
241 1733 428 1790 triginta
451 1749 609 1784 unum,
634 1730 799 1791 quibus
824 1743 967 1791 regno
988 1726 1188 1789 praefuit,
1227 1728 1273 1773 in
1298 1729 1471 1774 summa
1506 1730 1844 1791 tranquillitate

76 1796 174 1843 suos
198 1790 439 1844 continuit.
475 1799 575 1858 Jam
599 1795 760 1848 senior,
786 1810 887 1839 curn
913 1809 993 1854 per
1015 1792 1056 1837 se
1077 1808 1167 1838 non
1192 1794 1333 1852 posset
1355 1793 1497 1855 Regis
1522 1810 1685 1840 munus
1710 1793 1847 1841 obire

78 1875 273 1923 quatuor
295 1862 529 1914 Draefeaos
549 1858 695 1912 dedit,
725 1858 803 1920 qui
821 1857 894 1918 jus
922 1856 1096 1917 populo
1117 1855 1338 1903 dicerent.
1414 1858 1474 1903 Iis
1498 1874 1592 1903 rem
1618 1858 1846 1905 Scotieam

68 1915 338 1984 regentibus
367 1924 602 1971 facinorosi
623 1923 847 1984 resumpta
869 1920 1056 1967 licentia
1076 1920 1149 1965 vel
1172 1921 1512 1983 magistratuum
1545 1921 1846 1985 negligentia,

75 1983 148 2035 νεἸ
175 1994 245 2051 (ut
264 1989 449 2051 quidam
474 1987 782 2045 crediderunt)
808 1986 943 2047 culpa
965 1983 1122 2030 omnia
1145 1982 1329 2030 miscere
1351 1999 1605 2048 coeperunt.
1691 1988 1780 2034 Sed
1800 2005 1848 2034 a·

72 2053 239 2100 lior-um
263 2053 426 2100 scelera
443 2053 630 2099 obscura
653 2051 761 2097 fecit
780 2048 984 2097 Donaldi
1007 2049 1269 2104 crudelitas,
1307 2055 1347 2096 &
1369 2049 1577 2112 superbia
1598 2068 1609 2097 ε
1657 2051 1738 2114 qui
1767 2068 1849 2114 per

77 2118 390 2164 Gallovidiam
414 2118 626 2181 grassatus
657 2117 845 2178 agrestes
877 2116 951 2160 vel
975 2113 1055 2160 fibi
1091 2113 1263 2160 tributa
1293 2115 1493 2178 pendere
1536 2115 1750 2180 cogebat,
1773 2117 1847 2163 vel

20 2243 24 2246 .
72 2181 286 2246 spoliatos
311 2183 367 2230 ad
386 2182 606 2244 summam
625 2180 864 2243 redigebat
885 2178 1109 2242 inopiam.

781 2272 933 2318 LXII.
970 2273 1012 2318 R
1037 2272 1074 2317 E
1100 2273 1160 2318 X.

139 2347 310 2395 XLIX.
345 2348 429 2395 IN
445 2349 491 2395 T
506 2350 542 2396 E
562 2349 602 2394 R
638 2347 719 2394 hos
741 2346 963 2394 tumultus
987 2344 1108 2409 Regi
1128 2357 1309 2392 mortuo
1331 2347 1539 2395 suffess’rus
1559 2349 1619 2396 est
1641 2350 1845 2414 Eugeni-

75 2428 126 2458 us
146 2415 330 2459 ofitavus
355 2413 565 2460 Mordaci
591 2411 726 2467 filius,
764 2410 844 2474 qui
868 2410 983 2456 nihil
1006 2410 1130 2472 prius
1155 2411 1269 2473 egit,
1295 2428 1433 2474 quam
1470 2414 1741 2461 Donaldum
1765 2415 1850 2461 ali-

75 2488 189 2538 quot
211 2477 406 2526 cruentis
431 2477 623 2524 frae'mm
647 2475 816 2539 praeliis
847 2474 999 2537 caepit,
1022 2490 1074 2526 ac
1095 2474 1369 2536 supplicium
1394 2493 1475 2524 ceu
1499 2478 1656 2525 laetum
1680 2479 1854 2543 specia-

75 2541 228 2587 culum
254 2541 621 2602 repraesentavit.·
657 2541 933 2588 Murdacum
959 2539 1243 2586 Gallovidiae
1265 2541 1531 2602 praefeRum
1554 2542 1726 2590 socium
1748 2545 1851 2591 Do-

75 2605 254 2652 naldini
291 2606 468 2654 sceleris
500 2605 763 2653 convisium
799 2603 917 2651 mori
941 2603 1094 2667 coegit
1119 2622 1129 2650 :
1178 2604 1380 2667 reliquos
1401 2607 1636 2670 praefefi‘ws
1655 2608 1851 2671 pecunia

60 2668 304 2716 ‘multavit
374 2671 553 2733 Populo
575 2670 764 2734 spoliato
787 2670 844 2716 de
866 2669 998 2716 bonis
1022 2685 1180 2716 eorum
1202 2669 1433 2718 satisfecit.
1485 2673 1667 2719 Harum
1689 2690 1848 2735 poena·

75 2750 177 2796 rum
194 2733 438 2782 formidine
455 2735 583 2782 malis
608 2735 876 2797 perterritis,
900 2734 1074 2780 summa
1096 2733 1425 2796 tranquillitate
1444 2738 1541 2798 post
1559 2737 1850 2784 turbulentis-

76 2797 232 2845 fimam
252 2800 560 2863 tempestatem
584 2799 801 2855 restituta,
842 2816 945 2846 cum
982 2797 1144 2845 vicinis
1170 2799 1376 2860 Regibus
1408 2801 1583 2848 foedera
1606 2801 1711 2849 ante
1734 2803 1851 2850 faita

77 2863 377 2912 confirmavit.
446 2866 621 2912 Verum
643 2865 756 2927 ipse,
777 2864 903 2925 cujus
924 2863 973 2910 in
991 2863 1125 2910 rebus
1148 2862 1342 2911 turbidis
1361 2864 1510 2928 gloria
1529 2878 1746 2921 creverat,
1767 2883 1851 2929 pa-

77 2941 129 2973 ce
152 2927 268 2974 fae’ta
287 2928 336 2975 in
359 2927 514 2976 omnia
544 2929 722 2993 flagitia
755 2945 967 2992 praeceps>
982 2928 1113 2982 abiit,
1151 2933 1191 2974 δε
1215 2943 1321 2975 curn
1344 2945 1428 2976 nec
1449 2933 1720 2986 amicorum,
1767 2947 1852 2978 nec

76 2990 358 3039 sacerdotum
392 2993 783 3041 admonitionibus
815 2993 1064 3056 quicquam
1086 3005 1362 3048 moveretur,
1398 2995 1495 3057 post
1513 2995 1697 3040 tertium
1719 2995 1852 3058 regni

71 3054 142 3101 sui
163 3073 332 3103 annum
353 3057 542 3105 inrcoetu
564 3074 806 3120 procerum
822 3057 1039 3105 omnibus
1062 3056 1110 3103 in
1138 3056 1233 3117 ejus
1252 3057 1445 3104 exitium
1465 3058 1851 3106 consentientibus

74 3120 300 3166 confossus
323 3121 474 3184 periit.
545 3122 667 3169 Socii
685 3123 921 3179 scelerum,
947 3128 988 3170 Sc
1011 3120 1292 3186 flagitiorum
1313 3121 1363 3169 in
1381 3138 1565 3169 crucem
1591 3123 1695 3179 asti,
1721 3129 1761 3172 ὅτ
1778 3123 1851 3188 ip7

77 3183 109 3231 fi
130 3197 312 3249 gratum
326 3186 510 3250 ,populo
527 3185 833 3250 spectaculum
857 3187 1111 3251 praebuere.

764 3271 943 3318 Lxln.
979 3271 1022 3316 R
1044 3259 1082 3317 E
1106 3270 1166 3316 X.

138 3338 194 3403 L.
234 3336 261 3385 S
278 3340 325 3387 U
342 3340 487 3388 CCE
504 3342 531 3388 S
549 3343 576 3388 S
594 3341 685 3402 ITx
709 3341 752 3390 ei
773 3341 1009 3407 Fergufius
1040 3342 1199 3389 tertius
1223 3342 1363 3391 Etfini
1397 3345 1535 3400 filius,
1560 3347 1642 3411 qui
1663 3347 1763 3411 pari
1798 3349 1869 3396 fi-,

76 3403 328 3451 mulatione
358 3405 557 3461 virtutis,
595 3411 635 3453 &
657 3405 874 3453 vitiorum
903 3405 1110 3455 foeditate
1134 3407 1235 3454 usus
1256 3408 1356 3471 pari
1378 3426 1524 3474 prope
1546 3412 1640 3459 fato
1663 3412 1855 3460 defunc-

74 3477 166 3521 tus,
187 3469 283 3529 pari
305 3469 445 3517 etiam
465 3469 625 3534 spatio,
646 3471 696 3516 id
715 3472 776 3517 est
791 3471 1208 3536 triennio-regnum
1229 3472 1378 3522 tenuit
1398 3491 1409 3521 ε
1444 3476 1582 3539 periit
1605 3489 1758 3524 autem
1776 3495 1856 3524 ve-

77 3537 197 3577 neno
215 3532 272 3578 ab
291 3550 431 3581 uxore
450 3536 573 3581 dato.
611 3535 710 3582 A-lii
727 3535 946 3591 scribunt,
971 3552 1078 3582 cum
1102 3551 1217 3582 uxor
1237 3537 1353 3601 saepe
1371 3541 1675 3602 exprobrasset
1697 3540 1739 3588 ei
1758 3557 1855 3588 ma-

0 3653 4 3657 .
78 3594 281 3645 trimonii
295 3611 627 3663 contemptum,
647 3601 922 3664 &pellicum
942 3617 1103 3666 greges
1111 3635 1123 3658 ,
1140 3617 1290 3667 >neque
1310 3603 1559 3671 quicquam
1577 3603 1855 3669 profecisset,

1754 3679 1857 3716 tan·
