2006 3858
396 113 810 192 A‘PUD
933 104 1493 184 ΣΓΟΤΟΞ.
1647 190 1650 193 ,
1798 128 1875 202 Ξῖ)

97 217 217 264 ‘neris
243 217 306 265 eis
329 217 580 294 imponere,
610 237 715 267 cum
740 219 810 266 illi
834 218 930 266 dies
967 217 1208 291 noctesque
1243 217 1359 264 nihil
1384 216 1510 264 aliud
1533 222 1693 286 agunt,
1730 233 1871 279 quam

98 295 149 329 ut
171 282 311 330 socios
333 287 457 330 oneri
482 285 670 331 ferendo
690 297 913 347 quaerant,
922 298 998 328 aut
1019 301 1064 328 1n
1090 298 1203 344 quos
1226 281 1416 328 omnino
1433 282 1471 328 fe
1494 292 1743 328 exonerent
1769 285 1783 327 ?
1812 283 1873 328 Et

100 359 131 390 t·
126 364 149 392 Ξ
169 347 300 394 inter·
307 366 350 395 m
375 349 605 411 indignari
625 352 808 403 videris,
834 350 958 410 quod
982 347 1293 394 laborantibus
1317 346 1560 393 subfidium
1585 345 1743 391 feram.
1798 345 1871 390 Μ.

99 411 202 474 Ego
226 429 411 475 quoque
433 415 629 460 libenter
663 415 712 460 ist
719 431 762 459 as
786 412 926 460 auxili
932 430 1026 458 ares
1061 411 1214 471 copias
1255 410 1443 472 recipio,
1486 412 1559 457 sed
1595 411 1706 456 tales
1730 408 1871 454 velim

97 492 202 537 (με
225 476 432 531 serviant,
458 495 548 525 non
573 495 710 540 quaei
721 490 924 549 mperent
964 498 976 532 ς
1010 493 1208 538 muneque
1241 475 1360 521 viam
1386 476 1744 537 praemonstrent,
1778 490 1833 518 n
1826 490 1872 518 n

96 554 191 601 qao
215 541 358 587 velint
381 543 566 596 ducant,
592 560 667 589 aut
691 559 764 586 ve·
772 545 837 586 ius
863 540 1238 604 pertr.2.÷11]t,vel
1263 546 1477 602 tanquam
1501 536 1792 587 machinam
1781 553 1872 582 'ma

96 604 274 663 pellant
299 624 308 648 :
344 623 427 651 nec
450 607 585 652 aliam
611 607 874 670 potestatem
899 606 1020 665 Regi
1057 605 1332 666 ielinqu,ant
1374 605 1453 650 nili
1483 618 1531 650 ut
1562 604 1625 651 eis
1633 600 1868 650 assentiat.

98 667 550 740 Itaquejamdudum
582 673 793 743 expec'to,
830 684 892 723 ut,
933 670 1103 716 absolu·
1110 686 1136 715 o
1173 672 1230 715 de
1267 670 1394 732 Rege
1418 669 1636 723 sermone,
1678 670 1737 715 ad
1771 666 1874 726 Ty-

97 747 281 786 rannus,
327 746 449 785 auti
446 748 656 798 aequam
683 736 775 781 alio
797 743 1012 781 cineras.
1082 736 1259 799 Regem
1283 749 1403 779 enlm
1430 746 1520 780 tarn
1547 733 1744 797 angustis
1771 730 1873 776 lini-³

98 795 182 842 bus
207 796 436 853 inclusisti,
465 813 511 845 ut
534 816 686 846 verear
708 817 787 872 ne,
812 800 840 846 fi
870 795 950 845 diu
958 800 1043 845 tius
1075 797 1242 843 immor
1246 815 1390 851 emui,
1413 798 1441 843 ἑ
1466 815 1652 844 maxim:—
1660 815 1676 842 5
1700 796 1868 857 opibus

97 876 149 905 ac
172 859 344 908 summa
367 863 590 926 dignitate
614 865 738 911 velut
776 865 823 911 in
863 864 1081 910 desertam
1106 863 1309 924 aliquam
1332 862 1521 909 insulam
1549 879 1652 909 eum
1678 865 1850 926 releges
1833 883 1872 914 5

97 924 178 970 ubi
196 903 443 973 omnibus&
433 944 596 976 exutus
619 929 903 976 honoribus'
892 945 937 974 1n
963 929 1157 991 egestate
1177 933 1216 974 &
1241 926 1428 974 miseriis
1452 927 1749 975 consenescat.
1812 926 1874 971 Bt

99 989 147 1034 1
151 1007 178 1036 n
204 992 454 1047 metuebas,
483 1008 531 1040 ut
555 1011 646 1055 prae
671 1007 714 1040 te
739 993 844 1048 fers,
870 971 1256 1056 praevaricationis
1275 993 1466 1039 crimen.
1520 994 1584 1038 At
1605 1009 1693 1050 eoo
1716 1003 1875 1040 metuo

98 1069 156 1099 ne
181 1055 316 1118 Regi,
341 1074 480 1130 quem
501 1058 746 1105 defendere
768 1059 961 1111 conaris,
989 1057 1315 1103 calumniando
1339 1066 1517 1102 noceas.
1585 1054 1790 1104 Primum
1826 1069 1875 1099 e-

96 1133 162 1179 go
183 1136 286 1166 eum
304 1138 396 1168 non
414 1135 482 1169 oti
473 1122 611 1169 osum
637 1124 720 1169 effe
742 1124 866 1178 volo,
905 1113 985 1169 nisi
1011 1136 1059 1168 tu
1092 1121 1360 1167 architecft‘os
1384 1121 1551 1168 otiosos
1575 1124 1658 1168 effe
1695 1124 1875 1169 statuasvo

100 1183 189 1229 De}
179 1186 283 1231 nde
308 1186 438 1232 bonis
465 1187 676 1234 ministris
700 1194 739 1234 ἃ
760 1204 852 1233 arm
841 1187 939 1242 (;Ξ5,
958 1195 1073 1251 'quos
1112 1203 1201 1249 ego
1220 1200 1312 1232 non
1337 1186 1463 1232 velut
1480 1188 1684 1233 custodes
1708 1181 1876 1246 adjeci,

98 1249 173 1320 sed
197 1249 254 1294 ab
278 1250 407 1312 ipso
394 1266 442 1297 m
466 1266 640 1314 partem
665 1252 835 1299 laboris
859 1252 977 1298 accir
1018 1251 1163 1305 volui,
1201 1267 1305 1296 eum
1329 1250 1529 1311 spolias,
1564 1251 1737 1317 eisque
1739 1255 1880 1298 abac·

99 1312 156 1359 tis
179 1314 413 1362 cohortem
453 1318 737 1363 nebulonum
775 1309 1033 1370 circundas,
1071 1315 1156 1379 'qui
1196 1315 1492 1360 metuendum
1519 1329 1623 1361 eum
1665 1316 1750 1362 suis
1775 1316 1879 1362 red·

98 1379 210 1425 dant
257 1397 266 1424 :
306 1395 454 1441 neque
476 1380 817 1428 formidabilem
842 1381 939 1427 fore
960 1392 1113 1453 puta5‚
1157 1378 1239 1425 nifi
1263 1390 1476 1454 magnam
1510 1379 1706 1426 nocendi
1730 1380 1878 1442 potes-¹·

99 1455 239 1489 tatem
262 1443 304 1489 ei
326 1444 655 1507 relinquamus.
723 1446 826 1508 Ego
847 1445 989 1492 amaii
1009 1461 1033 1490 a
1053 1444 1138 1491 suis
1157 1460 1262 1490 eum
1286 1445 1430 1492 volo:
1466 1460 1549 1490 nec
1572 1456 1741 1491 terrore
1765 1446 1880 1492 civi-

99 1523 195 1565 um,
221 1508 294 1554 sed
318 1508 654 1564 benevolentia,
679 1509 854 1571 septum
878 1511 999 1557 esse:
1031 1522 1137 1570 quae
1159 1508 1251 1554 sola
1270 1525 1394 1555 arma
1418 1511 1567 1571 Reges
1591 1508 1881 1571 inexpugna-

98 1571 212 1620 biles
235 1573 455 1625 efficiunt.
500 1576 574 1631 Id,
594 1575 674 1622 nisi
697 1587 729 1622 t·
722 1592 745 1620 Ξ
767 1584 1013 1647 repugnes,
1038 1573 1167 1620 brevi
1179 1589 1252 1618 me
1272 1575 1540 1621 effecturum
1560 1572 1707 1635 spero.
1752 1575 1878 1622 Nam

99 1653 158 1683 ex
180 1638 235 1684 iis
254 1653 366 1710 quas
391 1652 448 1685 tu
458 1655 593 1686 vocas
616 1634 858 1703 angustias,
902 1657 950 1686 1n
995 1639 1144 1685 lucem
1163 1653 1271 1683 'eum
1296 1639 1488 1685 educam
1526 1656 1535 1684 :
1572 1654 1753 1700 unaque
1775 1639 1880 1702 lege

98 1711 277 1749 'tantum
301 1702 344 1755 ei
366 1704 621 1750 autoritatis
646 1711 684 1752 δε
709 1703 1028 1767 amplitudinis
1051 1702 1283 1764 adjiciam,
1308 1715 1359 1749 ut
1380 1709 1436 1749 eo
1461 1703 1490 1749 fi
1513 1702 1711 1764 amplius
1730 1716 1878 1767 optet,

98 1766 344 1827 impudens
368 1767 452 1814 tibi
475 1769 623 1816 videri
644 1767 789 1831 poflit.
857 1770 926 1816 M.
953 1768 1076 1815 Istud
1097 1767 1288 1829 quidem
1311 1766 1466 1813 audire
1490 1773 1617 1813 aveo.

163 1833 366 1879 XXXV.
392 1835 457 1886 B.
485 1833 650 1897 Igitur,
675 1848 721 1880 ut
743 1833 1088 1897 quamprimum
1109 1831 1351 1893 cupiditati
1369 1837 1458 1878 tuae
1477 1829 1764 1886 satisfaciam,
1782 1838 1883 1881 iem

97 1895 239 1958 ipsam
265 1897 523 1960 aggrediar.
585 1898 728 1945 Paulo
751 1909 855 1945 ante
873 1896 1055 1945 confesti
1079 1896 1228 1942 sumus
1252 1897 1426 1943 nullam
1449 1895 1636 1960 legem
1625 1912 1657 1942 Ξ
1648 1911 1687 1943 a
1708 1897 1882 1946 deserte

100 1962 196 2009 ulla
218 1962 276 2009 de
301 1979 347 2008 re
365 1961 524 2011 cavere
547 1965 686 2025 poffe,
731 1976 781 2009 ut
802 1962 1029 2010 malitiosa
1051 1961 1152 2006 calli
1159 1961 1277 2007 ditas
1296 1961 1448 2007 locum
1474 1960 1624 2008 fraudi
1647 1971 1738 2008 non
1753 1961 1885 2010 inve·

97 2025 211 2073 niat.
280 2027 351 2074 Id
357 2026 428 2072 for
411 2028 535 2075 taffe
556 2027 770 2091 exemplo
792 2027 1024 2089 propofito
1043 2025 1224 2072 facilius
1247 2025 1548 2089 intelligetur.
1593 2027 1795 2073 Cautum
1819 2029 1883 2074 est

99 2091 300 2163 iegibus,
326 2108 383 2137 ne
407 2104 556 2154 patres
579 2092 828 2139 sacerdotia
850 2091 926 2139 sua
946 2090 1106 2153 spuriis
1129 2089 1215 2137 suis
1239 2091 1484 2138 traderent.
1553 2081 1682 2137 Hic
1667 2107 1716 2137 ΞΞΞ
1741 2108 1804 2146 re,
1833 2105 1883 2140 ut

98 2155 301 2210 videtur,
333 2169 509 2231 aperta,
550 2157 671 2204 fraus
692 2170 845 2204 tamen
870 2157 1056 2203 inventa
1078 2156 1174 2201 est:
1212 2167 1260 2200 ut
1282 2168 1410 2216 pater
1432 2154 1572 2202 alium
1596 2154 1752 2202 substit
1758 2169 1881 2203 uat·
1863 2187 1881 2213 ,

98 2219 227 2283 isque
265 2221 314 2285 sp
321 2219 419 2268 urio
474 2222 607 2269 ri‘o'ris
644 2220 821 2269 domini
845 2222 970 2268 idem
1010 2219 1310 2267 sacerdotium
1334 2220 1497 2266 tradat.
1567 2219 1752 2267 Deinde
1775 2236 1883 2268 cum

97 2286 209 2332 eflet
242 2239 406 2332 diserte
439 2239 717 2353 Edscriptum
745 2286 858 2349 legi,
896 2303 953 2332 ne
977 2286 1103 2348 quod
1139 2298 1268 2346 pater
1290 2284 1540 2356 aliquando
1579 2284 1884 2333 sacerdotium

100 2350 328 2403 tenuisset,
366 2344 484 2396 filius
515 2351 609 2397 ulla
637 2351 814 2398 ratione
837 2364 1050 2398 teneret:
1088 2365 1236 2411 neque
1261 2349 1348 2394 liae
1381 2349 1591 2395 cautione
1626 2348 1884 2412 quidquam

102 2413 362 2476 profectum
378 2415 454 2461 est.
484 2406 684 2488 Reperta
706 2416 766 2461 est
780 2415 902 2462 enim
923 2413 1132 2461 adversus
1155 2426 1256 2459 earn
1278 2412 1358 2459 illa
1380 2413 1520 2459 coitio
1540 2412 1659 2459 inter
1678 2412 1887 2461 sacerdo·

103 2490 190 2533 tes,
216 2491 265 2525 ut
285 2492 476 2542 uterque
501 2479 687 2527 alterius
710 2479 854 2527 filium
880 2479 962 2526 fibi
983 2478 1283 2526 substitueret.
1350 2478 1407 2525 Id
1427 2486 1613 2541 quoque
1637 2493 1742 2524 cum
1765 2477 1886 2525 veti‘-

100 2554 202 2589 tum
224 2545 346 2598 effe‘t,
378 2543 516 2591 etiam
541 2559 662 2590 novo
685 2560 852 2608 genere
875 2543 1047 2590 fraudis
1070 2544 1145 2589 lex
1164 2541 1288 2589 elusa
1308 2544 1385 2589 est
1454 2542 1682 2589 Adversus
1707 2556 1885 2605 patrem
1954 2570 1955 2573 =

99 2606 309 2671 litigator
330 2607 631 2672 supponitur-,²
633 2609 716 2671 qui
741 2606 1030 2672 fingatjfibi
1018 2624 1067 2654 1n
1089 2607 1136 2654 id
1163 2606 1502 2654 sacerdotium
1485 2623 1560 2668 Jus
1583 2609 1684 2653 effe.
1752 2607 1885 2656 Dum
1955 2626 1961 2639 ··

102 2686 232 2735 pater
249 2688 354 2719 cum
374 2673 602 2736 supposito
620 2673 898 2736 sycophanta
915 2664 1152 2719 umbratili
1169 2685 1326 2735 pugna
1337 2671 1571 2727 velitatur,
1586 2671 1704 2718 lilius
1723 2688 1749 2717 a
1763 2672 1886 2719 Pon-

103 2737 225 2784 tifice
249 2739 461 2785 Romano
478 2737 780 2784 sacerdotium
803 2737 939 2801 petit,
967 2737 995 2783 fi
1018 2736 1165 2784 neutri
1189 2735 1476 2808 litigantium
1497 2736 1544 2782 in
1564 2736 1685 2783 iilud
1708 2736 1794 2782 fit
1777 2754 1884 2797 Jus;

100 2815 334 2865 utrunque
363 2801 649 2866 litigatorum
673 2803 906 2850 volentem
941 2815 992 2849 ac
1016 2801 1254 2848 cedentem
1282 2801 1402 2847 ultro
1426 2801 1584 2856 vincit,
1632 2806 1671 2846 ὅ(
1695 2814 1888 2862 paterno

103 2865 357 2913 sacerdotio
375 2883 456 2929 per
481 2878 716 2928 paternam
741 2865 1165 2939 praevaricationem
1185 2865 1362 2929 potitur
1383 2865 1519 2912 filius.
1590 2864 1776 2911 Vides
1763 2882 1810 2912 1n
1833 2881 1890 2912 u·

100 2946 199 2977 na
186 2932 299 2993 ‘ege
310 2943 427 2993 quot
448 2930 662 2978 fraudum
693 2948 862 2996 genera
895 2931 1028 2978 sunt
1017 2938 1220 2978 inventa.
1287 2930 1359 2977 M.
1392 2930 1563 2976 Video.
1631 2931 1688 2975 B.
1714 2929 1888 2977 Nonne

102 2994 193 3040 tibi
215 2996 371 3059 legum
396 2997 559 3043 latores
582 2995 659 3046 hic
683 2996 860 3057 prorsus
882 2996 1005 3042 idem
1028 2994 1179 3042 facere
1204 2993 1417 3041 videntur
1434 2994 1562 3057 qu'od
1586 2994 1771 3047 medici,
1806 2994 1889 3056 qui

104 3073 212 3105 cum
235 3060 498 3122 eruptiones
513 3059 692 3122 pituitae
715 3073 793 3107 aut
814 3060 999 3108 alterius
1022 3058 1229 3106 humoris
1247 3058 1390 3112 noxii,
1417 3058 1626 3105 adhibito
1648 3059 1891 3120 emplastro

104 3124 391 3185 compescere
414 3124 641 3179 nituntur,
666 3125 833 3172 humor
856 3140 949 3173 uno
983 3123 1209 3171 inhibitus
1233 3124 1337 3170 loco
1376 3115 1585 3195 pluribus
1621 3124 1751 3170 simul
1790 3123 1893 3170 exi-

106 3198 204 3233 tum
214 3189 430 3260 quaerit3
464 3203 518 3234 ac
536 3188 663 3235 velut
685 3188 830 3252 hydra
847 3187 1060 3262 quaedam
1084 3205 1176 3236 uno
1215 3187 1358 3236 reciso
1379 3187 1530 3251 capite
1563 3189 1713 3261 multa
1740 3188 1891 3236 renas-

99 3252 257 3298 centia
279 3223 484 3314 profeit.
476 3256 491 3288 Ρ
527 3253 596 3300 M.
621 3206 759 3301 Nihil
783 3252 987 3301 similius.

168 3317 402 3366 XXXVI.
432 3323 487 3367 Β.
513 3318 657 3381 Qod
679 3317 862 3366 medico
885 3317 1067 3365 fuerat
1054 3315 1189 3364 mitio
1209 3315 1497 3371 faciendum,
1524 3328 1573 3364 ut
1586 3323 1735 3364 'totum
1760 3316 1894 3365 fimul

105 3392 272 3445 corpus
314 3380 464 3433 noxiis
486 3382 758 3430 humoribus
780 3383 969 3438 levaret,
1000 3394 1153 3429 nonne
1175 3380 1301 3427 idem
1331 3381 1422 3428 hoc
1444 3382 1547 3428 loco
1568 3380 1721 3428 civilis
1745 3382 1898 3430 medi-

95 3453 185 3492 ‘cus
211 3448 358 3493 facere
382 3447 537 3498 debet,
570 3460 620 3493 ut
655 3447 894 3495 civita-tem
926 3445 1187 3494 universam
1230 3447 1350 3493 levet
1381 3445 1512 3493 malis
1537 3447 1784 3495 moribus?
1821 3447 1894 3493 M.

106 3504 241 3558 Istam
265 3511 345 3559 etsi
368 3504 489 3559 diffie
495 3510 621 3567 ilem,
652 3523 807 3560 tamen
830 3516 987 3559 veram
1008 3512 1093 3558 effe
1113 3525 1216 3559 teor
1238 3511 1428 3557 curandi
1453 3509 1695 3561 rationem.
1757 3517 1812 3560 B.
1837 3507 1902 3558 Et

108 3575 200 3623 hoe
221 3576 250 3623 li
272 3575 476 3624 obtineri
495 3588 653 3642 queat,
675 3576 838 3641 ‘paucis
864 3575 1062 3626 arbitror
1083 3591 1198 3638 opus
1222 3576 1307 3627 effe
1329 3573 1530 3641 legibus.
1581 3576 1653 3624 Μ.
1678 3578 1750 3624 lta
1774 3589 1912 3684 prpt-

917 3641 1141 3705 Yyyy
1842 3651 1921 3684 um
