2106 3864
519 173 849 239 LIBER
945 169 1451 255 QUARTUS·
1797 167 1885 250 8²7

100 279 167 325 >ab
188 278 377 324 virtutes
399 274 606 340 egregias
629 270 842 318 omnibus
861 283 1157 330 caru5,quam
1172 270 1357 316 Euenus
1379 266 1529 311 fuerat
1549 264 1611 309 ob
1631 260 1778 311 uitam
1798 266 1881 310 fla·-

106 342 268 405 ³giti0se
291 344 436 387 astam
457 335 640 384 invisus.
707 336 774 381 Ea
807 350 874 380 res
899 344 1072 379 tantam
1096 333 1138 378 ei
1162 333 1284 395 apud
1306 346 1462 378 omnes
1485 327 1665 391 peperit
1685 329 1881 375 austori-

105 421 266 461 tatem,
286 418 333 451 ut
354 421 408 451 eo
425 403 679 463 imperante
695 410 915 462 perpetua
937 396 1074 456 fuerit
1097 397 1206 444 foris
1227 413 1333 460 pax,
1352 401 1392 442 &
1408 393 1536 441 domi
1558 392 1878 453 tranquillitas.

107 473 218 517 'Hoc
238 485 379 516 unum
401 467 458 513 ad
481 466 701 512 summam
723 462 988 510 felicitatem
1014 461 1057 507 ei
1075 462 1239 516 defuit,
1264 460 1393 522 quod
1414 456 1669 505 nobilitatis
1691 455 1742 501 in
1773 456 1881 502 libi-

109 535 264 581 dinem
284 529 500 594 proclivis
521 529 771 592 pertinacia
787 525 1035 588 impeditus
1053 526 1176 587 leges
1192 526 1336 571 Eueni
1357 525 1534 588 spurcas
1551 521 1772 584 abrogare
1788 536 1882 567 non

107 596 326 662 potuerit.
397 593 532 643 Obiit
554 606 750 642 mortem
773 608 892 640 anno
914 590 1045 653 regni
1067 590 1133 635 sui
1153 589 1392 636 tricesimo.

802 685 984 732 XVIII.
1021 685 1064 730 R
1085 685 1125 730 E
1147 684 1205 729 X.

174 766 361 812 XXIII.
387 766 473 811 EO
493 764 582 810 fine
599 760 760 808 liberis
784 759 1000 806 defuneto
1018 773 1212 819 regnum
1232 758 1433 804 delatum
1452 756 1512 802 est
1528 755 1586 801 ad
1606 756 1884 806 Caratacum

109 830 355 877 Cadallani
376 830 520 874 filium
543 825 722 888 generis
746 823 884 887 Regii
900 823 1137 884 juvenem.
1193 823 1235 868 Is
1258 822 1374 868 inito
1398 821 1543 867 statim
1562 835 1709 883 regno
1728 820 1882 866 AEbu-

109 894 189 940 das
212 911 239 939 a
261 905 406 940 morte
430 891 627 955 proximi
649 890 790 952 Regis
813 888 1144 934 tumultuantes
1168 903 1260 932 non
1285 887 1373 932 fine
1396 886 1551 931 labore
1570 883 1874 946 compescuit:

108 974 195 1003 nec
215 970 384 1004 temere
407 969 557 1003 tamen
580 953 870 1007 crediderim,
897 952 1024 1016 quod
1048 951 1182 997 nostri
1204 951 1440 1013 scriptores
1459 949 1690 1002 Orofium,
1714 950 1881 994 Eutro-

107 1021 258 1083 pium,
286 1028 325 1068 δε
351 1021 517 1067 ssedam
539 1018 676 1065 secuti
701 1019 901 1070 tradunt,
929 1017 1131 1063 Orcadas
1155 1032 1210 1061 eo
1231 1014 1486 1077 imperante
1508 1031 1535 1058 a
1556 1012 1758 1058 Claudio
1777 1012 1883 1058 Cae-

112 1086 204 1133 sare
225 1086 445 1149 superatas
471 1101 482 1130 ε
518 1100 611 1130 non
636 1083 765 1146 quod
784 1080 970 1128 difficile
992 1080 1244 1125 existimem
1263 1096 1429 1142 paucas
1452 1076 1616 1123 insulas
1637 1076 1687 1122 in
1709 1075 1883 1122 saevifli·

112 1167 190 1197 mo
213 1151 325 1196 mari
348 1149 572 1210 disjeaas,
605 1165 632 1193 a
661 1146 816 1210 paucis
850 1143 1030 1198 incolis,
1059 1148 1106 1191 Sc
1144 1142 1396 1189 inermibus
1418 1140 1660 1195 habitatas,
1684 1141 1881 1203 singulas

111 1213 318 1277 aggredi,
344 1220 383 1260 δε
411 1215 516 1260 cnm
543 1212 714 1258 mutuis
747 1209 929 1256 auxiliis
961 1206 1148 1254 se'tueri
1172 1223 1262 1253 non
1287 1208 1478 1269 possent,
1501 1222 1659 1251 omnes
1681 1204 1883 1252 vincere.

113 1281 216 1326 Nec
236 1279 362 1340 quod
382 1276 657 1324 incredibile
678 1288 837 1338 putem
858 1273 906 1320 in
929 1290 1027 1319 eam
1051 1270 1395 1334 expeditionem
1418 1271 1595 1316 classem
1618 1285 1644 1314 a
1683 1269 1884 1315 Claudio

112 1344 302 1396 missam,
325 1342 508 1388 homine
550 1345 623 1403 (ut
642 1340 796 1403 inquit
816 1339 1021 1397 Orosius)
1063 1336 1146 1399 qui
1168 1336 1340 1381 bellum
1365 1333 1553 1396 ubique,
1577 1336 1628 1381 δε
1644 1333 1884 1384 victoriam

111 1408 415 1469 undecunque
436 1419 660 1469 quaereret
685 1424 695 1452 z
733 1405 807 1451 sed
829 1403 958 1466 quod
979 1401 1173 1448 Tacitus
1193 1401 1384 1446 affirmet
1400 1412 1504 1444 ante
1525 1397 1638 1460 Julii
1650 1396 1884 1461 Agricolae

110 1473 359 1518 adventum
381 1488 481 1517 eam
504 1469 748 1517 Britanniae
767 1481 943 1531 partem
966 1466 1188 1513 Romanis
1210 1464 1400 1512 omnino
1421 1463 1708 1526 incognitam
1738 1461 1881 1508 fuisse.

112 1534 359 1584 Caratacus
381 1528 576 1600 regnum
598 1551 740 1582 annos
763 1532 931 1597 viginti
952 1530 1116 1578 tenuit.

179 1692 357 1739 XXIV.
391 1694 429 1738 E
442 1694 463 1737 Ι
484 1654 680 1737 succeffit
693 1616 955 1736 Corbiiiliis
973 1615 1211 1733 3³53ng
1229 1702 1415 1748 quoque
1432 1685 1666 1732 Insulanos
1683 1685 1766 1748 qui
1783 1700 1886 1731 om-

112 1754 251 1815 nibus
273 1755 415 1801 ferme
437 1755 708 1819 interregnis
731 1754 853 1816 spem
876 1767 1096 1797 novarum
1119 1767 1269 1797 rerum
1288 1750 1427 1798 secuti
1446 1766 1590 1796 novos
1622 1763 1771 1796 motus
1792 1750 1884 1795 cie-
1940 1756 1944 1760 ’

115 1819 242 1868 bant,
266 1820 419 1866 multis
437 1819 808 1881 expeditionibus
831 1816 1033 1862 attrivit:
1058 1816 1254 1861 latrones
1273 1815 1319 1860 in
1340 1815 1520 1877 plebem
1539 1814 1782 1875 grassantes
1804 1829 1884 1858 ex-

109 1883 256 1929 tinxit
282 1902 291 1929 τ
327 1890 366 1930 δε
388 1900 498 1945 pace
519 1883 586 1929 ibi
614 1883 852 1929 constituta
872 1880 922 1926 in
950 1878 1143 1926 Albium
1177 1879 1393 1932 reversus,
1417 1890 1653 1940 totamque
1684 1878 1885 1924 Scotiam

117 1960 388 2009 pervagatus
418 1947 689 1994 labefactata
719 1946 843 1993 bello
874 1944 1082 1999 restituit,
1109 1957 1163 1989 ac
1193 1943 1377 1989 decimo
1409 1944 1571 1989 ottavo
1601 1942 1735 2005 regni
1766 1954 1886 1988 anno

115 2011 310 2058 decessit.

839 2074 944 2120 XX.
984 2074 1025 2120 R
1050 2074 1087 2118 E
1111 2074 1171 2119 X.

181 2150 334 2197 XXV.
371 2149 815 2196 CONVENTU
831 2150 858 2193 S
893 2163 1134 2209 procerum
1166 2145 1397 2208 praeterito
1419 2146 1480 2193 ob
1507 2145 1802 2192 immaturam
1826 2160 1886 2190 ae-

104 2221 256 2259 ‘tatem
294 2215 518 2261 Corbredi
554 2215 648 2260 filio
681 2214 982 2260 Dardannum
1009 2211 1251 2257 Metellani
1283 2224 1497 2274 nepotem
1532 2227 1721 2274 regnare
1747 2210 1885 2272 juffi't·

108 2279 271 2324 Nemo
294 2291 397 2325 ante
418 2279 542 2328 hunc
565 2279 735 2338 majore
757 2294 858 2323 cum
883 2276 1201 2337 expectatione
1222 2293 1417 2339 regnum
1438 2274 1543 2322 iniit
1567 2293 1580 2322 ε
1604 2291 1740 2321 nemo
1757 2274 1887 2336 spem

117 2342 238 2389 dese
261 2355 529 2405 conceptam
552 2342 866 2390 vehementius
889 2341 1067 2388 fefellit.
1139 2342 1260 2387 Ante
1290 2339 1543 2401 susceptum
1577 2339 1888 2403 magistratum

117 2407 584 2462 multa-liberalitatis,
610 2405 940 2470 temperantiae,
966 2403 1310 2453 &fortitudinis
1323 2403 1453 2451 dedit
1472 2405 1686 2466 exempla
1709 2421 1722 2450 :
1752 2403 1889 2450 initio

96 2523 98 2526 ¹
117 2470 303 2533 imperii
321 2473 523 2519 medium
545 2473 587 2519 se
601 2473 781 2535 ‘Regem
806 2469 932 2535 gessit
956 2488 967 2516 :
1001 2469 1198 2517 triennio
1220 2468 1299 2515 vix
1320 2470 1478 2515 emito
1497 2468 1547 2515 in
1567 2468 1727 2515 omnia
1744 2467 1888 2516 vitio·

103 2551 220 2582 ‘rum
244 2553 411 2598 genera
440 2553 642 2599 praeceps
665 2536 793 2583 abiit.
861 2537 1051 2588 Probos,
1086 2540 1127 2580 δε
1157 2533 1404 2596 prudentes
1430 2532 1570 2589 viros,
1602 2533 1685 2595 qui
1713 2532 1833 2595 patri
1856 2532 1888 2579 »ὲ

114 2601 314 2647 consiliis
347 2602 541 2656 fuerant,
562 2601 689 2665 quod
722 2601 816 2662 ejus
841 2599 1180 2646 adversarentur
1203 2596 1439 2660 nequitias,
1463 2613 1522 2644 ex
1552 2599 1658 2644 aula
1690 2597 1887 2659 expulit.

78 2669 84 2674 “
104 2665 410 2728 'Adulatore5,
436 2670 483 2714 ὅτ
507 2666 1041 2727 novarum-voluptatum
1064 2663 1326 2710 inventores
1359 2661 1406 2708 in
1432 2662 1670 2724 praecipuo
1690 2661 1890 2709 habebat

104 2729 307 2776 honore.
377 2731 632 2777 Cardorurn
656 2730 969 2793 propinquum
998 2728 1144 2783 suum,
1169 2727 1250 2790 qui
1267 2727 1378 2788 juri,
1399 2732 1440 2774 &
1463 2725 1671 2791 aequitati
1688 2720 1887 2774 admini-

117 2793 305 2839 strandae
326 2795 562 2857 praefeftus
590 2794 739 2841 fuerat
759 2793 838 2840 sub
860 2796 990 2856 Rege
1012 2791 1241 2854 superiore
1264 2793 1501 2838 molestum
1522 2791 1701 2839 suarum
1722 2792 1887 2852 volup-

103 2867 262 2904 't'atum
281 2856 669 2922 interpellatorem
691 2859 877 2905 occidit.
945 2861 1104 2919 Atque
1123 2857 1245 2903 intra
1265 2872 1434 2918 paucos
1452 2857 1549 2904 dies
1569 2857 1791 2921 plaerique
1809 2855 1890 2902 alii

106 2922 293 2968 *divitiis
316 2936 393 2970 aut
413 2923 579 2970 virtute
612 2924 871 2987 praestantes
903 2921 1017 2968 alius
1048 2921 1137 2967 alia
1171 2921 1329 2968 fraude
1363 2921 1666 2969 circumventi
1696 2920 1886 2983 periere.

117 2986 335 3033 'Tandem
373 2999 422 3034 ut
454 2999 630 3036 metum
661 2987 913 3035 successoris
936 2985 1019 3032 fibi
1041 2986 1246 3032 demeret
1267 2987 1557 3034 Corbredum
1578 2985 1891 3048 Galdumbge-

104 3064 227 3096 ‘nere
250 3051 579 3114 propinquum,
618 3052 865 3115 fratresque
886 3051 982 3112 ejus
1020 3050 1069 3097 in
1104 3051 1228 3113 spem
1251 3051 1383 3115 regni
1406 3050 1656 3098 liberaliter
1674 3049 1891 3096 educatos

118 3115 281 3186 tollere
302 3116 518 3163 decrevit.
586 3117 844 3181 Negotium
866 3133 944 3163 eos
963 3115 1157 3163 necandi
1174 3116 1309 3162 datur
1331 3117 1610 3162 Cormoraco
1626 3114 1810 3161 cuidam
1827 3125 1894 3161 vex

119 3178 294 3226 intimis
318 3179 634 3229 familiaribus.
676 3183 724 3229 vIs
744 3181 922 3245 magnis
945 3179 1212 3227 muneribus
1237 3181 1448 3233 donatus,
1474 3185 1515 3225 &
1537 3178 1759 3242 prorniffis
1781 3195 1895 3226 one·

118 3257 241 3290 ratus
254 3244 319 3290 ad
341 3243 482 3291 scelus
506 3247 862 3309 perpetrandum
884 3244 1086 3293 dimiss‘us
1122 3263 1134 3291 :
1156 3243 1257 3293 ssed
1283 3260 1380 3290 rem
1407 3243 1635 3291 incautius
1665 3244 1892 3308 aggressus

119 3325 148 3376 a
168 3308 312 3356 Galdi
333 3309 579 3357 comitibus
603 3312 796 3358 strittam
819 3312 952 3358 sicam
975 3321 1132 3357 tenens
1154 3310 1216 3356 est
1237 3308 1586 3372 comprehensus
1621 3328 1633 3356 ε
1677 3325 1731 3355 ac
1749 3307 1801 3355 in
1816 3307 1893 3368 jus

107 3372 284 3420 *duftus
318 3375 556 3422 tormentis
586 3375 804 3423 adhibitis
841 3378 1088 3428 auctorem,
1107 3373 1342 3436 >totiusque
1374 3374 1702 3436 conjurationis
1727 3373 1894 3420 seriem

104 3437 342 3486 -confeffus
365 3439 512 3487 statim
533 3439 774 3487 occiditur.
843 3442 953 3487 Hoc
974 3438 1177 3484 facinore
1200 3439 1388 3501 vulgato
1411 3455 1581 3503 magno
1612 3437 1825 3486 consensu
1844 3437 1896 3484 in

43 3513 48 3520 “
103 3501 301 3573 'Regem
325 3504 622 3566 conjuratur:
657 3505 867 3567 caeli‘sque
901 3502 1047 3551 statim
1078 3502 1284 3566 turpium
1305 3503 1613 3567 voluptatum,
1636 3519 1752 3568 quos
1783 3518 1896 3548 nan-

120 3566 227 3612 cisci
247 3573 459 3630 poterant
474 3569 710 3624 ministris,
731 3570 789 3616 ad
815 3569 966 3633 ipsum
984 3567 1095 3617 mali
1116 3567 1398 3631 caputviam
1422 3570 1649 3617 affeftant.
1717 3569 1899 3614 Interea

119 3631 479 3685 Curianus-unus
502 3650 558 3685 ex
585 3635 905 3686 assentatorum
935 3633 1798 3701 gregeobsturorquidemssloeo‘nat-us,
1815 3630 1897 3677 sed

1820 3708 1900 3746 cul
