2006 3858
291 134 590 199 Lmen
687 130 1579 202 DECIMUSQUARTUS.
1730 144 1864 210 405

94 242 163 279 ter
179 230 398 278 viole-ntia
421 228 696 290 tempestatis
720 227 891 282 affiiai,
918 239 967 273 ut
988 243 1015 273 a
1039 224 1195 288 paucis
1216 223 1446 288 equitibus
1471 219 1671 268 maximo
1693 221 1865 271 damno

97 296 231 343 facile
249 295 366 341 affici
390 294 576 356 poffent.
647 293 699 338 In
723 291 922 339 comitiis
941 307 1075 353 aqua,
1098 296 1137 336 δε
1156 288 1256 351 igni
1277 286 1570 338 interdictum
1591 284 1681 331 fuit
1702 287 1874 334 Comi.

93 361 128 408 ti
154 359 435 422 Angustam,
456 354 665 418 Georgio
688 356 833 411 fratri,
855 355 1106 401 Arcibaldo
1130 367 1307 416 patruo,
1333 363 1550 415 praeterea
1573 349 1644 411 (1)
1665 350 1867 398 Alexan-

95 425 179 471 dro
195 422 455 471 Drumanio
471 420 746 467 Carnocenfi
768 435 927 467 eorum
948 417 1116 465 intimo
1135 418 1284 465 amico
1311 435 1323 464 ε
1343 418 1465 463 hona
1483 430 1640 463 eorum
1659 413 1764 462 fisco
1787 417 1871 462 ad-

92 488 313 549 judicata.
382 485 628 545 Adjee'tuni
651 499 810 530 eorum
833 482 1208 530 condemnationi
1230 484 1447 537 edietum,
1467 496 1562 544 quo
1575 477 1657 541 qui
1677 495 1754 526 eos
1771 493 1868 526 tec·

97 565 146 598 to
167 551 413 613 recepisset,
441 565 575 611 aqua,
595 547 713 610 igni,
749 547 891 594 aliave
913 563 1001 609 ope
1019 546 1215 607 juvisset,
1240 547 1391 594 eidem
1414 561 1562 609 poenae
1584 542 1776 592 obnoxii
1789 544 1871 605 ju-

95 615 321 662 dicantur.
391 612 600 660 Maxime
634 612 692 657 ad
725 628 802 658 eos
826 611 1109 658 damnandos
1133 610 1339 658 homines
1375 609 1598 657 commoti
1629 620 1870 672 putantur,

96 680 223 741 quod
260 680 361 725 Rex
386 677 687 739 jurejurando
719 676 978 730 affirmavit,
1013 675 1072 728 se,
1097 675 1301 737 quandin
1324 676 1448 737 apud
1474 671 1733 737 Duglaffios
1759 672 1868 728 fuit,

95 744 268 804 semper
290 743 396 789 vitae
420 742 507 787 suae
530 740 723 787 timuiffe
749 757 760 786 :
794 757 993 802 eumque
1029 739 1238 786 timorem
1267 741 1362 802 post
1385 739 1582 801 Georgii
1619 737 1763 784 minas
1786 755 1870 784 ve>¹

93 807 351 854 hementius
374 808 557 853 aucium
580 803 855 851 asseveravit.
898 805 1035 852 Unus
1057 802 1104 848 in
1128 804 1215 850 hoc
1238 804 1425 850 consilio
1448 806 1518 864 (a)
1538 806 1727 848 loannes
1751 805 1874 850 Ban-

97 875 277 921 natinus
300 873 360 918 est
379 871 592 917 inventus
616 869 955 932 Duglassior-um
978 868 1139 922 cliens,
1164 869 1244 929 qui
1267 868 1451 931 publice
1476 868 1706 928 protestari
1728 868 1872 914 aude·

94 949 181 989 tet,
208 936 325 981 nihil
348 951 527 990 eorum,
550 951 654 996 quae
677 946 774 979 tum
799 945 1041 996 agerentur
1064 933 1240 979 Comiti
1261 932 1409 978 fraudi
1431 933 1516 977 effe
1533 932 1698 977 debere
1719 949 1731 976 ι
1762 933 1870 979 cum

91 999 195 1061 justi
215 1001 256 1046 ei
281 1013 427 1047 metus
449 999 579 1045 causa
602 1000 724 1053 effet,
749 1015 827 1044 cur
850 999 911 1043 ad÷
930 997 1103 1044 dietum
1126 997 1252 1043 diem.
1273 1013 1364 1042 non
1387 995 1640 1042 adveniret.
1707 996 1873 1043 Paucis

96 1066 193 1127 post
216 1065 377 1111 diebus
412 1064 526 1110 alter
549 1063 748 1109 Comitis
783 1062 920 1108 frater
956 1062 1222 1108 Gulielmus
1258 1060 1416 1121 Abbas
1452 1059 1672 1107 coenobii
1694 1061 1871 1107 Sanciae

98 1129 244 1175 crucis
268 1130 430 1174 morbo
453 1128 603 1188 fimul,
645 1131 692 1175 Es:
722 1127 865 1173 animi
893 1126 1141 1179 anxietate,
1165 1130 1213 1175 8(-
1237 1141 1388 1170 rerum
1421 1123 1706 1186 praesentium
1733 1124 1874 1170 taedio

95 1194 155 1239 est
173 1192 418 1240 extinfflus.
487 1192 804 1239 Sacerdotium
827 1191 923 1251 ejus
946 1191 1173 1238 Robertus
1198 1187 1520 1235 Carnicrucius
1542 1188 1687 1234 homo
1705 1188 1874 1234 humili

93 1259 200 1304 loco
222 1271 370 1314 natus,
413 1256 489 1304 sed
508 1255 777 1318 pecuniosus
801 1273 828 1301 a
849 1257 979 1317 Rege
1003 1266 1103 1300 tum·
1124 1269 1149 1298 a
1170 1251 1375 1315 pecuniis
1399 1252 1526 1315 inopi
1549 1252 1762 1306 redemit,
1787 1270 1873 1299 no-

94 1338 155 1367 vo
187 1337 355 1386 genere
377 1321 548 1368 fraudis
585 1320 705 1366 elusa
727 1322 831 1383 lege
851 1318 1068 1372 ambitus,
1104 1334 1209 1379 quae
1234 1316 1483 1363 sacerdotia
1518 1316 1673 1362 venire
1705 1329 1831 1363 vetat
1856 1336 1869 1364 :

86 1385 331 1448 ‘sponsione
353 1386 525 1432 scilicet
539 1384 703 1438 νίἑὶωε,
726 1402 819 1447 qua
841 1400 1008 1447 magna
1026 1381 1222 1444 pecunia
1239 1381 1444 1443 deposita
1465 1382 1763 1428 contenderat
1779 1383 1873 1428 Rea

95 1467 202 1514 gem
227 1468 317 1497 non
339 1468 442 1498 eum
463 1450 676 1512 proximo
699 1448 949 1495 sacerdotio
965 1463 1112 1493 vacuo
1135 1447 1429 1509 donaturum.

160 1516 387 1569 XXXVI.
422 1514 647 1577 Duglassii
671 1527 770 1560 tum
789 1514 975 1559 demum
990 1511 1120 1558 omni
1140 1510 1286 1556 venia:
1304 1510 1605 1572 impetrandae
1625 1509 1700 1572 spe
1721 1509 1876 1570 abjec-

95 1590 142 1625 ta
163 1580 221 1626 ad
257 1579 351 1627 vim
377 1588 603 1641 apertam,
631 1582 681 1626 ὃς
701 1577 918 1624 vindictae
948 1575 1158 1622 solatium
1192 1591 1248 1620 ex
1279 1574 1576 1621 inimicorum
1616 1575 1878 1623 calamitate

95 1645 316 1699 converfi,
353 1644 526 1706 praedia
562 1659 723 1689 eorum
745 1642 872 1688 omni
895 1657 1061 1704 genere
1086 1638 1300 1686 molestiae
1321 1639 1565 1685 vexabant.
1635 1640 1876 1687 Cossandi-

96 1724 189 1762 am,
231 1714 270 1754 Sc
295 1707 598 1756 Cranstonum
630 1705 755 1752 vicos
779 1709 1038 1753 cremarunt
1063 1723 1074 1749 2
1120 1708 1169 1751 δε
1199 1703 1407 1766 quotidie
1433 1704 1572 1766 portis
1595 1703 1875 1768 Edimburgi

96 1771 533 1834 ita'obequitabant,
560 1784 610 1818 ut
634 1771 737 1817 urbs
762 1787 905 1834 prope
928 1769 1094 1815 obsess'a
1128 1765 1359 1814 videretur
1386 1786 1397 1814 :
1429 1780 1568 1830 atque
1590 1768 1759 1814 delicta
1790 1786 1880 1831 po-

99 1837 346 1883 tentiorum
363 1837 528 1899 vulgus
551 1834 796 1881 innoxium
816 1836 982 1882 lueret.
1020 1869 1024 1871 -
1049 1835 1172 1880 Inter
1195 1833 1291 1880 haec
1314 1832 1371 1878 ad
1395 1832 1690 1880 undecimum
1703 1833 1878 1880 Calen-

101 1901 181 1946 das
201 1901 495 1954 Decembris,
535 1903 604 1962 (3)
645 1900 848 1946 martina
865 1897 1102 1962 navigium
1126 1914 1177 1942 ea
1200 1909 1330 1943 aetate
1349 1897 1505 1944 nobile
1528 1896 1739 1960 preciosis
1759 1914 1879 1945 mer-

100 1965 230 2011 cibus
253 1967 410 2011 onusta
432 1966 490 2010 ad
511 1965 824 2012 Ennervicum
852 1965 898 2010 vi
921 1961 1198 2026 tempestatis
1220 1960 1267 2006 in
1290 1960 1400 2009 litus
1422 1960 1641 2025 impegit.
1702 1961 1879 2010 Merci-

99 2046 176 2075 um
195 2046 298 2091 pars
322 2046 348 2076 a
363 2028 669 2091 Duglaffianis
692 2028 927 2090 equitibus
942 2027 988 2073 in
1013 2045 1066 2074 ea
1079 2024 1267 2089 regione
1289 2026 1419 2089 vagis
1442 2028 1711 2089 &direpta
1747 2028 1879 2075 Reli-

99 2110 241 2154 quum
267 2095 344 2141 etsi
368 2093 518 2140 rustici
541 2093 805 2139 sustulissent
828 2105 953 2139 tanta
973 2090 1263 2155 ignoratione
1286 2089 1450 2154 precii,
1485 2103 1535 2138 ut
1564 2092 1881 2142 cinamomum

96 2169 315 2220 tanquam
339 2158 442 2205 vilis
462 2170 618 2204 cortex
637 2159 693 2204 ad
713 2156 835 2221 ign-is
860 2159 988 2204 usum
1007 2155 1266 2203 distraetum
1290 2156 1396 2202 effet
1419 2173 1429 2201 ε
1464 2168 1561 2203 tota
1583 2169 1734 2206 tamen
1753 2157 1879 2205 invi-

98 2222 177 2269 dia
195 2224 243 2269 in
268 2223 584 2286 Duglaffianos
608 2221 732 2269 versa
752 2223 829 2268 est.
898 2223 1003 2271 Hac
1032 2237 1190 2267 rerum:
1207 2219 1570 2267 commutatione
1600 2221 1719 2270 faeta
1738 2225 1880 2270 latro-

100 2303 196 2341 ncS,
221 2287 301 2350 qui
322 2287 416 2348 jam
442 2288 523 2334 diu
545 2300 671 2334 metu
695 2304 728 2334 a.
748 2285 983 2335 maleficiis
1006 2284 1387 2338 continebantur,
1404 2301 1428 2329 e
1451 2286 1639 2333 latebris
1660 2287 1747 2334 suis
1768 2303 1879 2350 pro-

100 2351 488 2402 deuntevomnes
511 2354 723 2415 regiones
745 2350 919 2397 vicinas
951 2349 1286 2398 incursionibus
1308 2348 1488 2396 infestas
1512 2351 1743 2400 habebant
1768 2370 1781 2400 ε
1827 2355 1882 2404 δε

100 2417 292 2478 quanvis
315 2432 342 2462 a
363 2416 519 2464 multis
542 2416 668 2462 varia
689 2415 893 2464 facinora
914 2415 1069 2478 paflim
1092 2414 1358 2468 ederentur,
1377 2414 1534 2460 omnia
1554 2417 1763 2464 omnium
1782 2417 1881 2464 fur-

105 2493 168 2535 ta,
197 2486 235 2527 Sc
260 2481 404 2528 caedes
427 2481 484 2528 ab
507 2480 685 2535 aulicis,
705 2480 787 2543 qui
807 2479 848 2526 se
870 2479 993 2544 Regi
1014 2480 1100 2526 hac
1122 2495 1169 2525 re
1192 2477 1522 2541 gratificaturos
1544 2479 1890 2537 existimabant,

98 2542 148 2589 in
171 2544 430 2609 Duglaffios
451 2545 786 2601 referebantur,
821 2556 871 2591 ut
891 2561 1061 2591 nomen
1084 2541 1262 2606 alioqui
1282 2544 1505 2605 populare
1539 2546 1598 2592 ad
1618 2547 1786 2611 vulgus
1807 2546 1881 2594 in-

98 2607 322 2655 vidiosum
341 2611 463 2659 esset,

161 2674 414 2737 XXXVII.
452 2676 644 2723 Ineunte
652 2674 756 2737 jam>
769 2673 924 2721 hieme
944 2675 1066 2727 Rex,
1087 2688 1145 2718 ne
1163 2670 1268 2735 quis
1288 2672 1396 2719 esset
1418 2672 1631 2729 exulibus
1651 2688 1881 2740 receptus,

95 2737 158 2785 ad.
178 2739 509 2786 Tentallonem
544 2755 694 2786 arcem
719 2739 1064 2802 Duglaffiorurn
1104 2736 1385 2783 maritimam
1413 2739 1712 2788 obsidendam
1740 2742 1884 2804 profi-

95 2800 252 2849 ciscitu
262 2819 294 2849 r.
347 2804 400 2850 Id
419 2821 514 2867 quo
532 2803 708 2851 minore
729 2804 909 2857 labore,
929 2810 969 2850 &
988 2801 1228 2864 impendio
1251 2800 1436 2857 faceret,
1462 2804 1694 2851 machinas
1716 2821 1893 2858 aeneas„

99 2871 141 2913 δε
157 2869 396 2931 pulverem
419 2885 444 2916 e
462 2869 707 2915 Dumbaro
723 2868 919 2932 accepit.
986 2869 1056 2914 Ea
1074 2882 1153 2912 arx
1171 2882 1197 2912 a
1218 2867 1499 2914 Tentallone
1518 2868 1592 2916 sex
1610 2868 1758 2916 millia
1782 2869 1886 2932 pas-

76 3030 80 3034 ,
102 3006 109 3010 “
150 2995 214 3046 (1)
241 2998 458 3052 Aleuas-ider
469 3000 708 3037 Drummond
726 2999 771 3037 of
778 2997 954 3037 Carnock
1014 2996 1106 3047 19th
1126 2996 1170 3034 of
1198 2995 1257 3034 his
1290 2996 1393 3047 reign
1428 2997 1493 3034 the
1529 2998 1627 3047 27th
1644 3011 1743 3047 year,
1769 2998 1887 3045 bears,

77 3047 138 3102 *in
157 3050 314 3097 Stirling
332 3052 440 3098 ssiite,
460 3053 524 3090 the
542 3054 616 3090 earl
636 3053 680 3091 of
694 3053 860 3101 Angus's
872 3065 956 3089 mo·
1010 3051 1103 3087 that
1121 3050 1170 3086 he
1190 3050 1328 3097 having
1346 3049 1472 3087 caused
1494 3053 1658 3088 Andrew
1677 3052 1766 3089 Buk
1783 3050 1862 3102 skip
1880 3073 1886 3080 -

97 3101 183 3147 ther
200 3115 274 3139 was
293 3104 358 3141 the
375 3105 457 3142 lord
471 3105 744 3143 Drummond's
763 3105 956 3153 daughter.
1013 3117 1076 3153 per
1098 3103 1142 3140 of
1162 3102 1229 3140 the
1245 3103 1400 3140 Nicolas
1429 3102 1474 3139 of
1488 3104 1706 3149 Aberdeem
1747 3106 1822 3142 and
1837 3119 1883 3143 o-

76 3193 81 3197 ,
152 3155 213 3203 (2)
233 3154 338 3205 John
356 3157 574 3206 Bannatyne
591 3167 692 3196 tutor
713 3159 757 3196 of
767 3157 959 3199 Corhouse
1015 3156 1101 3193 ther
1137 3154 1369 3192 inhabitants
1406 3155 1451 3192 of
1483 3157 1698 3203 Aberdeen,
1734 3165 1772 3195 to
1806 3158 1885 3208 pass

98 3205 140 3243 in
157 3207 365 3255 Clydsdale,
383 3219 484 3257 great
497 3211 737 3258 grandfather
750 3219 790 3248 to
805 3224 867 3260 my
881 3211 964 3248 lord
1015 3208 1112 3245 with
1133 3207 1216 3244 him
1236 3208 1276 3244 in
1295 3207 1353 3244 his
1376 3207 1509 3245 service
1539 3209 1723 3260 presently
1743 3211 1784 3248 in
1816 3211 1886 3249 the

100 3255 295 3297 Nex‘vhall,
1018 3261 1114 3306 isses,
1134 3260 1229 3297 with
1249 3259 1317 3297 the
1337 3260 1412 3310 strip
1443 3262 1562 3300 called
1596 3263 1662 3300 the
1699 3264 1885 3311 Martine,

94 3353 95 3356 Ἰ
155 3311 217 3362 (3)
247 3324 312 3361 27.
334 3312 445 3363 April
479 3325 595 3365 1540.
653 3314 747 3352 War'
765 3315 841 3365 {bip
860 3323 899 3352 to
920 3315 964 3352 be
1020 3327 1068 3350 no
1089 3312 1166 3362 ffiip
1184 3312 1372 3352 therefore
1390 3323 1429 3351 to
1460 3315 1500 3352 be
1520 3317 1603 3354 lead
1635 3316 1697 3354 till
1724 3317 1790 3356 the
1810 3318 1886 3356 laid

92 3363 291 3402 “f-urnished
327 3376 364 3403 at
388 3366 454 3404 the
488 3366 614 3414 king's
649 3370 862 3405 command.
902 3379 917 3403 x
929 3379 963 3417 ς.
1020 3366 1176 3403 Nicolas
1197 3366 1240 3402 be
1261 3365 1337 3403 first
1352 3366 1490 3414 sei-ved,
1508 3371 1578 3407 and
1593 3383 1640 3407 no
1655 3370 1832 3420 strangers
1844 3379 1886 3409 to

106 3416 214 3466 May,
231 3431 409 3468 expences
440 3419 484 3456 of
510 3418 583 3456 said
604 3419 680 3470 lhip
699 3428 737 3457 to
757 3420 801 3466 be
832 3420 910 3458 sent
929 3430 968 3457 to
1024 3419 1066 3456 be
1084 3419 1184 3464 load,
1205 3418 1265 3456 till
1295 3419 1360 3456 the
1379 3431 1576 3461 ornament
1595 3422 1639 3460 of
1654 3423 1718 3461 the
1737 3425 1832 3476 ships
1846 3422 1893 3463 of

100 3469 167 3507 the
185 3471 280 3519 king
297 3471 392 3509 with
422 3471 487 3508 the
507 3484 555 3523 ²5
574 3485 661 3509 men
681 3472 712 3509 it
747 3475 899 3510 extends
929 3480 968 3509 to
992 3514 995 3517 ,
1022 3472 1088 3508 the
1108 3479 1209 3509 town
1230 3472 1272 3512 be
1292 3473 1365 3513 first
1385 3475 1535 3525 staykit‚
1588 3477 1752 3518 Recofds
1769 3479 1813 3518 0f
1827 3480 1887 3518 A..

104 3535 182 3573 500
201 3524 343 3562 merks.
399 3524 488 3562 The
519 3525 647 3574 king's
681 3526 793 3563 letter
829 3534 868 3563 to
903 3525 969 3563 the
1024 3525 1196 3570 berdeen.

101 3584 219 3626 town,
253 3579 375 3619 dated
391 3578 589 3618 Kitkwall
617 3578 660 3620 in
678 3578 838 3631 Orkney
868 3581 970 3634 June

1828 3666 1902 3720 su.
