2006 3858
284 164 582 233 Lmen
659 164 1544 237 DECIMUSQUINTUS.
1679 179 1802 245 441

26 276 160 313 ‘voca
180 263 226 310 in
246 275 443 309 mentem
467 260 700 314 victoriam
722 261 803 308 tibi
846 259 903 306 de
937 259 1110 306 civibus
1136 259 1224 304 fine
1247 257 1388 309 caede,
1415 262 1454 303 δε
1478 254 1709 319 sanguine,
1753 260 1811 303 de

44 320 246 376 hostibus
271 329 407 390 longe
433 325 678 385 majoribus
697 325 840 384 copiis
864 324 989 370 fretis
1007 340 1110 371 cum
1135 323 1312 385 ingenti
1328 336 1403 368 tua
1421 320 1584 384 gloria,
1613 320 1811 367 maxima

44 394 232 440 illorum
275 389 528 455 ignominia
549 388 813 435 concessam.
885 387 1187 434 Reminiscere
1208 402 1404 448 quorum
1426 386 1473 432 in
1496 384 1688 448 gratiam
1718 385 1814 431 De=

48 475 124 505 um
143 457 331 510 deseras,
356 459 403 502 ὅ(
419 453 585 499 amicos
600 469 840 514 oppugnes
867 471 875 499 ε
912 453 1218 513 expergiscere
1237 450 1501 513 aliqnandO,
1529 452 1577 498 Sc
1598 451 1810 495 tenebras

46 523 133 569 tibi
155 539 183 568 a
203 519 384 567 nefariis
397 517 466 563 ‘ho
482 516 671 562 niuibus
689 515 977 561 circumfusas
1001 516 1185 562 discute.
1221 514 1428 577 Propone
1453 514 1535 561 tibi
1556 528 1666 575 ante*
1701 530 1787 560 ocu
1806 542 1820 551 -

45 586 114 632 los
136 580 705 631 Saulemillum”lfi·aelitici
730 581 905 642 generis
922 583 1098 642 Regem
1120 597 1175 626 ex
1191 580 1349 625 infimo
1365 582 1474 624 vloeo
1493 579 1540 626 in
1556 577 1814 639 supremum

46 649 324 698 transsatum.
393 649 579 708 Qanta
600 645 728 690 illum
750 644 1038 706 indulgentia
1059 644 1151 705 legi
1185 645 1270 689 suae
1289 644 1580 690 obedientem
1607 643 1732 689 Deus
1756 644 1816 690 est

47 713 306 777 prosecutus
339 716 354 758 ?
389 711 571 773 quantis
595 709 782 755 miseriis
805 708 1002 754 eundem
1031 720 1257 769 praecepta
1294 709 1368 753 sua
1407 707 1718 771 negligentem
1742 708 1816 754 in-

44 778 271 825 volverit?
295 775 451 822 confer
474 790 650 821 tuarum
677 790 825 820 rerum
846 774 899 818 ad
920 774 1040 817 hunc
1065 771 1199 834 usque
1215 773 1335 816 diem
1363 771 1598 818 successum
1616 789 1720 819 cum
1742 790 1816 819 re-

53 840 134 888 bus
158 841 280 888 illius
301 839 538 903 prosperis.
608 842 694 893 Ac,
712 838 792 884 nisi
815 836 1054 883 confilium
1090 836 1349 889 mutaveris,
1375 837 1522 882 nihilo
1544 835 1815 891 felicior-em,

46 905 142 954 imo
163 906 435 952 deteriorem
454 903 628 952 exitum
651 904 853 965 expecta.
923 902 1050 962 Qid
1067 901 1190 947 enim
1217 901 1295 946 ille
1317 901 1585 963 designavit,
1610 903 1744 963 quale
1769 916 1819 948 tu

47 987 168 1018 nunc
192 971 300 1017 facis
327 973 343 1016 ?
379 961 518 1031 idque
557 969 603 1014 in
630 968 822 1031 gratiam
854 967 1093 1012 hominurn
1116 964 1526 1019 scelestissimorum,
1564 968 1645 1027 qui
1667 982 1818 1029 neque

49 1036 225 1098 flagitia
248 1035 320 1081 sua
340 1049 492 1095 tegere
512 1033 704 1095 possunt,
730 1048 814 1078 nec
837 1031 1106 1077 diffimulare
1130 1029 1282 1076 saltem
1308 1031 1578 1076 conant'ur.”

115 1101 340 1146 XXXIV.
362 1100 466 1145 Hac
486 1098 801 1144 admonitione
819 1096 1018 1142 hominis
1045 1095 1179 1140 amici
1203 1097 1370 1140 Prorex
1406 1110 1573 1148 nimus,
1596 1094 1815 1157 rescripsit

32 1165 106 1211 ¹ad
130 1164 441 1216 Cardinalem,
466 1180 522 1209 ne
541 1163 591 1209 id
626 1162 856 1221 judicium
883 1160 1189 1222 praecipitaret
1215 1177 1225 1205 ε
1261 1159 1334 1204 sed
1355 1174 1447 1203 rem
1485 1170 1626 1204 totam
1673 1161 1820 1207 serva-

49 1243 118 1276 ret
140 1229 365 1293 integram
389 1227 527 1289 usque
549 1227 593 1273 in
618 1228 741 1273 suum
767 1228 1027 1273 adventum³
1098 1225 1267 1285 Neque
1286 1223 1406 1269 enim
1433 1222 1472 1268 se
1502 1223 1819 1273 consensurum

47 1293 96 1340 in
116 1294 240 1340 illius
265 1291 461 1339 hominis
489 1292 754 1354 perniciem,
781 1305 1025 1352 antequam
1051 1290 1106 1336 de
1126 1288 1257 1334 causa
1280 1287 1546 1350 diligentius
1570 1289 1816 1351 cognosca-

49 1371 138 1405 tur.
206 1359 350 1422 Qod
373 1359 402 1404 si
443 1356 703 1403 Cardinalis
724 1355 844 1403 secus
866 1354 995 1407 faxit,
1020 1354 1066 1400 in
1100 1354 1354 1416 caput-ejus
1378 1369 1514 1414 poena
1535 1366 1695 1400 vertat.
1765 1356 1823 1401 Se

49 1440 160 1470 vero
181 1423 437 1469 immunem
455 1421 611 1473 caedis,
637 1426 677 1467 &
699 1419 928 1483 sanguinis
952 1419 1049 1465 fore
1071 1418 1188 1464 hisce
1212 1417 1354 1464 literis
1376 1417 1588 1464 attestari.
1657 1419 1824 1466 Cardi-

51 1488 166 1535 nalis
190 1489 277 1535 hoc
293 1486 500 1550 responso
522 1498 686 1548 praeter
700 1485 968 1548 opinionem
987 1485 1101 1530 ifitus
1125 1497 1229 1529 cum
1253 1500 1343 1529 non
1368 1482 1599 1529 dubitaret
1619 1481 1825 1545 interpo-

49 1553 128 1600 fita
159 1569 285 1599 mora
307 1569 437 1598 reum
475 1551 618 1613 vulgo
639 1549 884 1612 gratiosum
906 1562 1113 1610 ereptum
1152 1547 1207 1593 iri
1229 1566 1239 1593 :
1278 1564 1362 1594 nec
1385 1565 1479 1593 rem
1503 1547 1825 1610 disceptationi

49 1617 280 1665 committi
310 1617 480 1662 vellet:
519 1614 683 1678 partim
723 1614 849 1676 quod
897 1615 1070 1659 nullam
1110 1612 1160 1659 in
1192 1613 1408 1676 aenuitate
1440 1613 1564 1673 spem
1589 1628 1778 1675 poneret
1805 1631 1821 1661 ε

49 1682 218 1746 partim
242 1681 369 1745 quod
391 1682 447 1728 de
470 1679 811 1740 sententiisjam
831 1691 933 1724 ante
969 1678 1267 1724 conciliorum
1293 1677 1560 1723 auctoritate
1599 1679 1826 1739 praedam·

10 1763 15 1764 ⁷
53 1747 189 1799 natis,
209 1745 376 1792 iterum
394 1743 620 1805 judicium
644 1744 738 1790 fieri
761 1744 962 1790 nolebat.
1031 1744 1193 1804 Itaque
1235 1758 1375 1803 prope
1394 1740 1595 1788 furenter
1613 1741 1750 1789 iratus
1775 1744 1826 1791 in

49 1810 252 1857 concilio
268 1823 374 1857 ante
391 1808 594 1870 suscepto
613 1808 911 1869 perseveravit
934 1825 945 1853 :
980 1823 1030 1852 ac
1047 1806 1295 1868 respondit,
1321 1806 1362 1852 se
1388 1823 1478 1853 non
1497 1808 1554 1853 ad
1578 1808 1826 1870 Proregem

52 1874 160 1921 ideo
182 1873 408 1937 scripsisse,
440 1873 568 1934 quod
591 1873 648 1918 ab
670 1874 764 1934 ejus
791 1873 1057 1918 annositate
1095 1872 1186 1917 ulla
1205 1872 1251 1917 in
1272 1889 1318 1917 re
1339 1872 1572 1933 penderet,
1600 1871 1673 1918 sed
1696 1873 1826 1935 quod

22 1973 32 1977 -
51 1941 111 1986 ad
136 1939 328 2002 speciem
352 1936 588 1985 consensus
625 1936 800 1999 publici
823 1937 916 1998 ejus
941 1934 1107 1983 nomen
1132 1936 1188 1981 ad
1209 1935 1642 1982 condemnationem
1666 1937 1829 1984 ascribi

53 2005 210 2051 vellet.
254 2004 405 2068 Igitur
424 2001 632 2063 Georgio
656 2000 681 2047 ὲ
702 2017 878 2049 carcere
904 2002 1126 2063 ριόἀυὲὶο
1151 2003 1220 2062 (ι)
1248 2001 1439 2046 Ioannes
1465 2000 1731 2049 Viniramus
1755 2002 1827 2048 vir

52 2069 231 2121 doctus„
259 2075 305 2116 2⁵51
325 2068 406 2132 qui
426 2084 482 2114 ex
506 2067 660 2112 animo
682 2066 859 2111 sincerae
882 2065 1117 2128 religionis
1154 2065 1314 2117 causae,
1340 2065 1412 2110 sed
1431 2067 1611 2112 occulte
1633 2066 1826 2122 faveret,

53 2133 80 2181 ὲ
102 2132 329 2195 superiore
368 2133 472 2179 loco
507 2131 778 2177 concionem
803 2130 1138 2191 haberejuffus,
1165 2130 1190 2176 ὲ
1214 2130 1423 2176 Matthaei
1450 2129 1599 2192 capite
1622 2132 1829 2179 decimo-

51 2198 191 2244 tertio
213 2196 504 2247 declamavst,
530 2194 700 2243 bonum
725 2194 875 2247 semen
899 2197 983 2243 effe
1008 2195 1197 2242 verbum
1224 2194 1331 2248 Dei,
1359 2196 1527 2241 malum
1555 2213 1660 2243 vero
1683 2197 1828 2242 haere-

55 2263 135 2310 ses.
161 2263 382 2310 Haerelim
398 2260 522 2308 enim
540 2259 912 2322 effessopinionem
934 2259 1106 2314 falsam,
1132 2265 1291 2306 &cum
1314 2259 1435 2306 sacra
1455 2258 1673 2322 scriptura
1692 2261 1828 2324 plane

51 2341 360 2391 pugnantem,
378 2333 417 2373 &
441 2328 664 2389 quae'cum
689 2325 943 2389 pertinacia
965 2324 1287 2372 defenderetur
1308 2342 1318 2370 ε
1353 2341 1452 2371 eam
1484 2341 1593 2371 vero
1617 2331 1655 2372 &
1677 2325 1829 2390 gigni,

53 2397 109 2438 2&
133 2393 192 2438 ali
211 2391 472 2455 ignorantia
494 2392 720 2451 pastorum
739 2391 937 2437 ecclefiae
960 2409 972 2436 z
1006 2390 1087 2453 qui
1109 2389 1300 2452 spiritali
1342 2388 1518 2454 gladio,
1539 2389 1587 2435 id
1611 2392 1670 2437 est
1688 2392 1829 2437 verbo

57 2455 167 2511 Dei,
188 2473 271 2504 nec
295 2454 551 2504 Haereticos
569 2455 859 2510 convincere,
881 2471 965 2502 nec
985 2467 1183 2500 errantes
1198 2455 1414 2500 reducere
1436 2453 1484 2500 in
1508 2453 1629 2501 viam
1645 2468 1829 2503 norunt„

55 2519 240 2568 Deinde
263 2521 492 2584 explicato
525 2518 736 2583 Episcopi
763 2536 818 2565 ex
839 2519 1028 2582 epistola
1070 2519 1127 2565 ad
1153 2519 1454 2565 Timotheum
1478 2520 1647 2572 officio,
1692 2537 1830 2567 unam

56 2587 143 2633 esse
164 2585 366 2634 haerefim
390 2584 1003 2645 deprehendendirationem
1027 2583 1238 2638 ostendit,
1262 2584 1294 2630 fi
1313 2584 1370 2630 ad
1404 2583 1592 2631 verbum
1619 2585 1728 2640 Dei,
1752 2602 1832 2632 ve·

59 2649 129 2698 lut
149 2651 208 2697 ad
227 2650 428 2712 lapidem
451 2648 654 2712 Lydium
677 2648 951 2696 conferatur.
984 2649 1199 2695 Tandem
1223 2665 1327 2695 cum
1353 2649 1606 2709 perorasset,
1624 2650 1701 2696 etfi
1725 2661 1830 2713 quae

12 2738 15 2741 “
59 2713 331 2762 dicebantur
351 2727 510 2762 contra
542 2713 792 2761 sacerdotes
812 2714 1027 2767 facerent,
1052 2711 1134 2777 qui
1157 2729 1247 2759 non
1272 2713 1329 2760 ad
1350 2713 1620 2760 refellendas
1643 2715 1829 2762 haereses

58 2780 384 2834 convenissent,
404 2779 480 2826 sed
501 2778 557 2826 ad
576 2795 653 2825 eos
676 2779 958 2842 plectendo&
983 2777 1065 2840 qui
1087 2778 1301 2832 licentiae,
1324 2784 1363 2824 δι
1383 2779 1653 2841 arrogantiae
1671 2795 1831 2826 eorum

34 2859 40 2864 ·
60 2845 252 2891 *obviarn
268 2844 403 2900 irent,
421 2856 572 2891 tamen
593 2843 891 2891 velutomnia
911 2842 1207 2890 succederent
1228 2843 1292 2889 eis
1315 2843 1372 2889 ad
1403 2856 1580 2895 votum,
1605 2856 1651 2889 ut
1671 2844 1834 2890 consu-

59 2921 181 2956 etam
198 2909 439 2972 judicandi
461 2907 543 2955 fibi
566 2909 759 2956 formam
783 2908 1087 2964 observarent,
1112 2908 1169 2954 ad
1191 2907 1448 2971 suggestum
1476 2907 1523 2953 in
1555 2908 1729 2969 templo
1753 2923 1832 2954 ex-

66 2975 264 3021 trutstum
299 2973 558 3037 Georgium
599 2972 903 3035 pertrahunt:
935 2973 1127 3020 alterurn
1160 2989 1216 3019 ex
1238 2972 1423 3019 adverso
1442 2972 1696 3034 suggestum
1720 2972 1834 3019 conss

62 3037 237 3085 stendit
275 3038 472 3087 Ioannes
509 3038 746 3085 Lauderus
768 3038 1065 3085 Romanenfis
1107 3036 1378 3084 sacrificulus
1405 3055 1414 3082 :
1449 3035 1601 3082 caeteri
1625 3035 1751 3083 velut
1775 3037 1836 3085 ad

38 3157 48 3160 ⁴
61 3101 363 3164 judicandum
381 3102 711 3150 circumsistunt
734 3120 746 3149 t
779 3102 853 3149 sed
873 3101 1198 3162 nullajudicii,
1219 3113 1296 3147 aut
1317 3101 1470 3146 liberae
1494 3099 1834 3161 disceptationis

16 3184 19 3188 ’
67 3165 136 3212 ibi
157 3167 304 3213 forma
323 3165 428 3213 fuit.
495 3168 745 3214 Accusator
780 3167 904 3214 enim
938 3180 1044 3212 cum
1085 3165 1244 3212 multis
1267 3163 1584 3210 abominandis
1614 3165 1835 3213 conviciis·

63 3230 333 3276 odiofiffima
350 3246 564 3292 quaeque,
598 3239 703 3293 quae
726 3233 867 3293 vulgo
884 3229 1093 3276 adversus
1115 3228 1311 3292 purioris
1347 3229 1567 3274 doctrinae
1601 3228 1836 3292 magistros

4 3326 6 3329 -
61 3292 268 3356 confingi
288 3292 448 3348 solent,
487 3308 594 3340 cum
618 3295 794 3341 summa
814 3297 1058 3341 verborum
1080 3293 1324 3339 acerbitate
1345 3292 1610 3339 detonabat.
1678 3295 1838 3358 Atque

64 3357 132 3404 ita
154 3370 252 3404 tum
272 3357 382 3404 attis
394 3356 572 3419 aliquot
589 3358 729 3412 horis,
746 3357 977 3421 Georgius
998 3357 1047 3403 in
1071 3372 1220 3402 arcem
1238 3357 1506 3405 reduetusin
1530 3356 1732 3420 praefec'ti
1756 3374 1838 3408 cu.

43 3422 221 3470 ‘biculo
243 3421 545 3482 pernostavit,
570 3438 738 3485 magna
755 3432 880 3484 parte
904 3420 1123 3483 tempo-ris
1144 3421 1193 3467 in
1211 3421 1384 3468 orando
1406 3421 1688 3485 consumpta.

43 3510 47 3511 ⁷
70 3508 80 3516 ··
130 3482 339 3535 XXXV.
372 3482 589 3534 Postridie
608 3503 741 3534 mane
759 3484 976 3550 Episcopi
996 3485 1111 3532 duos
1150 3484 1465 3536 Franciseanos
1498 3487 1557 3536 ad
1578 3504 1683 3538 eum
1706 3487 1839 3536 mise-

116 3613 191 3668 (ι)
216 3615 296 3658 Mt.
315 3615 419 3671 John
436 3616 648 3666 Winrame‚
668 3615 852 3670 sub-prior
881 3614 925 3653 of
934 3616 990 3654 St.
1011 3616 1208 3659 Andrews.
1512 3658 1517 3662 .

835 3693 883 3743 K
916 3692 948 3742 k
980 3690 1014 3741 k
1406 3695 1420 3711 ¹
1720 3710 1843 3753 runt,
