2055 3828
198 181 342 248 214
512 161 869 227 RERUM
957 152 1636 219 Scoriciinum

163 299 168 304 „
196 274 345 323 opem
364 256 495 308 ferre.
549 257 619 305 'Id
635 271 739 302 cum
758 253 836 299 ille
853 251 1145 314 pertinaciter
1164 265 1369 314 negaret,
1388 249 1437 297 in
1454 249 1683 297 tumulum
1699 250 1823 298 v'elut
1837 249 1965 312 spec·

204 336 330 375 tator
350 322 588 384 subjectus,
611 331 759 365 certus
781 329 933 364 tamen
954 316 986 362 fi
1008 331 1076 362 res
1100 314 1301 378 posceret
1321 313 1407 361 suis
1428 314 1493 360 ire
1510 312 1721 367 subsidio,
1761 315 1838 360 ubi
1864 317 1962 361 An-

210 388 393 453 glorum
415 386 556 432 aciem
571 381 1077 443 inclinantein,remque
1096 377 1321 426 Senticam
1339 379 1526 426 meliore
1540 379 1643 424 loco
1660 377 1743 423 effe
1759 378 1965 423 animad-

197 450 362 507 -vertit,
381 450 448 497 ibi
464 445 678 502 constitit,
703 461 760 493 ne
776 461 834 493 ex
851 444 1000 492 aliena
1019 444 1154 491 laude
1176 442 1424 505 quicquam
1439 443 1558 490 velle
1579 442 1820 506 decerpere
1838 441 1965 487 vide-

207 527 347 565 retur.

271 577 492 627 XXXIX.
526 575 672 638 Angli
692 574 848 638 paucis
864 573 956 621 illis
980 573 1004 621 ὲ
1023 583 1147 620 tanta
1164 569 1459 618 multitudine
1481 569 1641 617 amiffis
1661 569 1777 617 nihil
1799 567 1963 614 animis

207 642 356 695 fracti,
371 647 409 687 &
423 640 547 686 Scoti
565 640 691 686 velut
712 639 852 687 totius
869 636 1071 687 victoriae
1085 636 1239 684 omine
1259 649 1457 699 recaepto
1467 635 1509 682 se
1522 634 1571 680 in
1587 635 1825 681 crastinum
1845 633 1969 678 diem

208 708 266 757 ad
287 703 630 752 dimicationem
649 715 826 766 parant.
860 703 972 750 Nox
992 700 1201 765 quamvis
1223 716 1319 749 tum
1343 699 1595 747 brevissima
1615 700 1692 760 (ad
1710 694 1901 745 Nonum
1921 713 1968 743 e-

207 771 303 819 nim
327 769 551 816 calendas
574 768 712 817 Iulias
735 780 990 831 pugnaturn
1010 768 1090 824 est)
1122 782 1206 828 pro
1226 767 1388 813 ardore
1409 778 1559 811 tamen
1584 761 1812 827 utriusque
1830 760 1968 823 partis

206 836 349 897 longa
368 833 624 880 videbatur.
651 831 817 879 Omnis
840 832 1079 877 Scotorum
1102 831 1354 878 multitudo
1374 830 1422 876 in
1442 842 1530 875 tres
1552 826 1669 873 acies
1693 838 1788 871 erat
1809 823 1966 870 divisa.

205 900 309 946 Rex
328 897 527 945 mediam
540 896 761 943 ducebat:
776 895 824 941 in
838 896 1000 942 dextro
1015 910 1156 941 cornu
1178 895 1273 955 ejus
1292 894 1445 952 frater,
1459 893 1506 939 in
1531 892 1699 937 sinistro
1714 890 1971 936 Randultus

204 962 478 1026 imperabat.
547 960 691 1025 Angli
713 972 878 1023 praetei·
898 975 1117 1023 magnum
1141 958 1473 1023 sagittariorum
1500 971 1756 1010 numerum,
1781 969 1894 1016 quos
1920 967 1971 997 u·-

206 1027 392 1090 trinque
410 1025 625 1074 cornibus
666 1024 1068 1077 circumfuderant,
1099 1023 1412 1085 cataphracios
1429 1020 1572 1069 ctiam
1595 1036 1618 1065 e
1642 1018 1809 1064 Galliis
1833 1016 1975 1063 habe—

183 1140 186 1145 ,
209 1092 337 1140 bant.
405 1090 474 1139 Hi
494 1107 599 1138 cum
620 1089 668 1136 in
690 1089 992 1141 Randulsum‚
1015 1087 1098 1150 qui
1119 1088 1231 1134 locis
1253 1084 1577 1133 humilioribus
1600 1083 1757 1138 stabat,
1797 1080 1839 1127 se
1861 1096 1971 1126 con-

208 1156 429 1211 citassent,
442 1168 493 1202 ut
509 1155 556 1202 in
576 1155 693 1202 latus
706 1153 949 1217 obliquum
971 1152 1270 1204 incurrerent,
1286 1149 1430 1198 subito
1449 1149 1495 1197 in
1515 1161 1785 1213 praeparatas
1805 1146 1829 1192 ὲ
1845 1143 1975 1193 Brus-
2054 1184 2055 1199 ,

208 1222 273 1270 fio
295 1221 424 1269 sosias
446 1219 590 1267 ruinae
610 1219 752 1266 modo
769 1233 874 1265 cum
893 1234 1060 1281 magna
1080 1216 1321 1264 hominurn
1345 1221 1385 1262 8ι
1407 1230 1630 1276 equorum
1655 1212 1796 1278 strage
1818 1212 1971 1274 proci-

210 1286 390 1333 derunt.
460 1283 602 1332 Primi
635 1283 814 1330 suorum
838 1282 967 1346 supra
987 1281 1217 1328 ruentium
1240 1280 1365 1344 lapsu
1387 1277 1577 1342 oppressi
1613 1277 1846 1339 perierunt
1869 1292 1881 1321 :
1922 1278 1973 1324 δί

198 1349 422 1412 postremi
444 1347 647 1413 priorum
671 1347 801 1394 clade
830 1345 976 1394 territi
1000 1345 1362 1394 retrocesserunt.
1428 1345 1473 1390 Is
1495 1356 1639 1391 terror
1657 1339 1794 1386 etiam
1817 1337 1972 1402 pedes—

210 1426 299 1462 tres
318 1414 471 1477 copias
494 1411 704 1461 nonnihil
726 1411 938 1466 tardavit,
961 1409 1127 1458 veritas
1146 1427 1202 1457 ne
1220 1411 1269 1459 &
1291 1408 1397 1472 ipsae
1419 1407 1555 1454 simili
1576 1406 1736 1452 fraude
1757 1420 1973 1467 caperen—

210 1490 301 1526 tur.
370 1477 556 1525 Accidit
577 1483 616 1524 &
639 1475 765 1522 aliud
787 1491 978 1538 parvum
1008 1474 1197 1538 quidem
1219 1471 1343 1521 dian
1367 1491 1378 1519 z
1428 1471 1502 1521 sed
1524 1469 1669 1534 quod,
1713 1482 1762 1514 ut
1782 1467 1830 1514 in
1850 1469 1972 1514 bello

209 1543 479 1604 plaerunque
502 1540 613 1588 solet
633 1540 833 1593 evenire,
852 1556 943 1585 non
965 1537 1066 1585 leve
1087 1538 1241 1585 attulit
1259 1549 1542 1585 momentum
1564 1535 1623 1580 ad
1644 1533 1865 1579 summam
1890 1531 1969 1577 rei.

208 1605 485 1662 Robertum‚
504 1606 587 1668 qui
608 1617 711 1651 ante
730 1603 852 1650 suam
869 1602 1014 1649 aciem
1036 1601 1351 1664 obequitabat,
1375 1600 1644 1661 clavamque
1660 1612 1798 1643 manu
1815 1609 1972 1642 tenens

209 1668 383 1732 primos
400 1669 581 1716 ordines
603 1667 883 1722 continebat,
905 1666 1093 1729 quidam
1137 1666 1317 1728 Anglus
1338 1662 1584 1727 agnoscens
1601 1660 1785 1707 infestus
1803 1659 1847 1705 in
1866 1675 1974 1706 eum

208 1734 380 1782 hastam
399 1732 571 1798 dirigit.
641 1733 741 1779 Rex
764 1731 856 1778 ielu
873 1731 1012 1793 paulo
1034 1730 1204 1777 evitato
1238 1729 1410 1776 hostem
1448 1724 1556 1788 equi
1590 1724 1767 1787 impetu
1788 1738 1976 1787 praeterff

198 1800 392 1848 ‚vectuin
410 1797 538 1844 clava
559 1796 678 1849 ferit.
703 1812 755 1844 ac
776 1795 1032 1842 exanimem
1052 1794 1145 1841 solo
1169 1790 1421 1855 prosternit.

275 1863 377 1910 XL.
412 1862 596 1926 Vulgus
610 1861 807 1908 militum
864 1857 1128 1906 ericulosam
1151 1857 1292 1921 Regis
1310 1854 1546 1904 audaciam
1567 1853 1744 1963 mqgnis
1761 1852 1973 1900 laudibus

210 1926 484 1990 prosequens
505 1943 594 1974 uon
612 1926 708 1986 jam
724 1877 912 1972 consilio
934 1922 1051 1986 regi,
1067 1922 1142 1970 sed
1164 1921 1340 1985 impetu
1361 1921 1409 1968 in
1432 1921 1602 1967 hostem
1645 1917 1733 1964 erri
1755 1931 1881 1964 tanto
1902 1933 1973 1964 ar·

201 1992 321 2038 .dore
344 1990 620 2043 animorum,
641 2002 690 2037 ut
711 1987 938 2037 adversam
958 1986 1101 2034 aciem
1124 1985 1363 2049 impulsuri
1385 1983 1664 2037 viderentur,
1688 1981 1773 2028 nisi
1792 1982 1974 2044 sagitta·
2021 1996 2031 2010 ‘

209 2055 266 2103 rii
281 2055 536 2118 Anglorum
555 2056 603 2102 in
621 2053 834 2101 cornibus
853 2050 1052 2114 dispositi
1071 2066 1241 2114 magno
1258 2065 1365 2096 cum
1378 2050 1548 2095 damno
1567 2063 1643 2094 eos
1661 2045 1974 2094 coercuissent.

201 2118 406 2167 Bruffius
427 2118 605 2182 aliquot
626 2118 838 2181 equitum
858 2114 1019 2162 turmis
1035 2113 1236 2162 immiss‘is
1258 2130 1336 2161 eos
1356 2113 1545 2177 quidem
1566 2110 1765 2174 repreffit
1788 2128 1800 2157 ε
1853 2126 1976 2157 error

211 2196 366 2231 tamen
382 2183 624 2246 ,plusquam
647 2180 782 2229 hostis
804 2179 969 2253 Anglis
993 2179 1164 2226 nocuit.
1230 2178 1395 2225 Turba
1410 2178 1533 2225 enim
1556 2174 1781 2223 castrensis
1802 2173 1974 2222 caloni·
2024 2207 2037 2223 .

205 2247 297 2297 ‘bus
318 2247 365 2294 in
379 2247 589 2309 jumenta
609 2245 848 2309 impositis,
871 2242 1114 2306 linteisque
1134 2244 1365 2306 signorum
1390 2242 1521 2288 instar
1541 2238 1781 2303 explicatis
1803 2255 1906 2285 cum
1926 2237 1973 2285 in

210 2312 348 2367 colle,
375 2311 496 2359 unde
516 2309 716 2374 conspici
738 2310 929 2374 possent,
967 2308 1274 2362 constitissent,
1299 2306 1492 2370 speciem
1521 2305 1628 2352 novi
1650 2303 1873 2360 exercitus
1894 2303 1973 2349 ad-

210 2375 439 2423 ventantis
456 2374 769 2438 praebuerunt.
803 2372 965 2438 Angli,
989 2371 1070 2441 qui
1091 2370 1291 2436 proximi
1312 2371 1484 2418 itabant
1505 2368 1691 2443 duplice
1713 2380 1838 2414 metu
1857 2380 1976 2415 atto·
2005 2372 2010 2377 '

202 2438 297 2488 niti
314 2442 472 2503 fugam
491 2438 738 2502 capess'unt,
758 2453 810 2484 ac
827 2437 904 2484 suo
921 2452 1089 2501 pavore
1109 2434 1332 2499 reliquam
1354 2435 1498 2482 aciem
1514 2431 1718 2482 turbant.
1759 2430 1904 2495 Vulgi
1927 2431 1976 2478 in
2006 2427 2019 2437 ⁹

209 2504 324 2567 fuga
343 2503 506 2567 ingens
536 2503 662 2550 edita
698 2503 861 2550 caedes.
930 2499 1283 2565 Qiuquaginta
1318 2499 1579 2564 Anglorum
1611 2494 1758 2543 millia
1786 2495 1976 2558 quidam

208 2569 464 2616 nostrorum
489 2567 599 2613 caesa
619 2566 821 2615 tradunt.
876 2565 1112 2613 Caxtonus
1130 2564 1318 2627 scriptor
1340 2565 1520 2629 Anglus
1542 2573 1594 2609 ut
1612 2575 1855 2608 numerum
1877 2574 1976 2607 cer-

192 2643 313 2681 -tum
331 2647 423 2678 non
446 2630 594 2695 ponit,
623 2631 689 2677 ita
708 2629 863 2740 strapis
891 2628 1092 2693 ingentis
1122 2628 1410 2691 suspitionem
1445 2627 1569 2675 facit.
1636 2623 1720 2673 Ait
1747 2623 1871 2672 enim
1902 2622 1976 2671 in-

212 2694 546 2744 numerabilem
562 2694 776 2742 caesorum
818 2693 923 2741 uisse
945 2693 1306 2740 multitudinem.
1327 2693 1432 2740 Nec
1445 2686 1911 2750 fortaffisinjuriarem
1927 2687 1978 2736 in

203 2759 388 2809 incerto
409 2758 613 2822 reliquit,
632 2759 762 2823 quod
781 2773 1022 2805 numerum
1043 2755 1158 2804 inire
1176 2773 1267 2804 nori
1289 2768 1386 2803 erat
1406 2753 1557 2811 facile,
1573 2753 1686 2817 fuga
1700 2764 1793 2799 tam
1815 2752 1978 2818 longe,

210 2824 399 2887 lateque
419 2822 579 2897 sparsa,
600 2821 650 2870 in
670 2838 762 2888 qua
778 2822 946 2884 plures,
969 2819 1109 2885 quam
1130 2821 1179 2867 in
1200 2820 1358 2883 praelio
1378 2818 1626 2882 perierunt.
1675 2816 1833 2863 Tanta
1853 2816 1979 2865 certe

212 2889 365 2938 clades
380 2888 488 2941 fuit,
511 2900 562 2935 ut
582 2886 812 2951 proximo,
837 2901 889 2931 ac
911 2886 1045 2932 tertio
1063 2885 1162 2949 post
1178 2900 1299 2931 anno
1321 2882 1465 2946 Angli
1485 2895 1753 2946 quanquam
1768 2880 1980 2944 pluribus
2007 2896 2017 2911 ·=

210 2951 519 3002 incommodis
541 2961 911 3015 provocarentur,
937 2962 1088 2996 tamen
1110 2964 1202 2996 non
1221 2948 1263 2995 se
1284 2946 1632 2995 commoverint.
1702 2945 1741 2992 E
1763 2943 1980 2992 nobilita·
2005 2949 2010 2982 ἑ

215 3031 260 3064 te
283 3017 484 3080 Anglica
503 3015 769 3062 ceciderunt
789 3011 969 3060 circiter
988 3013 1174 3060 ducenti
1201 3031 1211 3060 z
1248 3029 1329 3074 par
1346 3027 1488 3075 prope
1509 3025 1724 3058 numerus
1759 3007 1849 3056 fuit
1868 3025 1978 3071 cap·
2005 3031 2011 3039 ’

205 3081 416 3129 vrivorum
440 3079 697 3127 illustrium.
729 3080 800 3126 Ex
821 3077 881 3139 iis*
891 3077 1128 3142 cognitum
1148 3078 1209 3123 est
1226 3076 1413 3124 initium
1428 3075 1550 3140 fugae
1572 3073 1630 3122 ab
1646 3072 1745 3137 ipso
1757 3073 1827 3120 Re
1861 3089 1888 3121 e
1904 3087 1983 3120 oi·-

215 3157 332 3199 tum‚
347 3161 400 3192 ac
422 3143 504 3192 nisi
533 3143 560 3190 ὲ
577 3142 764 3192 Comite
784 3141 976 3190 Marciae
995 3141 1046 3189 in
1067 3157 1215 3189 arcem
1239 3139 1469 3188 Dumbari
1496 3140 1716 3201 recaept'us
1737 3135 1805 3184 fui
1839 3148 1901 3192 et,
1924 3147 1977 3184 ae
1998 3139 2002 3174 ἶ

207 3209 426 3256 navicula
443 3207 683 3256 Bervicum
703 3207 871 3262 missus,
890 3221 982 3253 non
996 3205 1195 3254 evafisset
1215 3221 1375 3252 manus
1392 3200 1630 3267 Duglassii‚
1643 3200 1846 3265 quicum
1864 3190 2007 3264 quaes
2054 3238 2055 3243 ,

215 3271 473 3336 dringentis
489 3271 722 3336 equitibus
740 3268 1043 3335 quadraginta
1065 3268 1212 3318 millia
1226 3269 1429 3332 passuum
1441 3280 1551 3327 eum
1570 3264 1745 3313 secutus
1765 3276 1875 3312 erat.
1901 3265 2000 3315 lii-‚¹
2042 3292 2045 3297 ¹

217 3349 287 3383 ter
314 3336 518 3398 captivos
555 3333 858 3401 deprehensus
886 3337 946 3382 est
969 3333 1218 3382 monachus
1252 3349 1309 3380 ex
1330 3346 1488 3379 eorum
1515 3328 1733 3383 safflone,
1754 3329 1836 3392 qui
1855 3330 1944 3390 (ι)··
2050 3328 2051 3331 ’

216 3400 435 3447 Car-melo
455 3413 611 3447 monte
634 3400 774 3463 Syriae
797 3399 878 3446 sibi
895 3410 1154 3464 cognomen
1177 3397 1469 3461 adoptarunt.
1493 3394 1557 3449 Is,
1580 3406 1630 3440 ut
1650 3391 1742 3439 inis
1759 3389 1987 3457 tempori-,¹

216 3463 302 3512 bus
324 3475 462 3527 poeta
483 3461 576 3509 no‘n
599 3463 876 3527 spernendus
898 3463 987 3514 fuit
1008 3462 1220 3511 habitus:
1253 3473 1390 3523 atque
1412 3458 1470 3508 ad
1490 3456 1664 3507 bellum
1685 3454 1907 3532 addnEJm
1928 3461 2039 3542 αι’)

271 3590 350 3644 (ι)
368 3593 403 3629 A
426 3590 754 3630 Carmente-frier.
1951 3623 1954 3627 ,
1972 3539 2042 3627 'aff

1698 3653 1718 3670 t
1887 3632 2038 3694 3043.

1989 3703 2040 3776 {v

1987 3738 2003 3756 k

1980 3771 2036 3828 5⁴23

2021 2618 2041 2785 ’.υκαι-,ιφ
2006 2568 2037 2590 ι·
