1994 3833
102 136 237 221 486
421 137 781 204 RERUM
872 132 1567 203 SCoTr‘cARUM

105 246 197 280 tuae
220 234 323 282 filiae
335 250 478 295 regno
493 231 745 296 gravissime
763 231 832 289 (1)
854 230 1025 276 affefiae
1041 229 1277 276 necessaria
1291 228 1502 292 sit-:quiem
1515 223 1640 291 justis
1658 234 1870 294 precibus

99 309 152 345 te
171 314 262 346 non
284 298 506 363 gravatim
530 295 863 342 accommodes.
909 294 962 339 Id
983 294 1011 340 fi
1027 294 1205 348 feceris,
1226 300 1262 339 :2-
1277 294 1527 354 jucundam
1552 307 1639 341 tuae
1661 287 1873 346 modera-

108 362 247 435 tion-is
269 360 533 410 memoriam
556 359 678 420 apud
701 374 859 404 omnes
882 357 1087 404 nationes
1118 358 1345 419 relinques
1380 375 1392 403 τ
1430 363 1469 403 δε
1493 359 1701 404 maximae
1733 364 1877 423 paz-tis

104 426 462 473 Christianorum
487 423 689 470 consules
712 420 1048 486 tranquillitati.
1115 422 1249 476 Vale,
1281 421 1508 468 Dalkethi
1531 439 1576 485 4.
1600 422 1674 468 die
1698 425 1872 486 April-is

111 506 128 538 1
190 492 316 539 60.''

149 508 325 602 5LVII.
358 551 495 599 Sexto
517 549 691 614 Aprilis
713 550 805 605 die,
826 567 928 596 curn
951 547 1094 613 Angli
1116 549 1360 597 secundum
1384 565 1506 596 mare
1529 548 1875 611 appropinqua-

100 634 222 672 rent,
246 616 375 664 Galli
396 615 575 662 circiter
598 615 743 670 mille,
780 623 821 662 &
845 613 1037 661 trecenti
1058 615 1206 662 Letha
1227 611 1381 677 egressi
1406 614 1592 667 collem,
1618 614 1694 659 ubi
1723 614 1869 674 plani-

102 683 196 729 cies
217 681 397 734 definit‚
421 680 600 726 modice
622 680 920 742 assurgentem
944 690 1243 740 occuparunt,
1274 678 1402 740 quod
1424 675 1489 724 ibi
1514 677 1690 741 Anglos
1709 678 1871 729 castra-

102 758 351 793 metaturos
372 744 692 800 existimarent.
760 744 834 790 De
857 744 960 789 loco
993 754 1072 788 aut
1089 742 1331 804 capiendo,
1363 756 1441 788 aut
1461 740 1701 787 retinendo
1739 741 1873 802 supra.

100 810 306 873 quinque
328 809 461 855 horas
483 808 700 854 acerrime
732 807 1002 853 dimicatum
1025 808 1103 860 est,
1140 823 1230 853 non
1252 805 1408 868 paucis
1433 803 1645 866 utrinque
1667 805 1871 851 cadenti-

103 878 188 921 bus
221 892 232 920 z
267 873 449 920 tandem
474 873 621 919 Scotis
651 872 883 934 equitibus
915 887 1082 934 magno
1101 871 1276 932 impetu
1299 870 1346 915 in
1369 867 1663 916 denfiffimam
1699 870 1878 918 Gallo-,

97 955 202 986 xum
226 938 371 984 aciem
407 936 703 990 irruentibus,
739 934 915 996 trepida
938 935 1049 998 fuga
1070 933 1117 980 in
1153 933 1377 997 oppidum
1412 934 1597 980 fuerunt
1629 933 1867 994 compulli.

98 1003 159 1051 Id
182 1003 340 1056 modu,
375 1003 470 1064 quo
495 1002 642 1048 minus
673 1015 830 1045 omnes
853 1015 879 1045 a
900 999 987 1045 suis
1020 998 1187 1045 exclusi
1221 997 1439 1061 perirent,
1478 996 1689 1043 obstitisse
1723 996 1867 1043 visum

101 1069 163 1113 est
188 1085 199 1114 ε
225 1066 351 1129 quod
370 1065 513 1128 Angli
536 1064 708 1126 equites
735 1062 874 1126 paulo
897 1061 1088 1117 tardius,
1107 1079 1243 1125 quam
1268 1073 1560 1115 convenerat,
1585 1072 1712 1107 erant
1733 1060 1877 1107 emis*

101 1133 156 1178 fi.
220 1132 424 1178 Tentata
446 1131 541 1192 post
563 1129 662 1174 haec
681 1129 843 1175 frustra
865 1126 964 1174 sunt
1001 1124 1235 1189 colloquia
1272 1125 1441 1190 Anglis
1483 1125 1690 1172 inducias
1714 1124 1868 1186 asper-

101 1195 337 1249 nantibus,
376 1201 417 1242 &
459 1211 540 1257 per
580 1193 863 1239 excursiones
901 1191 1036 1246 levia,
1066 1207 1151 1238 nec
1193 1203 1344 1244 tamen
1368 1191 1603 1236 incruenta
1623 1189 1880 1235 certamina*
1943 1185 1957 1208 ⁸·

100 1259 416 1314 miscentibus,
435 1275 538 1320 qeae
561 1271 920 1304 commemorare
942 1271 1031 1302 non
1054 1256 1114 1301 est
1135 1271 1286 1317 operae
1307 1254 1529 1317 precium.

167 1325 348 1371 LVIII.
374 1325 447 1370 Ad
465 1322 756 1369 undecimum
779 1320 1006 1367 Calendas
1024 1319 1173 1366 Maias
1192 1321 1384 1367 Ioannes
1407 1316 1674 1365 Monlucius
1696 1316 1873 1365 Valen-

101 1388 180 1436 tiae
204 1389 510 1452 Allobrogum
544 1385 794 1449 Episcopus
815 1384 1014 1448 primum
1055 1384 1103 1430 in
1126 1385 1264 1430 cassra
1299 1383 1577 1446 Anglormn,
1601 1382 1709 1429 inde
1731 1381 1777 1427 in
1802 1398 1875 1428 ar-

102 1469 204 1500 cem
224 1451 632 1516 Edimburgensem
655 1451 712 1496 ad
727 1452 983 1512 Regentem
997 1448 1056 1495 est
1077 1449 1314 1495 dedustus.
1343 1448 1464 1493 Cum
1487 1463 1539 1492 ea
1559 1445 1750 1492 biduum
1771 1446 1870 1492 col·
1946 1464 1948 1467 ·

96 1520 285 1564 Iocutus
308 1517 442 1562 rediit
463 1517 520 1562 ad
544 1517 786 1560 Scotorum
810 1529 1019 1575 proceres
1043 1529 1055 1558 ε
1088 1529 1172 1558 nec
1194 1525 1291 1558 tum
1317 1511 1434 1558 ratio
1471 1510 1728 1556 concordiae
1765 1514 1876 1557 eum

104 1581 174 1628 eis
193 1580 300 1627 iniri
322 1581 473 1643 potuit
494 1598 506 1626 z
537 1579 666 1641 quod
689 1576 813 1624 Scoti
834 1576 881 1622 in
904 1592 960 1622 eo
982 1577 1233 1625 constanter
1254 1577 1515 1638 perstarent,
1536 1586 1584 1620 ut
1602 1573 1875 1638 peregrinus

102 1645 239 1693 miles
265 1645 460 1691 domurn·
488 1654 724 1690 remearet.
791 1642 891 1687 1³0st
905 1638 1004 1686 haec
1027 1640 1171 1702 Angli
1192 1656 1295 1686 cum
1329 1639 1390 1685 ob
1411 1637 1719 1692 intervallum,
1743 1638 1874 1700 quod.

100 1711 243 1757 castra
258 1708 503 1755 dirimebat
539 1706 598 1752 ab
618 1705 793 1768 oppido
814 1705 1058 1768 globorum
1101 1705 1300 1766 impetus
1341 1702 1638 1756 evanesceret,
1682 1717 1734 1748 ac
1755 1702 1874 1748 ic‘tus

103 1790 250 1838 prope
269 1772 465 1820 invalidi
488 1769 798 1824 conciderent,
823 1770 961 1814 castra
980 1781 1101 1814 trans
1124 1767 1316 1815 Letham
1341 1767 1533 1814 fluvium
1575 1765 1762 1828 propius
1785 1780 1848 1828 op
1863 1795 1876 1808 .

102 1837 267 1901 pidum
281 1838 454 1891 locant,
475 1835 597 1882 unde
616 1833 782 1882 certior
804 1833 829 1880 ὲ
851 1831 1114 1896 propinquo
1135 1832 1331 1880 nocendi
1352 1833 1457 1878 esset
1477 1831 1685 1883 facultas,
1706 1836 1745 1876 &
1764 1845 1871 1878 cum

40 1949 44 1961 ,
101 1903 228 1949 hoste
241 1901 525 1964 frequentius
547 1899 804 1945 comminus
821 1898 1221 1960 congrederentur.
1289 1895 1439 1944 Pridie
1463 1894 1688 1941 Calendas
1703 1893 1877 1948 Maias,

102 1966 284 2013 circiter
316 1969 428 2012 duas
461 1965 592 2010 horas
614 1975 719 2010 ante
750 1962 854 2008 solis
887 1960 1094 2008 occasum
1117 1961 1238 2024 ignis
1277 1959 1490 2007 fortuitus
1512 1970 1684 2020 partem
1707 1958 1875 2020 oppidi

104 2029 344 2094 corripuit,
369 2045 421 2076 ae
438 2026 659 2075 violentia
678 2039 918 2074 ventorum
940 2025 1120 2086 adjutus
1143 2026 1201 2071 ad
1221 2021 1615 2086 proximamusque
1651 2022 1800 2068 lucem
1823 2020 1876 2069 in

105 2098 226 2141 tefla
243 2093 403 2150 saeviit,
424 2093 607 2155 lateque
627 2092 818 2155 stragem
837 2089 991 2137 dedit:
1026 2105 1078 2135 ac
1099 2102 1273 2150 partem
1296 2089 1562 2134 horreorum
1579 2084 1875 2146 publicorum

105 2160 343 2222 amplexus
363 2156 573 2206 nonnihil
593 2165 873 2202 commeatus
892 2153 1152 2215 absumpsit.
1217 2153 1323 2199 Nec
1342 2151 1391 2197 in
1412 2152 1501 2197 hoc
1538 2150 1738 2196 tumultu
1773 2150 1875 2196 An-

105 2223 174 2288 gli
192 2223 275 2270 fibi
290 2223 534 2269 defuerunt
558 2238 570 2268 t
601 2235 706 2273 narn
723 2225 763 2266 &
787 2217 1033 2278 majoribus
1051 2211 1273 2263 machinis
1294 2215 1342 2262 in
1364 2230 1463 2261 earn
1482 2224 1658 2277 partem
1676 2213 1879 2261 obversus·

104 2288 274 2351 vulgus
296 2287 354 2334 ab
374 2284 591 2333 incendio
612 2283 931 2346 restinguendo
945 2281 1268 2344 prohibebant,
1292 2286 1331 2328 &
1355 2279 1485 2326 fossas
1515 2275 1693 2332 ingreffi
1715 2276 1876 2323 altitu·

105 2351 263 2399 dinem
281 2367 516 2398 murorum
538 2348 717 2411 aliquot
732 2348 778 2394 in
798 2347 912 2393 locis
934 2347 1033 2392 sunt
1053 2345 1242 2392 dimensi
1265 2363 1277 2391 ε
1310 2349 1350 2389 &
1387 2342 1466 2389 nili
1487 2339 1618 2388 Galli
1639 2339 1774 2387 initio
1797 2352 1875 2386 tu·

104 2417 280 2463 multus
295 2414 481 2462 infidias·
502 2413 634 2460 veriti
655 2409 972 2474 frequentesiu
996 2425 1147 2456 muros
1169 2405 1522 2455 conscendissent
1546 2422 1559 2451 ι
1589 2420 1659 2458 ac,
1677 2419 1737 2450 ne
1759 2404 1876 2466 quid

103 2480 154 2529 in
178 2481 257 2527 tali
274 2479 578 2543 trepidatione
591 2477 873 2538 acciperetur
887 2473 1049 2528 cladis,
1069 2472 1379 2536 providissent,
1402 2486 1456 2518 ea
1476 2468 1572 2515 dies
1590 2467 1713 2515 bello
1735 2468 1874 2515 finem

103 2545 295 2593 allatura
310 2543 568 2590 videbatur.
634 2542 711 2588 Ad
733 2557 779 2602 4.
798 2539 959 2586 Nonas
981 2537 1099 2585 Maii
1122 2536 1267 2601 Angli
1287 2536 1334 2583 in
1354 2536 1498 2582 molas
1517 2532 1742 2595 aquarias,
1766 2536 1877 2593 quae'

98 2608 235 2671 juxta.
253 2607 480 2671 oppidum
502 2618 648 2660 erant,
667 2605 822 2668 ignem
847 2603 1115 2664 injecerunt.
1187 2601 1388 2649 Alteram
1404 2610 1508 2645 ante
1529 2598 1696 2650 lucem,
1715 2595 1878 2658 postri·
1955 2636 1957 2638 ,

105 2673 182 2721 die
200 2673 386 2719 alteram
412 2670 769 2732 absumpserunt,
787 2666 1004 2714 incendio
1026 2666 1185 2714 frustra
1205 2663 1359 2712 Gallis
1376 2677 1510 2725 opem
1531 2660 1646 2707 ferre
1668 2659 1877 2722 conanti-¹

105 2737 211 2784 bus.
242 2735 394 2784 Nonis
416 2733 553 2788 Maii,
575 2750 681 2781 cum
702 2733 958 2779 obsidentes
980 2729 1107 2777 scalis
1130 2728 1332 2792 undique
1349 2725 1546 2791 admotis
1575 2723 1749 2771 aditum
1773 2735 1877 2771 ten-

106 2803 285 2856 taffent,
307 2800 367 2846 ob
387 2799 608 2846 scalarum
628 2796 900 2845 brevitatem
921 2811 1025 2842 cum
1039 2794 1194 2840 multis
1206 2790 1468 2839 vulneribus
1486 2788 1649 2850 repulfi
1670 2785 1875 2842 fuerunt,

105 2880 290 2914 centum
313 2862 544 2928 sexaginta
565 2862 745 2909 suorum
769 2859 947 2907 amiffis.
1013 2857 1280 2906 Proximum
1320 2855 1522 2903 triduum
1547 2868 1652 2898 cum
1692 2851 1873 2898 summo

105 2929 280 2985 labore,
302 2932 352 2979 δε
376 2926 581 2990 periculo
604 2925 734 2972 Galli
756 2924 896 2971 muris
918 2921 1174 2970 reficiendis
1195 2920 1439 2973 dederunt,
1461 2916 1630 2981 Anglis
1651 2914 1700 2962 in
1721 2931 1799 2962 eos
1809 2914 1876 2962 as-⁴

105 2994 246 3048 fidue,
269 2992 412 3040 sicubi
434 2992 692 3054 frequentes
713 2988 940 3041 vidissent,
958 2984 1296 3048 jaculantibus„
1738 3008 1740 3010 -

168 3057 297 3104 LIX.
329 3058 437 3104 Hoc
455 3056 665 3108 successu,
688 3052 861 3116 Papani
877 3049 1176 3098 immmodice
1197 3047 1306 3095 elati
1319 3047 1411 3109 jam
1435 3044 1519 3099 fibi
1539 3041 1875 3096 discedentibus

104 3122 295 3185 Anglis,
317 3127 355 3167 δι
380 3119 617 3167 obsidione
638 3119 798 3173 soluta,
821 3117 957 3164 finem
981 3112 1093 3161 belli
1115 3112 1461 3176 promittebant.
1513 3109 1689 3156 Verum
1707 3106 1876 3171 Angli,
1938 3146 1942 3149 Δ

104 3190 156 3234 &
176 3185 306 3233 Scoti
320 3184 436 3231 nihil
458 3188 521 3230 ob
543 3184 661 3230 hanc
684 3181 978 3229 offensionem
997 3177 1153 3225 animo
1169 3174 1461 3229 demissiores,
1484 3170 1614 3220 alteri
1631 3172 1797 3218 alteros
1818 3170 1878 3217 ad

106 3248 401 3296 constantiam
421 3248 522 3295 sunt
544 3246 712 3298 hortati
737 3264 748 3292 ε
782 3252 823 3292 &
845 3241 992 3307 Angli
1012 3241 1055 3288 se
1076 3243 1391 3304 expectaturus
1412 3235 1766 3301 pollicebantur,
1790 3234 1878 3281 do·

105 3328 191 3357 nec
212 3311 268 3358 ex
289 3314 393 3359 aula
406 3312 462 3359 de
482 3312 717 3358 voluntate
750 3310 839 3357 suae
876 3306 1072 3370 Reginae
1093 3305 1309 3352 certiores
1334 3303 1510 3351 fierent.
1577 3298 1669 3346 Sed
1689 3297 1875 3346 interim

105 3374 256 3421 Ducis
275 3375 532 3424 Norfolciae
565 3375 711 3422 literae
729 3373 1029 3431 *vehementer
1059 3368 1269 3417 omnium
1312 3366 1489 3415 animos
1529 3361 1882 3412 confirmarunt.
1931 3397 1935 3401 .

108 3436 295 3501 Scripsit
309 3439 433 3486 enim
471 3439 528 3487 ad
551 3439 768 3509 Graium,
786 3437 870 3503 qui
888 3435 938 3484 in
959 3433 1108 3484 castris
1130 3432 1357 3503 sumtuum
1377 3428 1576 3480 habebat
1596 3424 1840 3492 imperium
1857 3439 1888 3470 ε.
1958 3452 1984 3474 η

158 3565 224 3618 (ι)
251 3565 317 3605 Cr.
335 3565 483 3608 affeetu,
1824 3612 1878 3650 ae
