2106 3838
199 107 320 179 116
493 105 876 192 Raptum.
958 101 1644 172 scemenum

196 208 333 261 Uter,
360 220 480 253 anno
518 203 670 259 salutis
701 205 910 250 humanae
938 202 1323 266 quingentesimo.
1390 206 1462 252 Ac
1483 207 1695 268 proximo
1717 207 1816 270 post
1845 221 1967 256 anno

202 271 458 339 Congallus
479 272 717 329 Scotorum
730 268 830 314 Rex
848 265 1060 314 vicefimo
1081 265 1277 316 secundo
1295 267 1435 332 quam
1457 286 1868 342 regnarecceperat
1883 288 1967 318 an-

200 352 262 383 no
282 334 478 394 decessit.

902 394 1054 442 XLV.
1085 395 1125 444 R
1147 396 1184 442 E
1208 395 1269 442 X.

199 528 202 531 ,
266 461 403 533 XXI.
437 473 534 520 ET
575 469 682 518 huic
704 468 907 518 successit.
923 470 1137 518 Gor-‚anus
1162 464 1298 518 frater
1322 487 1333 517 :
1366 472 1450 534 qni
1470 472 1565 534 ejus
1588 474 1802 537 exemplo
1823 488 1973 536 quan·-

202 541 301 596 tum
328 555 407 601 per
427 551 611 589 externa
646 534 765 580 bella
797 534 928 581 licuit
951 533 1122 582 summa
1145 533 1331 599 pietate,
1357 541 1395 581 Sc
1414 535 1592 596 justicia
1611 554 1706 584 rem
1743 540 1971 585 Senticam

199 602 506 670 gubernavit:
544 615 692 660 neque
728 597 871 645 solum
899 599 1082 664 Regum
1118 599 1342 646 bonorum
1369 612 1517 647 vetere
1538 599 1741 649 instituto
1762 602 1974 665 regiones

197 683 363 726 pmnes
397 662 611 711 obeundo
646 661 693 708 in
724 661 1000 710 facinorosos
1038 662 1395 710 animadvertit:
1432 663 1505 710 scd
1540 664 1837 726 potentiores,
1877 667 1973 728 quo

206 729 356 776 minus
375 728 423 774 in
443 739 616 780 tenues,
631 729 677 775 &a
701 723 957 773 imbecillos
980 727 1063 774 fibi
1081 727 1322 782 obnoxios,
1344 729 1659 791 grassarentur,
1676 729 1808 783 adeo,
1827 742 1878 775 ut
1900 744 1976 776 ac.

204 806 338 854 cepta
358 790 525 852 injuria
544 790 676 853 queri
712 807 803 837 non
840 791 1076 846 auderent,
1101 791 1337 847 deterruit,
1363 810 1418 839 ne
1441 792 1648 838 acerbius
1682 792 1976 845 dominaren-

207 871 295 911 tur,
312 853 524 902 institutis
542 854 926 917 exploratoribus,
941 854 1022 915 qui
1046 855 1238 902 crimina
1259 856 1424 902 tabulis
1448 855 1661 919 inscripta
1683 857 1739 903 ad
1762 855 1803 904 se
1826 855 1976 904 defer-

204 934 306 967 rent
332 939 343 966 :
379 918 633 967 remedium
657 917 747 964 illis
782 918 1066 981 temporibus
1095 920 1210 967 fort'e
1245 918 1533 967 necess'arium
1557 939 1571 968 t
1607 920 1680 966 scd
1711 922 1833 968 nunc
1854 920 1978 969 certe

206 1001 394 1048 anceps,
413 988 459 1034 ὃς
485 1000 574 1029 non
603 981 894 1029 mediocriter
918 982 1237 1044 periculosum.
1291 985 1399 1044 Ejus
1424 983 1621 1031 maximi:
1646 984 1810 1041 studio,
1835 991 1874 1032 δι
1899 1003 1977 1032 au·

207 1048 417 1097 &oritate
440 1048 607 1095 faetum
632 1047 708 1101 est,
737 1061 783 1093 ut
807 1045 923 1094 Picti
946 1048 1102 1094 relicta
1126 1050 1358 1095 Saxonum
1381 1045 1581 1095 amicitia
1599 1047 1750 1096 foedus
1771 1064 1978 1097 commu·

210 1113 331 1161 niter
350 1129 454 1160 cum
479 1111 645 1166 Scotis,
668 1117 708 1158 Sc
732 1109 1016 1159 Brittonibus
1039 1110 1222 1159 inirent.
1277 1114 1387 1160 Erat
1410 1126 1505 1158 turn
1530 1111 1758 1159 Pictorum
1782 1129 1861 1159 rex
1888 1113 1981 1160 Lo·

208 1175 563 1232 rhus.,0mnibus
582 1175 850 1238 corpori5,&
863 1175 1038 1239 ingenii
1057 1176 1190 1223 bonis
1200 1177 1406 1224 omnium
1428 1176 1671 1239 aequalium
1686 1176 1982 1240 praestantissi-

208 1259 326 1289 mus,
354 1242 476 1290 Cum
491 1257 546 1288 eo
568 1239 817 1304 diligenter
834 1240 1048 1287 Goranus
1072 1241 1184 1304 egit,
1203 1254 1249 1288 ut
1271 1242 1312 1288 se
1335 1260 1360 1287 a
1383 1241 1593 1288 societate
1616 1240 1854 1289 hominum
1880 1242 1981 1288 bar-

207 1306 421 1361 barorum
446 1305 726 1369 segregaret,
752 1320 929 1350 memor
951 1305 1207 1352 communis
1233 1306 1390 1368 patria:
1415 1305 1461 1352 in
1492 1318 1736 1368 qua-natus
1758 1306 1879 1361 ess'et,
1907 1307 1979 1367 (1)

210 1369 528 1419 communium
553 1369 667 1415 item
681 1369 922 1423 sacrorum.
995 1369 1361 1432 QodfiScotis,
1398 1375 1437 1416 δι
1467 1369 1750 1418 Brittonibus
1768 1370 1984 1433 superatis

213 1434 350 1481 fidam
375 1434 457 1482 fibi
474 1449 579 1481 cum
604 1432 857 1481 Saxonibus
881 1448 1040 1496 pacem
1067 1433 1162 1480 fore
1183 1434 1458 1496 speret,eum
1483 1434 1777 1482 vehementer
1794 1434 1980 1498 decipi:

213 1497 387 1562 quippe
407 1513 509 1545 cum
531 1496 797 1544 horninibus
820 1496 1070 1544 inhumana
1090 1498 1375 1554 crudelitate,
1398 1497 1666 1560 inexplebili
1685 1498 1889 1547 avaritia.
1921 1499 1983 1545 F.-

213 1580 263 1609 os
282 1563 612 1609 documentum
635 1559 735 1608 satis
755 1562 1048 1624 peripicuum
1067 1563 1403 1625 dediss'e,quam
1423 1563 1534 1610 nihil
1560 1564 1684 1626 apud
1695 1579 1771 1610 eos
1784 1564 1983 1611 sanctum

212 1627 335 1681 esset,
360 1643 464 1673 curn
493 1624 752 1672 Brittonum
776 1624 1068 1674 nobilitatem
1090 1626 1266 1689 optime
1300 1627 1357 1674 de
1379 1626 1420 1672 se
1446 1627 1654 1674 meritam
1675 1629 1730 1674 ad
1755 1627 1985 1690 colloqui·

216 1707 292 1738 um
308 1702 542 1736 evocatam
559 1706 637 1752 per
653 1687 878 1736 summum
897 1689 1036 1736 scelus
1053 1691 1482 1752 trucidarunt.<z)A
1499 1691 1649 1738 socero
1668 1690 1887 1738 servatum
1900 1692 1986 1738 esse

212 1771 432 1819 generum
457 1754 628 1800 non-ad
652 1752 924 1801 calamitatis
959 1754 1148 1817 aliquod
1172 1754 1437 1810 subsidium,
1457 1754 1531 1802 sed
1552 1754 1609 1802 ad
1633 1753 1767 1802 hostis
1790 1755 1986 1803 ludibri-

216 1836 310 1869 um.
382 1820 452 1881 (3)
478 1817 722 1867 Foederum
744 1816 969 1871 sanctitas,
1003 1819 1130 1882 quod
1154 1819 1277 1881 apud
1300 1819 1413 1866 alios
1447 1817 1666 1866 amicitia:
1688 1818 1986 1868 firmissimum

215 1882 452 1930 vinculum
477 1881 693 1935 creditur,
709 1881 831 1944 apud
851 1899 927 1929 eos
947 1899 1029 1946 pro
1048 1881 1357 1930 infidiantium
1378 1882 1573 1946 laqueis,
1591 1883 1759 1946 quibus
1779 1883 1863 1931 viri
1883 1884 1987 1933 fim-

215 1947 377 2010 plices,
402 1953 441 1995 &
462 1946 636 1994 incauti
659 1945 898 2009 capiantur
920 1946 1178 1994 existimari.
1249 1946 1474 2010 Qorsum
1507 1947 1729 1997 attinebat
1750 1947 1988 1996 tot-'subire
2021 1983 2024 1987 -

216 2011 437 2074 pericula,
465 2023 513 2057 ut
532 2010 571 2058 se
596 2012 948 2057 aRomanorurn
981 2009 1582 2066 dominatione'liberarent,
1606 2011 1637 2059 fi
1663 2011 1916 2059 Saxonibus
1938 2014 1988 2061 in

218 2075 467 2130 duriorem,
497 2079 545 2123 &
581 2074 657 2122 lon
697 2074 720 2121 ὲ
754 2073 997 2122 foeciiorem
1038 2075 1297 2123 servitutem
1319 2074 1404 2122 sint
1444 2075 1599 2139 sponte
1626 2074 1710 2122 sese
1733 2076 1940 2125 tradituri
1966 2081 1984 2124 ἓ

215 2141 305 2187 hoc
343 2140 465 2189 enim
488 2154 581 2186 non
619 2145 658 2185 el
680 2155 703 2184 e
727 2137 1058 2195 conditionem,
1104 2139 1188 2188 sed>
1213 2139 1454 2188 dominum
1480 2153 1653 2187 mutare
1682 2157 1692 2186 ε
1727 2145 1767 2186 &
1788 2140 1906 2197 miti,
1931 2145 1985 2192 δε

216 2206 419 2251 humano
443 2200 773 2256 truculentum,
813 2209 853 2251 ὃ·
887 2203 1129 2251 barbarum
1151 2205 1381 2267 praeferre.
1450 2205 1646 2268 Qantae
1683 2203 1883 2254 stultitiae
1917 2207 1990 2261 fit,

217 2281 294 2315 aut
316 2267 468 2331 potius
492 2266 741 2315 dementiae'
757 2283 891 2331 agros
915 2268 1079 2324 Scotis,
1106 2273 1143 2315 &
1171 2268 1453 2316 Brittonibus
1476 2268 1693 2324 adimere,
1731 2284 1848 2330 quos
1867 2271 1991 2330 Ger·

216 2332 363 2379 manis
387 2330 567 2382 tradant
591 2334 609 2378 ἓ
647 2336 686 2379 &
711 2330 920 2379 homines
943 2335 1088 2395 nuper
1109 2333 1298 2389 amicos,
1323 2331 1566 2396 multisque
1588 2332 1770 2381 vetustis
1806 2335 1987 2391 officiis,

218 2402 259 2444 δι
284 2395 614 2443 necessitatibus
638 2394 718 2442 fibi
748 2395 931 2457 junctos
952 2396 1212 2460 dispoliare,
1254 2411 1302 2445 ut
1323 2398 1489 2462 piratas
1511 2411 1778 2445 communes
1798 2398 1994 2449 humani

215 2458 396 2522 generis
415 2459 560 2506 hostes
582 2461 637 2507 ad
663 2460 791 2507 suum
810 2460 1001 2508 exitium
1025 2461 1192 2523 opibus
1215 2475 1412 2534 augeant
1436 2465 1452 2508 ἓ
1486 2461 1683 2510 Homini
1706 2463 1816 2510 vero
1835 2462 1990 2512 Chris-

219 2525 344 2572 tiano
366 2523 414 2572 id
432 2524 572 2593 longe
593 2521 801 2571 omnium
826 2525 972 2573 videri
1006 2526 1144 2573 debet
1165 2525 1469 2590 gravissimum
1492 2526 1540 2573 in
1563 2525 1611 2573 id
1629 2525 1780 2574 foedus
1803 2527 1992 2575 consen-

217 2587 325 2643 tire,
346 2590 441 2651 quo
463 2587 627 2653 religio
651 2586 909 2636 Christiana
928 2588 1222 2654 extinguatur
1244 2594 1263 2639 ?
1316 2590 1496 2655 profani
1529 2591 1644 2637 ritus
1676 2604 1948 2640 revocentur
1971 2595 2001 2640 ἴ

217 2666 264 2699 ct
284 2668 370 2715 pro
387 2650 548 2716 ⁵impiis
583 2652 785 2712 tyrannis
829 2653 980 2703 omnis
998 2653 1313 2710 humanitatis,
1359 2661 1397 2703 δε
1423 2654 1605 2721 pietatis
1643 2653 1845 2703 hostibus
1865 2672 1995 2705 arma

218 2714 397 2763 nefaria
418 2714 629 2763 adversus
654 2716 828 2770 Deum,
854 2723 891 2765 δι
916 2717 1181 2781 ejuslegem
1204 2719 1432 2768 induere?

284 2779 438 2831 XXII.
473 2779 592 2830 Haec
613 2778 803 2842 quidem
830 2781 1006 2831 Lothus
1032 2799 1136 2832 vere
1159 2782 1251 2830 dici
1279 2782 1587 2846 intelligebat.
1653 2784 1817 2846 Itaque
1839 2783 2004 2846 Gora-v

219 2859 281 2890 no
303 2859 399 2890 rem
422 2843 648 2908 integram
667 2844 935 2895 committit.
1003 2845 1089 2892 llle
1114 2846 1438 2896 Uterio-sacile
1470 2847 1727 2911 persuadet,
1758 2860 1808 2895 ut
1828 2865 1919 2896 non
1943 2849 1994 2896 in

217 2906 470 2957 amicitiam
490 2919 682 2967 tantum,
703 2906 777 2976 sed
797 2907 1063 2959 affinitatem
1082 2909 1235 2962 Pielus
1254 2912 1511 2968 affumatus,
1536 2911 1643 2960 data
1662 2912 1707 2960 ei
1728 2927 1870 2961 uxore
1891 2915 1994 2962 An-

248 3084 253 3091 ·
276 3039 339 3090 (ι)
359 3040 447 3079 The
456 3039 614 3089 religion
629 3052 805 3079 common
818 3049 857 3079 to
868 3037 1080 3089 them,‚viz.
1135 3043 1339 3092 Vortigem
1357 3042 1453 3082 alive
1471 3043 1528 3082 for
1546 3056 1566 3082 a
1583 3041 1901 3092 mocking-stock.
1955 3080 1962 3085 ,

221 3095 287 3130 the
306 3093 492 3131 Christian
512 3093 685 3142 religion,
706 3094 895 3145 ‘profeffed
927 3107 966 3132 as
995 3096 1081 3134 well
1189 3099 1202 3147 (
1211 3097 1250 3148 3)
1280 3097 1504 3135 Sometimes
1523 3096 1589 3135 the
1607 3095 1838 3134 nominative
1865 3096 1897 3133 is
1924 3103 1994 3147 put

225 3146 270 3193 by
287 3144 353 3183 the
371 3147 473 3184 Piets
492 3159 528 3182 as
547 3146 614 3185 the
630 3147 735 3185 stote
748 3149 818 3185 and
833 3146 997 3195 Britons,
1017 3148 1083 3186 but
1137 3150 1260 3188 before
1280 3149 1343 3186 the
1373 3150 1576 3196 infinitive,
1593 3147 1718 3199 erepit,
1734 3160 1778 3186 or
1804 3147 1994 3199 coepe'ruqt

222 3207 289 3235 not
307 3196 354 3248 by
371 3198 435 3236 the
452 3199 612 3248 Saxone,
642 3199 732 3238 who
763 3213 860 3239 were
889 3200 982 3238 then
1007 3201 1082 3240 Pa·
1138 3203 1246 3251 being
1265 3204 1479 3241 understood
1500 3216 1510 3240 ε
1539 3202 1617 3240 and
1628 3200 1671 3239 in
1694 3198 1787 3239 'such
1812 3201 1993 3239 instance·

220 3256 337 3298 gans'„
687 3289 693 3294 .
998 3297 999 3300 Ἰ
1137 3256 1203 3294 the
1220 3255 1409 3294 infinitive
1426 3256 1458 3294 ie
1467 3254 1683 3304 commonly
1703 3252 1866 3302 thought
1884 3264 1924 3291 ιο
1948 3253 1996 3292 be

274 3304 339 3352 (2)
367 3304 567 3352 Hengistus
585 3305 733 3356 captain
759 3306 807 3345 of
834 3305 901 3344 the
924 3307 1082 3354 Saxone,
1137 3318 1204 3358 put
1222 3309 1280 3347 for
1315 3307 1381 3348 the
1398 3307 1597 3359 imperfect
1622 3308 1668 3345 of
1690 3306 1756 3343 the
1777 3306 1993 3354 indicative,

224 3356 382 3394 married
402 3355 460 3393 his
477 3358 657 3405 daughter
672 3364 769 3409 up’on
782 3360 1003 3409 Vortigern,
1038 3374 1083 3398 u·
1138 3374 1175 3399 as
1194 3361 1282 3399 here
1300 3360 1501 3399 existimari
1516 3359 1575 3404 for
1587 3358 1879 3399 existimabatur.
1906 3359 1998 3398 And

221 3409 348 3457 (asper
360 3408 403 3445 of
412 3400 476 3446 the
492 3409 625 3447 Britissi
639 3411 820 3459 kingdom
836 3423 849 3461 ;
871 3412 1089 3451 afterwards
1138 3428 1194 3452 we
1210 3415 1285 3453 find
1307 3414 1374 3452 the
1394 3414 1468 3452 best
1484 3413 1635 3451 author·
1651 3410 1804 3462 varying
1820 3410 1887 3450 the
1903 3414 1995 3450 co'n-

223 3460 269 3497 [ε
291 3461 572 3509 treacheroussy,
605 3466 722 3499 under
738 3467 867 3503 colour
883 3466 928 3503 of
940 3466 1079 3516 pulcy,
1134 3467 1326 3514 struc'tion,
1346 3480 1384 3504 as
1401 3466 1495 3517 Livy
1512 3465 1551 3503 in
1569 3463 1769 3516 particulas
1784 3464 1826 3504 in
1842 3464 1908 3506 th:
1926 3476 2001 3503 ve·-

224 3514 342 3552 muni
355 3514 406 3551 all
425 3513 491 3552 the
506 3514 643 3553 British
660 3516 835 3568 nobility,
850 3514 938 3569 only
955 3517 1081 3569 saving
1109 3516 1111 3519 ’
1133 3533 1175 3572 ry
1195 3519 1397 3570 beginning
1413 3519 1458 3558 of
1466 3518 1526 3558 his
1542 3517 1619 3557 first
1636 3516 1750 3557 book.

1026 3654 1120 3676 -,
1591 3607 2007 3667 ‘·n2

2067 3647 2106 3729 ’ἐ

2087 3734 2106 3838 r‘
