2106 3838
253 151 373 216 160
558 151 918 219 RERUM
1006 147 1685 220 ScoTICA'RUM

235 265 338 311 qua:
359 249 461 313 lege
481 265 598 301 nova
610 248 895 311 fugiebamus
913 245 1025 295 vitia
1041 262 1133 296 non
1150 247 1330 310 vetustae
1352 246 1467 311 legis
1487 247 1798 312 antiquatione
1819 250 1983 300 viden-

236 327 309 360 tur
329 314 542 368 εκζίῐιὲὶε,
578 313 650 361 sed
673 327 776 357 cum
813 325 932 358 nova
962 310 1114 372 potius
1148 326 1367 374 magnum
1387 313 1616 376 accaepisse
1634 313 1981 364 incrementum.

234 375 305 433 Ut
324 376 446 433 enim
465 379 670 425 omittam
693 373 1052 436 propinquorum
1074 374 1122 421 in
1145 390 1239 429 eos,
1258 376 1336 439 qui
1359 392 1504 440 regno
1525 377 1762 440 potiuntur
1780 378 1982 435 infidias,

236 445 276 492 δι
297 442 583 503 regnantium
605 437 810 484 adversus
831 454 927 491 eos,
957 453 1072 500 quos
1100 443 1141 486 δε
1163 450 1339 495 natura,
1376 446 1416 486 Sc
1438 441 1511 488 lex
1531 441 1681 488 voluit
1713 441 1878 504 cuique
1899 446 1984 491 effe

232 506 488 558 carissimos,
530 500 789 563 suspitiones
811 501 1022 556 nefariaS,
1045 518 1158 564 quas
1179 503 1446 550 narrationis
1480 506 1593 552 ordo
1615 505 1881 569 explicabit,
1915 518 1984 554 tot

231 567 434 630 priorum
457 567 716 612 saeculorum
737 565 886 615 clades
908 582 1011 616 cum
1034 566 1125 614 illis
1144 567 1321 615 collatae
1342 566 1691 629 calamitatibus,
1714 587 1817 632 quae
1842 571 1983 618 Alex-

232 632 360 688 andri
383 629 499 678 tertii
529 627 763 677 interitum
784 629 884 680 sunt
913 630 1180 686 consecutae,
1204 630 1324 679 leves
1358 648 1451 694 prae
1474 630 1548 688 iis,
1572 637 1612 679 8ι
1635 634 1892 681 tolerabiles
1913 635 1985 682 vi·-

233 694 523 758 deripossint.
578 691 777 748 Omitto,
801 694 926 757 quod
947 693 1026 742 ista
1047 695 1120 743 lex
1141 709 1325 743 enervat
1346 695 1462 743 vires
1473 696 1654 751 *confilii
1675 696 1869 759 publici,
1893 700 1986 746 fine

233 775 323 821 quo
344 759 491 805 nullus
516 756 747 820 legitimus
769 756 1025 807 dominatus
1044 759 1186 821 potest
1203 760 1433 807 consistere
1459 779 1470 807 :
1503 761 1629 823 quod
1652 777 1705 807 ea
1725 762 1845 809 mala
1867 763 1986 810 ultro

230 823 425 872 accersit,
449 838 551 882 qua:
574 819 652 867 alii
675 839 820 871 rerum
845 821 1131 884 publicarum
1152 824 1394 887 participes
1419 824 1551 871 unice
1581 826 1900 888 deprecantur,
1936 839 1985 873 ut

230 887 377 948 Reges
399 885 614 932 videlicet
634 886 970 947 constituamus,
988 886 1154 949 quibus
1176 887 1256 934 alii
1274 890 1467 935 reeiores
1482 889 1760 950 praeficiendi
1778 890 1862 936 {int
1887 908 1898 936 ε
1932 895 1985 939 &z

228 949 276 996 in
298 967 454 997 eorum
476 949 738 1011 potestatem
760 950 1011 996 universum
1038 950 1265 997 tradamus
1285 954 1526 1014 populum,
1546 953 1627 1014 qui
1647 952 1728 1015 ipsi
1748 953 1810 1000 sui
1834 954 1983 1017 potes-

228 1027 365 1060 tatem
390 1030 478 1060 non
505 1013 697 1061 habeant
723 1033 732 1061 :
771 1020 811 1061 Sc
836 1013 916 1076 qui
947 1030 1065 1077 aegre
1087 1013 1295 1078 Regibus
1318 1016 1393 1061 usu
1429 1032 1578 1061 rerum
1602 1016 1775 1079 peritis,
1811 1024 1851 1064 &
1875 1034 1983 1079 pru-

227 1077 382 1125 dentia
404 1078 713 1140 pra-stantibus
736 1090 912 1140 parent,
941 1077 1183 1140 poscimus,
1207 1091 1254 1125 ut
1271 1079 1657 1142 qualibuscunque
1680 1080 1861 1143 Regum
1887 1078 1986 1128 um·

229 1142 318 1189 bris
345 1154 565 1204 pareant:
612 1145 660 1193 δε
698 1141 742 1190 in
769 1159 841 1189 eas
878 1142 1090 1190 scelerum
1134 1158 1291 1205 poenas
1331 1143 1486 1206 sponte
1521 1159 1602 1190 nos
1629 1140 1984 1206 praecipitamus,

226 1222 337 1267 quas
359 1207 486 1254 Deus
512 1206 574 1252 sui
597 1206 986 1269 contemptoribus
1019 1206 1340 1262 comminatur,
1378 1224 1540 1271 nempe
1568 1221 1615 1254 ut
1645 1209 1813 1270 pueris,
1837 1214 1876 1256 δι
1898 1224 1984 1272 pu·

226 1270 325 1317 ellis
349 1269 654 1331 subjiciamur,
679 1286 793 1332 quos
816 1270 1024 1318 omnium
1044 1270 1249 1334 gentium
1273 1272 1414 1335 leges,
1440 1277 1482 1321 δε,
1502 1271 1882 1336 omnium'legum
1906 1290 1985 1336 pa-

229 1351 328 1380 rens
353 1349 510 1380 natura
527 1334 574 1381 in
598 1334 745 1382 aliena
767 1335 982 1397 potestate
1005 1336 1087 1383 ess‘e
1109 1335 1365 1382 voluerunt.
1435 1336 1573 1398 Qod
1588 1348 1737 1383 autem
1759 1337 1985 1401 privatum

225 1414 282 1447 ex
301 1399 382 1444 hac
407 1399 507 1460 lege
530 1410 689 1460 petunt
708 1400 857 1461 Reges
884 1400 1262 1452 emolumentum,
1290 1413 1337 1445 ut
1360 1400 1554 1462 generiS,
1576 1403 1628 1450 ὃς
1661 1401 1860 1448 nominis
1882 1418 1984 1464 per-

226 1462 492 1523 petuitatem
524 1463 629 1508 inde
663 1461 743 1510 sibi
764 1463 1050 1525 promittant,
1094 1463 1142 1509 id
1164 1462 1302 1525 quam
1334 1465 1385 1509 sit
1408 1480 1591 1517 vanum,
1632 1469 1673 1510 δε
1715 1465 1870 1520 fallax,
1895 1481 1986 1511 non

226 1528 365 1582 modo
385 1541 586 1573 veterum
603 1528 829 1588 exempla,
852 1527 923 1573 scd
941 1526 1035 1589 ipsa
1056 1528 1192 1574 etiam
1217 1541 1373 1574 natura
1387 1540 1567 1589 poterat
1585 1529 1845 1583 admonere,
1869 1529 1898 1575 si
1922 1530 1986 1575 se-

214 1600 327 1636 ‘cum
355 1590 639 1653 cogitassent,
685 1604 798 1652 quot
822 1590 1018 1654 legibus,
1051 1595 1098 1640 ὅ(
1123 1591 1319 1654 praemiis
1343 1594 1477 1639 ctiam
1504 1591 1777 1639 familiarum
1800 1593 1981 1640 suarum

223 1656 439 1715 praeclara
455 1654 535 1700 illa
554 1654 737 1701 nomina
750 1655 945 1701 Romani
964 1668 1229 1718 perpetuare
1254 1656 1336 1701 fint
1354 1655 1503 1701 conati
1528 1674 1537 1701 :
1559 1672 1749 1718 quarum
1774 1672 1828 1701 ne
1854 1657 1991 1703 unius.

224 1717 410 1780 quidem
440 1716 675 1780 vestigium
699 1717 745 1766 in
782 1731 878 1764 toto
902 1732 1117 1765 terrarum
1140 1718 1250 1764 orbe
1285 1719 1341 1765 ab
1366 1719 1457 1764 illis
1480 1719 1659 1765 dcviEto
1689 1717 1744 1767 ad
1769 1719 1889 1766 hunc
1915 1719 1983 1766 us-

223 1798 313 1843 que
334 1782 457 1828 dic-m
479 1782 742 1844 perseveret.
803 1784 872 1830 Ac
896 1782 1057 1829 merito
1080 1782 1265 1845 quidem
1288 1783 1335 1828 id
1359 1782 1448 1830 illis
1471 1786 1652 1833 evenire
1674 1783 1882 1838 arbitror,
1904 1784 1987 1846 qui

225 1846 431 1892 adversus
452 1860 655 1894 naturam
676 1863 822 1892 rerum
848 1859 1073 1893 certamen
1094 1847 1173 1893 fibi
1196 1847 1450 1901 desumunt,
1476 1851 1514 1894 &-
1537 1864 1628 1894 rcm
1653 1844 1847 1895 maxime
1872 1848 1986 1895 flux-

221 1925 314 1965 am,
338 1915 374 1956 δι
400 1910 626 1974 fragilem,
650 1910 948 1974 omniumque
963 1911 1141 1957 casuum
1168 1910 1408 1958 momentis
1427 1911 1518 1958 obn
1532 1912 1684 1977 oxiam
1710 1912 1979 1964 aeternitate,

222 1989 360 2037 quam
385 1974 465 2037 ipsi
490 1990 571 2021 nec
595 1974 779 2027 habent,
807 1991 889 2021 nec
913 1975 1077 2021 habere
1102 1976 1296 2038 poliunt,
1321 1976 1791 2024 donare-contendunt
1817 1994 1828 2023 t
1861 1980 1907 2026 &
1933 1994 1987 2024 ea

220 2039 394 2087 ratione
427 2040 726 2093 contendunt,
760 2054 864 2100 qua:
889 2038 1086 2086 maxime
1120 2039 1323 2086 instituto
1346 2055 1503 2086 eorum
1533 2040 1758 2087 contraria
1786 2040 1981 2087 videtur.

222 2102 348 2167 Qid
370 2102 492 2150 enim
514 2103 574 2149 est
591 2103 647 2149 ad
669 2103 1015 2162 djuturnitatem
1040 2103 1188 2150 minus
1213 2103 1371 2158 fidum,
1402 2119 1539 2166 quam
1563 2105 1762 2166 tyrannis
1806 2108 1824 2150 ?
1860 2117 1905 2150 at
1927 2106 1986 2152 ad
2031 2124 2034 2128 ⁴

218 2181 317 2212 eam
341 2166 438 2212 haec
460 2183 578 2214 nova
595 2167 669 2214 lex
686 2166 880 2229 gradum
903 2167 1043 2215 struit.
1092 2168 1164 2214 Est
1186 2181 1336 2214 autem
1361 2181 1573 2229 tyrannus
1597 2170 1722 2215 velut
1743 2168 1901 2232 scopus
1926 2169 1984 2216 ad

220 2230 526 2277 universorum
553 2231 811 2278 mortalium
830 2232 1083 2294 propositus
1119 2232 1275 2278 odium
1299 2250 1310 2276 :
1362 2231 1442 2294 qui
1466 2246 1547 2279 nec
1566 2232 1643 2278 diu
1668 2234 1776 2279 stare
1797 2233 1939 2296 potest
1966 2251 1976 2282 :

218 2297 267 2343 δε
289 2293 366 2340 ubi
390 2295 572 2351 cecidit,
597 2298 804 2343 omnium
831 2295 1008 2344 suorum
1037 2312 1124 2343 una
1146 2295 1292 2343 secum
1318 2295 1492 2342 ruinam
1519 2298 1669 2343 trahit.
1715 2297 1856 2344 Hunc
1879 2297 1983 2343 stul-

218 2370 366 2404 torum
397 2359 636 2407 hominum
657 2372 871 2407 conatum
896 2360 1010 2407 mihi
1033 2377 1201 2407 numen
1224 2356 1405 2406 videtur
1431 2362 1698 2423 plaerunque
1733 2359 1981 2424 infringere

217 2420 362 2479 levius
389 2441 399 2469 :
432 2423 660 2470 interdum
684 2423 810 2470 velut
827 2424 914 2470 suae
937 2424 1154 2488 potentiae
1179 2424 1392 2472 aemulum
1413 2421 1603 2487 publico
1623 2425 1823 2472 ludibrio
1841 2441 1983 2488 expo-

216 2502 339 2532 nere.
372 2487 481 2548 Ejus
505 2487 750 2535 voluntatis
773 2486 941 2535 divinae
963 2487 1110 2536 nescio
1133 2488 1351 2537 anullum
1371 2487 1538 2550 aptius,
1556 2495 1594 2536 δι
1611 2488 1806 2552 apertius
1827 2504 1984 2536 exem·

215 2551 344 2612 plum
361 2566 612 2614 proponere
630 2551 804 2615 possim,
817 2569 952 2615 quam
973 2553 1096 2616 qaod
1114 2552 1161 2599 in
1182 2551 1416 2617 praesentia
1437 2553 1690 2600 trastamus.
1711 2552 1984 2601 Milcolum-

217 2614 300 2661 bus
311 2613 451 2669 enim,
474 2614 555 2678 qui
579 2628 811 2679 tantopere
833 2615 1072 2672 laboravit,
1097 2629 1147 2664 ut
1167 2618 1316 2681 legem
1335 2632 1360 2663 a
1383 2629 1508 2680 patre
1531 2615 1606 2664 suo
1623 2633 1767 2681 prope
1788 2633 1869 2685 per
1886 2616 1982 2664 vim

215 2678 353 2725 latam
372 2679 630 2751 de·Regum
652 2680 806 2727 liberis
834 2680 883 2727 in
905 2693 1145 2745 parentum
1167 2681 1321 2728 locum
1344 2680 1635 2737 sufficiendis,
1657 2680 1983 2728 communibus

214 2741 355 2789 totius
374 2744 535 2806 populi
558 2743 780 2808 suffr-agiis
795 2745 1102 2800 confirmaret,
1131 2745 1303 2811 nullam
1327 2744 1383 2791 de
1408 2744 1449 2790 se
1472 2744 1616 2808 stirpis
1635 2745 1780 2792 virilis
1801 2745 1983 2855 prolem

215 2806 420 2866 reliquit.
487 2808 524 2853 E
547 2807 722 2855 duabus
757 2825 866 2855 vero
893 2809 1072 2855 filiabus
1102 2810 1288 2870 alteram
1314 2807 1568 2866 Beatricem
1591 2807 1780 2855 nomine
1838 2808 1984 2855 omini

212 2870 361 2918 nobili
379 2869 523 2918 Crino
560 2870 803 2919 insularum
821 2866 1172 2920 occidentalium
1189 2875 1258 2935 (t)
1280 2872 1468 2926 Than0,
1488 2877 1529 2918 δε
1549 2871 1829 2934 reliquorum
1850 2873 1984 2919 Tha-

213 2950 375 2983 norum
392 2934 625 2996 praefeftm
642 2951 781 2998 quem
799 2947 904 2983 aetas
924 2935 1006 2984 illa
1025 2938 1100 3000 (1)
1124 2936 1395 2991 Abthanum
1418 2935 1613 2983 vocabat
1633 2953 1644 2983 :
1676 2937 1863 2986 alteram
1882 2935 1984 2983 Do-

213 3013 342 3046 acam
365 3000 580 3065 Angufiae
599 3001 770 3048 Thano
790 3000 1033 3049 collocavit
1063 3018 1076 3047 ε
1110 3000 1229 3049 unde
1251 3000 1436 3065 genitus
1462 2998 1549 3047 fuit
1574 2999 1870 3063 Macbetbus,
1895 2999 1984 3047 five

213 3061 457 3120 Macbeda,
478 3063 537 3112 de
556 3061 748 3131 quo'suo
769 3064 874 3112 loco
893 3064 980 3113 erit
1000 3064 1132 3129 nobis
1154 3064 1417 3113 dicendum.
1820 3084 1823 3089 ¹

800 3147 1087 3207 ‚Lxxx1v.
1155 3148 1198 3196 R
1228 3148 1266 3207 Ε
1296 3147 1356 3194 x.
1567 3205 1589 3211 ‚-

272 3219 336 3267 11.
372 3219 413 3267 c
426 3221 488 3283 AE
504 3224 532 3269 s
549 3224 594 3271 o
614 3222 757 3287 igitur
777 3215 867 3284 (uti
888 3208 1061 3278 diam
1086 3217 1500 3281 estyMncoffimbo
1510 3219 1706 3272 succeffit
1722 3221 1792 3285 (³)
1808 3218 1986 3274 nonal-

207 3280 294 3352 512¹,ss
305 3298 443 3347 nepos
461 3302 517 3357 ex
539 3287 633 3340 filia
647 3287 872 3349 Beatrjce‚
890 3284 962 3343 vir
979 3286 1152 3343 summa
1169 3283 1468 3359 humanitate,
1495 3301 1550 3333 ac
1568 3288 1739 3358 majore
1758 3300 1868 3361 erga
1883 3283 1984 3357 suos

206 3344 522 3416 :nqulgenna
540 3367 679 3415 quam
694 3350 742 3399 in
750 3350 883 3417 Rege
898 3352 1108 3418 estopns.
1131 3350 1239 3399 Erat
1254 3360 1378 3401 'emm
1391 3362 1552 3399 natura
1563 3350 1728 3406 lenior,
1745 3363 1799 3399 ac
1806 3364 1988 3416 jamun-

258 3491 324 3544 (r)
352 3493 439 3532 The
455 3493 551 3533 same
565 3509 602 3534 as
621 3498 760 3537 stewart
780 3512 792 3548 3
821 3500 895 3538 and
912 3499 1064 3538 Abtha·
1131 3494 1256 3537 others
1273 3496 1331 3547 say
1349 3496 1415 3535 the
1433 3497 1529 3536 same
1547 3509 1586 3534 as
1598 3495 1788 3537 tresaurer,

203 3558 276 3608 nus
309 3560 348 3607 az
374 3548 517 3602 stewart
533 3548 579 3588 of
590 3549 778 3601 Scotland,
798 3551 871 3608 *see
888 3558 978 3606 cap.
1012 3564 1076 3604 19.
1185 3551 1244 3605 (3)
1271 3551 1371 3602 Lege
1387 3550 1602 3593 nonachus.

1934 3648 1993 3699 de
