2035 3833
158 137 289 197 310
473 115 835 182 RERUM
924 113 1608 183 ScoT1cARUM

154 209 230 259 liae
247 228 413 261 nomen
433 222 775 275 propagaretur,
802 210 872 269 (ι)
889 210 1148 274 Georgium
1172 211 1354 258 fratrem
1379 225 1506 260 curat
1527 216 1793 266 Ormundiae
1818 217 1912 265 Co·

152 277 313 325 mitem
330 277 487 324 creari:
510 279 724 322 Ioannem
739 273 1241 337 multieruCtuofisque
1260 274 1442 337 praediis
1455 277 1675 325 donatum
1686 281 1914 329 Balvaniae

155 341 380 392 Batonem
403 354 548 393 vocat,
579 337 733 385 multis
755 338 1007 405 amicorum
1036 339 1224 387 nimiam
1241 339 1334 400 jam
1360 353 1507 396 antea,
1528 340 1915 393 &formidolosam

154 406 361 470 Regibus
385 403 569 450 familiae
592 401 844 464 potentiam
867 401 1111 466 suspefilam
1135 403 1424 452 habentibus.
1469 402 1776 453 Immoderata
1794 411 1916 459 enim

157 470 255 517 haec
278 469 471 516 fortunae
496 466 780 513 incrementa
800 482 892 513 non
914 469 1132 514 diuturna
1153 468 1249 515 fore
1272 468 1625 533 augurabantur.

221 533 422 581 XXVII.
456 530 641 577 Inimici
666 547 792 585 vero,
816 529 954 593 quam
978 532 1311 580 invidiosissime
1339 546 1564 595 poterant,
1587 534 1920 584 insectabantur

155 598 283 645 illam
302 594 629 656 inexplebilem
651 594 967 658 cupiditatem.
1037 598 1189 659 Qam
1213 597 1334 643 enim
1356 598 1538 660 posthac
1559 599 1699 645 vitam
1723 599 1818 645 fore
1841 601 1922 650 sub

157 659 357 708 hominis
376 658 641 722 impotentis
662 659 918 722 tyrannide,
939 660 1066 721 cujus
1084 661 1283 707 avaritiae
1302 661 1418 708 nihil
1437 663 1540 709 effet
1557 661 1657 709 satis
1679 681 1690 709 :
1715 663 1922 714 adversus

154 726 223 785 cuj
234 742 280 770 us
304 723 556 785 potentiam
579 723 695 770 nihil
716 725 822 770 esset
841 737 990 772 tutum
1010 744 1020 772 :
1046 725 1125 790 qui
1145 742 1223 789 per
1245 723 1329 779 fas,
1349 724 1564 788 nefasque
1587 742 1826 789 procerum
1848 728 1921 774 in·

154 790 338 835 vaderet
365 787 655 849 patrimonia,
681 789 908 836 tenuiores
929 789 1171 837 clientibus
1202 789 1286 837 suis
1310 790 1356 836 in
1380 793 1580 851 praedam
1606 792 1919 855 relinqueret:

154 851 436 899 adversantes
458 851 644 899 libidini
666 869 747 914 per
770 854 983 909 latroneS‚
1008 858 1054 904 &
1081 855 1256 902 sicarios
1280 868 1357 902 aut
1379 855 1512 902 bonis
1533 869 1772 912 everteret,
1794 870 1870 904 aut
1893 857 1920 906 ὲ

154 916 252 963 vita
269 918 448 963 tolleret
471 936 480 963 :
507 933 647 963 novos
666 917 874 964 homines
893 918 949 964 ad
967 918 1162 966 summos
1183 921 1375 965 honores
1397 920 1625 973 eveheret,
1647 937 1760 983 quos
1780 920 1827 968 in
1846 937 1924 968 ve·
2001 941 2006 947 ·

158 992 304 1028 terum
324 980 602 1029 familiarum
622 981 762 1028 ruinis
781 983 1040 1029 collocaret.
1077 984 1128 1030 In
1153 1000 1289 1030 unam
1308 984 1495 1031 domum
1515 1000 1673 1031 omnes
1695 1000 1803 1047 opes
1823 1002 1926 1050 reg·
1992 1001 1996 1006 ·

159 1044 209 1092 ni
226 1046 456 1110 congestas
482 1065 492 1091 ;
519 1058 682 1108 praeter
703 1058 771 1092 tot
792 1046 988 1108 equites,
1011 1050 1059 1097 &
1084 1049 1298 1102 Barones,
1325 1049 1396 1109 (2)
1420 1049 1624 1111 quinque
1646 1050 1925 1110 opulentissi-
2002 1072 2007 1076 ·

158 1125 257 1156 mos
282 1109 413 1157 unius
435 1109 584 1173 gentis
609 1110 815 1157 Comites
841 1130 851 1156 :
874 1113 1049 1174 Regem
1070 1112 1322 1173 ipsumjam
1339 1113 1538 1174 precario
1555 1129 1762 1176 regnare.
1829 1115 1925 1161 Sub
2000 1123 2004 1130 '

158 1174 402 1238 Duglassiis
424 1189 627 1222 extrema
647 1175 803 1221 omnia
823 1175 869 1223 in
893 1176 1052 1223 misera
1069 1176 1277 1223 servitute
1301 1178 1515 1239 patienda
1548 1195 1558 1222 :
1583 1194 1662 1240 qul
1685 1194 1842 1225 vocem
1868 1178 1927 1225 li-

159 1237 347 1286 bertatis
369 1255 617 1286 memorem
637 1240 859 1295 emisisset,
876 1240 1073 1288 animam
1100 1241 1226 1287 simul
1252 1242 1567 1289 emittendam.
1635 1242 1768 1297 Haec,
1789 1255 1926 1306 atque

160 1302 298 1364 hujus
319 1304 498 1367 generis
520 1304 751 1366 plaeraque
765 1305 1129 1368 vera,plaeraque
1143 1307 1196 1352 ad
1216 1304 1436 1353 invidiam
1458 1306 1697 1353 creandam
1713 1307 1929 1371 suprave-

158 1383 261 1415 rum
291 1370 421 1414 aucta
441 1384 543 1414 curn
563 1370 716 1430 passim
756 1369 1085 1432 spargerentur,
1109 1370 1189 1431 qui
1212 1384 1340 1416 extra
1363 1370 1579 1418 factiones
1601 1383 1746 1425 erant,
1769 1372 1927 1420 omissa

161 1430 343 1496 publici
375 1432 676 1479 emolumenti
713 1449 836 1486 cura,
858 1433 943 1480 suis
986 1434 1182 1495 negotiis
1205 1434 1409 1481 animum
1434 1435 1748 1482 intendebant.
1818 1437 1930 1483 Pru-

159 1494 390 1543 dentiores
412 1496 704 1543 inimicorum
726 1499 774 1543 la
785 1498 819 1544 ti
841 1498 1145 1560 accipiebant,
1167 1498 1401 1545 hominem
1423 1500 1557 1546 tantis
1577 1499 1759 1561 opibus,
1779 1513 1826 1546 ut
1847 1501 1928 1548 ad—

158 1560 311 1607 versus
333 1578 406 1607 eas
422 1561 555 1607 nullae
570 1561 686 1607 vires
705 1561 805 1608 satis
828 1563 967 1608 firmae
988 1563 1270 1616 viderentur,
1291 1562 1365 1609 sua
1379 1563 1535 1625 sponte
1557 1563 1839 1626 praecipitem
1852 1581 1928 1612 ru·-

160 1641 237 1671 ere
270 1643 280 1670 :
307 1640 454 1671 necea
471 1624 695 1672 divinatio
707 1625 836 1673 salsos
859 1626 1034 1673 habuit.
1106 1627 1300 1673 Animus
1318 1628 1438 1674 enim
1460 1643 1540 1688 per
1558 1627 1598 1674 se
1620 1627 1812 1675 insolens
1828 1641 1927 1678 tan-

159 1688 220 1736 tis
242 1688 505 1736 successibus
524 1705 578 1734 eo
601 1690 744 1736 crevit
761 1690 1064 1753 impotentiae,
1087 1704 1135 1738 ut
1152 1691 1405 1738 amicorum
1428 1691 1583 1738 liberis
1601 1692 1930 1741 admonitioni·
1990 1692 2014 1744 ‚7¹
2034 1702 2035 1708 ’

161 1753 248 1800 bus
271 1771 399 1802 aures
419 1754 625 1801 haberet
664 1754 849 1802 clausas,
919 1757 991 1801 Ac
1018 1772 1074 1802 ne
1097 1754 1275 1803 silentio
1303 1756 1490 1818 quidem
1513 1755 1804 1810 dissimulare,
1827 1773 1928 1819 quae

159 1818 356 1881 ‘probare
390 1835 480 1866 non
521 1832 747 1880 poterant,
770 1819 1008 1883 plaerisque
1029 1819 1130 1867 satis
1153 1833 1301 1866 tutum
1326 1819 1429 1875 fuit,
1445 1818 1756 1867 adulatoribus
1779 1822 1932 1869 omni-
1967 1862 1971 1865 .

162 1898 241 1930 um
266 1900 358 1931 non
379 1883 517 1930 verba
538 1885 678 1931 modo
700 1883 772 1931 sed
795 1885 948 1931 vultus
970 1901 1157 1947 quoque
1178 1884 1537 1932 observantibus.
1605 1885 1796 1931 Veteres
1839 1885 1931 1933 ini-

163 1946 274 1994 mici
298 1948 433 2009 injus
474 1948 767 2009 rapiebantur
800 1948 858 1994 ad
877 1950 1076 1997 eundem
1101 1948 1421 2004 adversarium,
1463 1949 1725 2010 &judicem
1763 1966 1774 1994 z
1796 1951 1931 1998 multi

163 2010 316 2065 bonis,
340 2012 528 2075 quidam
544 2011 639 2058 vita
660 2011 856 2073 spoliati,
883 2013 1035 2076 plures
1057 2013 1268 2076 iniquum
1291 2012 1757 2076 fugientesjudicium
1789 2013 1930 2064 solum

162 2077 417 2123 vertebant.
494 2075 740 2140 Duglaffiae
765 2076 976 2125 factionis
999 2077 1206 2125 homines
1231 2078 1358 2125 nullo
1373 2078 1659 2139 judiciorum
1682 2091 1806 2125 metu
1831 2082 1932 2141 (ne-

164 2155 244 2188 mo
260 2140 385 2187 enim
401 2141 504 2202 jure
540 2140 737 2203 experiri
759 2156 864 2188 cum
891 2158 1125 2204 quoquam
1147 2158 1304 2188 eorum
1328 2142 1544 2202 audebat)
1585 2142 1632 2189 in
1655 2158 1840 2189 omnem
1874 2143 1933 2191 li-

163 2204 364 2252 centiam
388 2205 513 2252 effusi
538 2204 673 2260 sacra,
698 2205 889 2268 profana
910 2223 1063 2270 agere,
1094 2222 1268 2269 rapere,
1297 2206 1522 2255 obnoxios
1556 2207 1748 2262 caedere,
1782 2223 1931 2271 neque

160 2268 402 2316 sceleribus
441 2270 631 2316 modum
666 2270 828 2317 facere.
909 2272 1145 2319 Interdum
1173 2269 1310 2320 nullis
1343 2271 1564 2333 peccandi
1586 2271 1932 2334 suppetentibus

165 2333 325 2388 causis,
352 2336 423 2396 (3)
459 2334 662 2407 grat-uita
681 2335 879 2382 edebant
913 2334 1131 2390 facinora,
1168 2350 1224 2381 ne
1247 2351 1328 2397 per
1349 2334 1691 2384 desuetudinem
1715 2336 1933 2384 scelerum

162 2396 361 2445 honestae
382 2412 683 2462 cogitationes
718 2398 921 2447 animum
956 2400 1196 2448 subeuntes
1235 2399 1484 2454 mollirent,
1521 2414 1574 2445 ac
1606 2398 1631 2446 a
1653 2398 1832 2447 feritate
1853 2400 1934 2448 illa
1990 2394 2003 2438 ἶ

166 2461 554 2511 mansuefacerent
576 2481 588 2510 ε
621 2477 796 2526 quanto
816 2463 1010 2528 quisque
1027 2462 1398 2513 contumeliosior
1417 2463 1466 2511 in
1484 2464 1667 2527 plebem
1684 2464 1807 2519 effet,
1832 2478 1932 2512 tan.-

166 2536 216 2573 το
238 2524 279 2572 se
298 2527 572 2574 nobiliorem
595 2528 894 2576 existimabat.

232 2590 464 2639 XXVIII.
496 2593 596 2641 Tot
617 2594 748 2640 malis
778 2592 827 2641 in
862 2609 1022 2641 omnes
1057 2592 1187 2658 regni
1217 2604 1368 2656 partes
1401 2593 1590 2647 diffusis,
1632 2593 1785 2640 Scotia
1805 2590 1936 2639 oneri

165 2653 482 2710 fiaecubuiffet,
506 2656 588 2703 nist
606 2656 771 2704 eisdem
797 2659 1081 2721 temporibus
1105 2674 1196 2705 non
1216 2657 1366 2705 minor
1387 2656 1594 2705 civilium
1617 2658 1936 2729 tempestatum

162 2717 234 2766 vis
254 2717 304 2765 in
326 2719 546 2782 Angliam
568 2721 854 2769 incubuisset.
921 2724 1029 2784 Qia
1049 2723 1233 2771 tandem
1268 2721 1423 2784 aliqua
1443 2737 1501 2768 ex
1524 2735 1650 2785 parte
1677 2721 1838 2784 sopita,
1861 2737 1934 2769 m·
1976 2739 1977 2742 ¹

163 2781 404 2833 daciarum
426 2784 516 2831 fide
536 2783 724 2840 violata,
747 2786 896 2850 Angli
915 2786 1219 2834 incursionem
1242 2785 1289 2833 in
1313 2788 1556 2833 Scotorum
1580 2802 1606 2833 a
1642 2801 1741 2833 rum
1766 2784 1934 2841 fecere.
1984 2829 1986 2833 .

167 2846 332 2896 aelate
353 2846 449 2894 fusa
468 2848 768 2911 populatione
789 2866 894 2897 cum
923 2849 1104 2915 ingenti
1124 2851 1337 2898 villarum
1355 2851 1497 2913 strage
1516 2867 1571 2914 gr
1632 2850 1712 2904 ati,
1736 2848 1782 2896 vi
1803 2865 1936 2912 mag,-
1980 2863 1982 2866 '

161 2928 227 2960 na
248 2927 465 2975 pecorum
486 2913 647 2960 aba&
667 2913 859 2963 domum
881 2915 1071 2963 rediere.
1138 2915 1244 2962 Nec
1265 2915 1426 2962 Scotus
1448 2916 1566 2962 hanc
1603 2912 1816 2975 injuriam
1851 2913 1934 2963 diu
1975 2912 1980 2922 “

168 2976 279 3024 tulit
306 2975 519 3024 inultam.
588 2976 705 3023 Satis
729 2978 854 3025 enim
876 2981 1030 3042 ampla
1053 2995 1191 3027 manu
1213 2978 1434 3041 Angliam
1462 2978 1681 3043 ingressus
1712 2978 1930 3039 majorem

163 3040 306 3102 quam
329 3040 715 3112 accmperatmosti
735 3043 914 3090 cladem
935 3042 1155 3093 reddidit.
1188 3043 1260 3090 Ita
1281 3042 1495 3105 utrinque
1515 3042 1679 3091 animis
1701 3041 1935 3104 populati-

162 3119 253 3152 one
274 3105 479 3160 irritatas,
502 3122 683 3169 magnae
705 3107 928 3154 vastitates
945 3107 995 3156 in
1015 3105 1248 3170 utriusque
1270 3106 1419 3169 gentis
1440 3106 1565 3180 agris
1586 3106 1743 3155 sastae:
1763 3105 1839 3154 sed
1855 3121 1935 3156 ca,-
1983 3102 1991 3110 ”

163 3167 382 3218 lamitatis
404 3170 549 3232 major
570 3186 672 3233 pars
693 3170 740 3218 iu
764 3171 1054 3227 Cumbriam‚
1080 3172 1200 3220 unde
1224 3171 1410 3221 initium
1432 3171 1611 3232 injuriae
1640 3181 1795 3219 ortum
1815 3181 1933 3225 erat.
1976 3201 1981 3210 ·

163 3231 390 3282 incubuit.
456 3235 525 3283 Ea
543 3234 666 3282 enim
689 3235 817 3289 omni
837 3236 969 3285 clade
990 3235 1103 3285 belli
1123 3247 1286 3283 vexata
1305 3251 1448 3299 prope
1475 3236 1534 3283 ad
1562 3234 1853 3284 solitudinem
1880 3251 1953 3282 e·
1980 3236 1986 3244 “
2018 3265 2035 3297 1,

165 3308 240 3349 tat
259 3299 456 3349 redacta.
516 3300 637 3348 Haec
653 3299 926 3350 londinum
937 3301 1115 3366 perlata
1133 3299 1300 3356 fecere,
1325 3313 1377 3347 ut
1395 3300 1622 3347 exercitus
1642 3298 1784 3363 longe
1804 3313 1937 3347 mu.
1999 3337 2011 3373 ι
2020 3308 2035 3374 {¹

133 3436 136 3440 ¹
213 3431 280 3483 (ι)
309 3434 376 3472 Al.
395 3420 610 3485 nugo-itm.
1126 3436 1189 3491 (3)
1214 3439 1330 3477 emet
1347 3438 1443 3477 fa&
1455 3435 1734 3477 withouteanse
1751 3435 1930 3475 οπως.

156 3484 477 3580 ...51²1'ussssfflfiss’
494 3490 667 3542 Murray,
680 3476 868 3543 Omma,
891 3493 1026 3545 Aac„
1076 3491 1138 3542 fit,
1157 3493 1247 3544 0n1y
1262 3500 1304 3538 ω,
1319 3492 1410 3539 hold
1429 3491 1535 3573 their
1546 3487 1809 3538 mamare.

2022 3582 2031 3591 .

1819 3596 1950 3651 inu·

2002 3698 2010 3708 ἱ
