2106 3838
259 122 379 207 36
553 125 908 193 RERUM
995 123 1691 196 ScortcARuM

930 247 1103 295 Lxxr.
1150 249 1192 295 R
1212 250 1249 296 E
1271 249 1331 297 Χ.

314 333 428 385 vn.
459 334 492 382 P
506 336 590 381 OS
603 334 649 380 T
679 348 781 378 eum
797 331 1117 378 Constantinus
1136 332 1368 382 Kennethi
1382 334 1501 382 filius
1521 334 1678 381 Sconae
1701 349 1890 398 regnum
1916 335 2003 384 sus·

251 396 389 461 caepit
413 415 423 443 :
459 399 529 444 vir
558 396 712 458 magni
735 395 892 451 animi,
931 411 982 441 ac
999 395 1180 442 virtutis
1203 396 1399 445 eximiae.
1467 400 1511 444 Is
1533 413 1635 444 cum
1658 412 1902 461 accaeptam
1925 402 2005 448 sub

208 467 211 470 '
250 461 468 510 Donaldo
489 459 787 524 ignominiam
809 460 976 514 delere,
1016 471 1151 522 atque
1187 461 1245 507 ad
1276 460 1384 507 fines
1415 478 1443 507 a
1462 473 1588 524 patre
1610 462 1789 510 relictos
1811 480 2006 527 regnum

204 553 207 556 ⁴
249 542 515 589 promovere
535 535 735 585 cuperet,
756 540 781 568 a
798 523 1299 579 senioribusinhibitus,
1315 525 1444 586 quod
1462 525 1708 584 juventutis
1728 543 1891 591 magna
1906 545 2006 590 pars

247 589 330 636 sub
351 587 566 636 Donaldo
587 586 799 641 extincta,
825 593 866 634 &
887 587 1061 651 reliqua
1088 587 1153 634 ita
1174 601 1386 650 corrupta
1407 588 1568 642 fuerat,
1610 602 1658 636 ut
1676 605 1798 637 arma
1821 592 2006 653 publice

250 654 294 701 ei
315 651 641 699 committenda
663 667 754 701 non
775 651 1053 699 viderentur.
1121 652 1268 716 Igitur
1290 652 1486 715 primum
1508 653 1563 699 ad
1582 651 1830 714 disciplinae
1853 656 2007 717 publi-

250 732 315 762 cae
333 715 696 762 emendationem
715 716 815 762 Rex
833 715 1069 762 conversus
1088 715 1368 763 sacerdotum
1386 715 1590 764 ordinem
1606 716 1700 777 jam
1720 717 1875 765 relifto
1890 736 2007 780 prae-

251 779 434 826 dicandi
457 778 696 843 Evangelii
719 796 903 826 munere
921 779 1033 826 luxu
1051 796 1332 842 corruptum,
1354 783 1402 830 &
1427 780 1762 836 venationibus,
1780 782 2002 844 aucupiis,

245 841 496 905 aulicaeque
518 859 699 906 pompae
721 843 925 890 deditum
950 844 1006 889 ad
1028 857 1225 890 veterem
1249 845 1563 906 parsimoniam
1583 844 1762 908 legibus
1796 845 2002 892 severissi-

251 907 325 953 me
345 907 444 953 latis
468 907 663 954 reduxit.
691 907 984 969 juventutem
1001 907 1170 953 delitiis
1183 907 1507 955 effoeminatam
1526 908 1654 955 humi
1672 909 1853 963 cubare,
1873 926 1924 956 ac
1943 909 2006 956 se-

247 971 340 1017 mel
358 970 566 1034 quotidie
584 971 737 1018 cibum
760 971 1080 1033 sumerejussit.
1109 970 1318 1018 Ebriosos
1336 971 1519 1034 capitali
1539 972 1762 1034 supplicio
1780 973 2007 1020 multavit.

250 1035 392 1081 Lusus
416 1034 667 1097 prohibuit,
697 1035 776 1082 nisi
809 1034 889 1096 qui
928 1036 984 1081 ad
1008 1035 1218 1082 militiam
1240 1051 1421 1098 corpus,
1445 1035 1740 1098 animumque
1763 1036 2005 1085 firmarent.

249 1098 340 1146 His
362 1099 542 1161 legibus
563 1099 862 1147 adolescentia
883 1100 938 1146 ad
963 1099 1199 1146 meliorem
1219 1099 1398 1162 frugem
1426 1098 1649 1154 conversa,
1672 1099 1824 1147 extitit
1846 1118 2004 1163 repen-

246 1175 293 1210 te
315 1162 541 1210 insulanus
564 1163 752 1226 quidam
776 1165 974 1217 Euenus,
997 1180 1132 1226 quem
1173 1163 1265 1225 ipse
1292 1162 1445 1210 Abriae
1469 1163 1749 1226 praefecerat,
1774 1164 1913 1212 homo
1935 1164 2005 1211 in-

247 1228 447 1290 quietu5‚
464 1232 503 1273 δι
526 1227 747 1291 regnandi
766 1228 990 1289 cupidus:
1025 1228 1106 1290 qui
1129 1245 1294 1290 gnarus
1315 1243 1452 1291 quam
1476 1244 1594 1290 aegre
1610 1227 1824 1288 juventus
1847 1229 2004 1291 legum

248 1307 469 1338 novarum
492 1290 774 1353 asperitatem
797 1291 948 1346 ferret,
964 1292 1161 1353 primum
1185 1292 1301 1339 inter
1323 1307 1508 1354 paucos,
1536 1309 1587 1338 ac
1606 1291 1770 1339 deinde
1798 1293 2004 1356 pluribus

248 1355 465 1402 adhibitis
489 1356 545 1401 de
569 1355 773 1418 praesenti
796 1371 944 1417 rerum
967 1357 1077 1403 statu
1113 1371 1198 1402 con
1239 1357 1379 1403 uestus
1403 1355 1481 1402 ubi
1505 1355 1625 1402 suam
1654 1355 1904 1403 orationem
1937 1357 2001 1404 se-

248 1419 410 1465 cundis
439 1418 622 1466 auribus
644 1420 790 1483 accipi
811 1419 943 1474 vidit,
976 1419 1108 1466 facile
1131 1374 1340 1482 persuasit
1363 1419 1419 1465 ad
1441 1420 1771 1480 conjurandum
1795 1421 1852 1467 de
1876 1423 2001 1468 Con-

244 1482 438 1530 stantino
459 1482 680 1531 tollendo.
749 1484 837 1530 Sed
859 1484 968 1531 dum
1002 1483 1286 1546 diligentius,
1309 1499 1446 1544 quam
1478 1484 1653 1531 cautius
1676 1483 1861 1532 factioni
1883 1487 2000 1533 vires

245 1545 482 1606 adjiciunt,
503 1563 529 1592 a
551 1546 634 1593 suis
653 1547 822 1610 proditi
839 1560 1081 1609 antequam
1105 1548 1150 1593 in
1170 1547 1211 1594 se
1230 1548 1383 1609 copias
1401 1548 1653 1609 comparari
1670 1546 1997 1611 intelligerent,

235 1611 432 1672 ‚opprefli
452 1611 648 1656 fuerunt.
683 1613 864 1658 Euenus
885 1610 1152 1672 conjurandi
1175 1611 1383 1673 princeps
1405 1612 1570 1672 laqueo
1592 1612 1906 1674 strangulatus.

310 1675 445 1721 VIII.
480 1676 617 1721 Circa
638 1675 735 1722 haec
756 1688 963 1737 tempora
984 1674 1108 1721 Dani
1131 1686 1227 1721 tum
1249 1674 1455 1720 omnium
1477 1675 1813 1721 Germanorum
1836 1677 2001 1740 opibus

246 1737 542 1785 florentiffimi
564 1755 589 1784 a
611 1738 745 1786 Pictis
767 1739 974 1786 adversus
997 1741 1174 1792 Scotos,
1198 1739 1307 1785 item
1333 1736 1357 1783 a
1386 1739 1581 1793 Buerno,
1608 1739 1700 1800 (vel
1725 1751 1773 1786 ut
1791 1741 1870 1787 alii
1898 1741 2001 1788 scri-

247 1801 379 1857 bunt,
406 1803 577 1857 Verna,
601 1804 728 1865 cujus
764 1804 892 1850 uxori
917 1803 1164 1850 OIbrethus
1187 1818 1267 1866 per
1299 1801 1393 1848 vim
1415 1803 1613 1864 stuprum
1634 1802 1868 1865 intulerat)
1894 1806 1996 1853 soli-

245 1865 372 1913 citati
395 1867 654 1914 abundante
675 1867 803 1916 domi
835 1867 1089 1928 juventutis
1113 1866 1408 1915 multitudine
1437 1865 1574 1914 facile
1596 1866 1925 1924 consenserunt,
1953 1883 2002 1918 ut

241 1928 291 1978 in
314 1931 593 1978 Britanniam
637 1932 766 1979 classe
787 1947 953 1994 magna
973 1930 1338 1978 transmitterent.
1406 1929 1607 1978 Primum
1630 1930 1678 1979 in
1699 1947 1860 2004 agrum
1879 1934 2001 1981 Fifa.

243 2011 356 2043 num
377 1995 716 2042 exscenderunt.
785 1995 856 2042 Ibi
879 1995 1028 2042 obviis
1046 1995 1259 2043 omnibus
1280 1994 1342 2040 ob
1361 1993 1604 2043 Christiani
1625 1996 1820 2043 nominis
1841 1997 2000 2046 odium

244 2057 335 2105 sine
352 2058 607 2106 discrimine
627 2059 876 2113 trucidatis,
892 2058 1101 2107 bifariam
1116 2059 1258 2106 diviso
1279 2057 1479 2105 exercitu
1502 2074 1632 2122 agros
1651 2059 1741 2107 late
1759 2062 1998 2110 vastarunt.

245 2123 474 2171 Adversus
504 2140 581 2170 eos
606 2123 924 2170 Constantinus
948 2124 1174 2186 profeftus
1197 2122 1395 2186 primum
1418 2123 1465 2169 in
1487 2139 1587 2170 eam
1607 2122 1772 2171 incidit
1794 2141 1997 2182 manum,

243 2187 319 2234 cui
340 2188 515 2234 Hubba
534 2187 676 2251 Regis
701 2189 939 2234 Danorum
971 2188 1108 2235 frater
1129 2198 1333 2251 praeerat.
1402 2187 1468 2234 Hi
1499 2185 1646 2233 subito
1670 2188 1833 2236 Levini
1854 2190 2000 2238 amnis

241 2251 523 2298 incremento
544 2252 764 2315 prohibiti
786 2269 891 2299 cum
914 2251 999 2299 suis
1020 2253 1136 2300 vires
1154 2251 1429 2315 conjungere
1453 2250 1584 2298 facile
1605 2252 1730 2307 vieti,
1755 2254 1999 2317 omnesque
2072 2308 2076 2313 ,

240 2316 340 2362 caefi
362 2328 524 2379 practer
546 2332 730 2378 paucos,
755 2316 835 2380 qui
859 2316 994 2363 nandi
1018 2315 1152 2380 periti
1175 2316 1342 2362 flumen
1367 2316 1591 2370 transiere,
1612 2330 1749 2379 atque
1769 2318 1826 2364 ad
1845 2319 2001 2366 Hum-

240 2379 373 2431 brum
388 2382 586 2427 alterum
604 2381 765 2428 ducem
788 2397 1047 2443 pervenere.
1110 2380 1186 2427 Ad
1209 2380 1290 2426 hos
1313 2378 1453 2427 fluvio
1465 2379 1558 2440 jam
1579 2381 1845 2442 permeabili
1869 2384 1995 2430 Con-

239 2442 455 2490 stantinus
480 2459 692 2507 tanquam
716 2446 772 2492 ad
796 2446 1013 2508 praedam,
1034 2460 1125 2492 non
1156 2444 1212 2491 ad
1236 2444 1450 2507 praelium,
1466 2444 1636 2491 ducens
1658 2461 1733 2492 eos
1752 2446 1811 2493 est
1833 2448 2001 2493 assecu-

238 2520 312 2553 tus
334 2523 425 2554 non
447 2510 606 2570 procul
628 2508 655 2554 a
689 2508 871 2557 Caralia
889 2509 1063 2574 oppido
1083 2508 1231 2555 castris
1252 2507 1348 2569 jam
1370 2507 1654 2568 permunitis·
1722 2509 1848 2556 Dani
1875 2510 1999 2558 enim

241 2571 300 2621 ab
322 2572 514 2618 adversae
551 2589 718 2636 pugnae
753 2586 919 2621 eventu
941 2573 1087 2637 magis
1111 2571 1160 2621 in
1192 2572 1348 2619 omnia
1369 2572 1533 2619 intenti
1553 2570 1683 2635 super
1712 2574 1930 2629 modicas,
1956 2582 1998 2623 δε

242 2635 457 2682 flexuosas
480 2653 613 2698 rupes
647 2653 791 2700 prope
828 2636 934 2685 litus
955 2635 1155 2684 cumulis
1177 2635 1483 2696 objacentium
1506 2635 1658 2700 passim
1682 2635 1885 2685 saxorum
1916 2656 1999 2712 ag⁴
2056 2663 2057 2668 =

239 2698 371 2762 gestis
405 2699 598 2761 speciem
620 2701 728 2747 vaili
748 2702 1029 2761 objecerunt.
1097 2701 1168 2748 Ibi
1201 2699 1519 2748 Constantinus
1541 2716 1617 2748 eos
1639 2701 1823 2749 adortus
1846 2704 1936 2750 loct
1958 2703 2000 2750 i-

230 2763 726 2875 {ssqfflfffssessssssffiffi
742 2764 2001 2880 ‘¹02¹{3’53333m1d3vzss‘iss?;¹2232¹3202¹²⁰‘”¹12&53³3ss

242 2890 336 2954 ipse
356 2904 533 2954 captus,
556 2897 595 2939 &
618 2880 675 2938 in·
699 2846 957 2955 sppeluncam
981 2845 1207 2940 modicargn
1235 2893 1399 2938 tractus
1420 2892 1660 2939 occiditur.
1682 2845 1899 2942 palimant
1915 2898 1998 2943 ad-

240 2955 331 3005 huc
355 2955 453 3017 ejus
475 2972 643 3019 pugnae
661 2970 963 3006 monumenta
990 2957 1163 3020 specus,
1198 2961 1238 3004 &
1260 2957 1499 3004 castrorum
1523 2956 1720 3004 ambitus
1741 2974 1832 3005 non
1856 2960 2000 3023 aequis

239 3016 390 3080 spatiis
406 3018 651 3074 dimensus,
671 3020 748 3069 sed
770 3021 826 3068 ad
848 3021 1031 3085 rupium
1054 3021 1196 3067 flexus
1213 3019 1564 3068 circumductus.
1607 3021 1702 3068 *Rei
1721 3023 1842 3069 male
1863 3025 1999 3087 gaessae

236 3083 419 3145 culpam
449 3083 644 3157 quidam
661 3084 716 3140 ,in
744 3085 893 3133 Ρίἃοε
914 3084 1171 3140 conferunt,
1192 3084 1273 3148 qui
1302 3100 1329 3131 a
1350 3085 1649 3134 Constantino
1679 3084 1728 3132 in
1764 3086 1903 3134 fidem
1921 3105 1995 3137 te-

241 3144 380 3208 cepti,
401 3162 522 3196 acm
541 3148 866 3205 commilitium
886 3148 1013 3197 asciti
1033 3148 1226 3198 fuerant.
1291 3148 1371 3196 Ab
1387 3149 1453 3196 eis
1471 3148 1657 3198 initium
1680 3148 1804 3213 fugae
1825 3151 1998 3201 facium

239 3211 699 3273 magnamexercitus
717 3227 894 3277 partem
910 3213 1205 3262 unaavertit.
1272 3213 1400 3261 Dani
1419 3212 1580 3277 spoliis
1597 3213 1798 3261 coileetis
1831 3215 1993 3263 adua-

238 3289 316 3319 ves
332 3272 555 3326 abietum.
625 3277 844 3332 Postridie
863 3279 1009 3341 Regis
1020 3278 1219 3328 cadaver
1247 3277 1486 3327 inventum
1506 3277 1566 3325 ad
1596 3275 1832 3340 sepulchra
1851 3278 1997 3339 majo-

239 3351 343 3385 rum
362 3336 417 3384 ‚in
438 3338 599 3386 Ionam
626 3341 817 3390 insulam
835 3341 1053 3400 desertur,
1099 3346 1487 3407 (regnum-autem
1507 3340 1655 3390 tenuit
1674 3341 1996 3391 Constantinus

234 3414 380 3456 annos
399 3398 613 3463 sedecim)
630 3420 766 3461 auno,
777 3410 885 3470 874.

897 3487 1094 3535 LXXII.
1141 3488 1184 3535 R
1205 3488 1244 3535 E
1267 3487 1327 3534 X.

301 3554 388 3604 IX.
420 3554 449 3603 S
465 3552 513 3603 U
525 3554 567 3605 C
581 3554 622 3604 C
636 3555 673 3604 E
689 3557 716 3605 S
730 3557 758 3605 S
769 3556 850 3619 LT
880 3557 1028 3610 Ethus
1050 3560 1187 3613 frater
1209 3577 1236 3610 a
1256 3559 1428 3625 pedum
1449 3559 1681 3610 celeritate
1701 3558 1995 3670 Aiipesncog-

1880 3637 1997 3670 omi·
