2078 3771
144 222 226 286 qui
249 235 402 267 eorum
426 216 768 281 imperiosissimi
790 216 904 272 sunt,
931 216 1011 263 fibi
1035 216 1225 263 sumant.
1296 214 1390 264 Scis
1413 212 1537 261 enim
1561 210 1809 273 adjudices
1832 229 1903 263 re.

139 288 225 348 jici
264 284 510 331 solerelioc
543 297 691 344 genus
713 280 1017 342 questionum,
1058 297 1161 328 cum
1184 280 1313 327 aliud
1348 282 1420 339 ¹⁶³5
1445 278 1614 330 dicere,
1649 276 1911 342 aliudlegis

147 363 280 396 autor
299 348 487 394 voluisse
509 351 689 391 videtur
712 361 723 390 :
759 344 948 404 perinde
972 359 1109 407 atque
1133 345 1231 392 illas
1250 361 1353 407 quae
1376 344 1432 390 de
1467 341 1688 405 ambiguo
1704 342 1805 401 jure
1829 356 1909 390 aut

147 416 304 478 legum
342 412 459 458 inter
481 409 522 455 se
556 405 778 454 discordia
809 408 1034 465 oriuntur,
1102 411 1265 471 Itaque
1286 407 1357 455 his
1395 408 1450 454 de
1473 406 1605 454 rebus
1643 405 1910 468 graviflimae

148 478 250 525 sunt
274 489 566 539 patronorum
590 474 638 518 in
662 472 762 518 foro
781 473 1117 527 contentiones,
1144 480 1181 520 δε
1206 474 1436 520 rhetorum
1461 483 1689 534 praecepta
1711 470 1912 534 diligen·
1934 514 1940 516 .

149 542 309 589 tiffime
335 538 512 585 tradita.
580 538 648 582 Ilus.
684 535 788 582 Scio
810 536 890 583 issa
913 537 1010 584 fieri
1033 554 1137 600 quae
1159 537 1289 585 dicis.
1360 536 1448 582 Sed
1473 535 1587 582 mihi
1609 536 1653 581 in
1678 533 1764 579 hac
1786 547 1913 597 parte

145 608 244 653 no'n
270 603 416 650 minor
445 600 612 662 injuria
634 601 731 646 fieri
760 600 942 647 videtur
971 602 1148 664 legibus
1170 618 1309 665 quam
1331 600 1554 664 Regibus.
1624 599 1770 645 Satius
1789 600 1914 648 enim

151 683 266 733 puto
285 683 340 713 ex
364 665 495 711 unius
519 664 604 710 viri
627 664 738 711 boni
755 664 975 712 sententia
997 666 1144 713 statim
1166 668 1294 712 litem
1320 667 1392 728 (1)
1432 664 1567 718 finiri,
1608 680 1746 726 quam
1781 662 1912 727 inge4

151 733 285 780 niosis
307 728 571 776 hominibus
596 735 635 774 Sc
658 728 892 776 interdurn
916 730 1244 777 veteratoribus
1268 729 1537 776 obscurandi
1618 729 1736 774 otius
1772 745 1913 790 quam

153 793 487 857 interpretandi
504 793 628 856 leges
650 795 917 855 potestatem
953 795 1068 842 dari.
1140 796 1264 842 Nam
1289 796 1397 840 dum
1418 810 1510 839 non
1533 747 1675 842 solpum
1696 795 1752 840 de
1773 794 1914 841 caulis

151 859 450 923 litigantium,
476 857 550 904 sed
572 859 629 904 de
650 859 797 921 gloria
813 857 991 922 ingenii
1012 858 1131 906 inter
1159 873 1374 923 patronos
1397 860 1704 912 contenditur,
1729 858 1915 906 interim

152 925 254 972 lites
277 925 476 976 aluntur,
502 923 593 983 jus,
630 923 714 976 faS,
750 939 949 984 aequum,
985 922 1214 987 iniquum,
1251 925 1297 971 in
1317 923 1554 969 discrimen
1588 935 1811 969 vocatur:
1846 929 1914 979 ὅτ,

152 990 280 1052 quod
314 989 430 1050 Regi
454 1003 689 1049 negamus,
751 988 1014 1034 hominibus
1048 988 1318 1036 inferiorum
1344 988 1553 1034 ordinum
1593 986 1922 1050 permittimus;

152 1054 426 1117 plerumque
450 1068 541 1098 non
575 1065 666 1098 tam
689 1051 784 1098 veri
807 1068 943 1115 quam
974 1051 1188 1117 litigandi
1211 1054 1428 1101 studiofis.
1497 1053 1553 1097 B.
1592 1051 1780 1099 Oblitus
1805 1052 1920 1099 mihi

154 1117 322 1164 videris
345 1116 566 1179 quidnam
587 1116 704 1163 inter
726 1133 808 1164 nos
828 1133 973 1179 nuper
994 1117 1224 1165 convenit.
1293 1123 1359 1167 M.
1398 1115 1631 1181 Qidnam
1659 1117 1705 1163 id
1724 1118 1782 1163 est
1807 1120 1824 1162 ?
1863 1123 1918 1165 B.

154 1182 278 1245 Regi
299 1181 479 1243 optimo
510 1182 692 1243 qualem
717 1181 851 1227 initio
874 1181 1203 1244 descripsimus,
1237 1183 1357 1231 ‘adeo
1389 1183 1532 1229 libera
1553 1180 1707 1227 omnia
1730 1180 1921 1242 permit-

155 1248 312 1301 tenda,
332 1255 334 1257 '
355 1257 403 1290 ut
425 1261 481 1292 ne
506 1244 686 1308 legibus
724 1245 911 1309 quidem
937 1247 1039 1293 ullis
1073 1264 1188 1308 opus
1211 1248 1332 1294 effer.
1401 1250 1465 1294 At
1482 1260 1586 1291 cum
1613 1245 1688 1291 uni
1714 1262 1738 1291 e
1761 1244 1920 1292 multi..

157 1311 317 1357 tudine
340 1309 376 1356 is
395 1310 541 1361 honor
563 1310 771 1365 habetur,
805 1311 1001 1372 quinon
1024 1313 1168 1358 multo
1192 1312 1241 1358 s1t
1264 1313 1363 1358 aliis
1387 1311 1699 1364 excellentior,
1722 1323 1810 1356 -aut
1832 1310 1921 1356 eti-

159 1392 233 1422 am
257 1374 526 1438 quibusdam
548 1374 755 1428 inferior,
782 1375 1076 1436 periculosam
1102 1377 1185 1423 effe
1207 1375 1396 1422 liberam
1421 1376 1547 1421 istam
1572 1381 1613 1423 *ot
1643 1375 1831 1420 solutam·
1857 1374 1924 1421 le-

159 1458 191 1502 g
215 1440 298 1486 bus
320 1438 572 1485 licentiam.
615 1440 685 1485 M.
719 1440 827 1485 Hoc
848 1456 955 1486 vero
977 1441 1088 1502 quid
1112 1441 1168 1487 ad
1187 1440 1341 1504 legum
1364 1440 1785 1501 interpretationem
1812 1442 1830 1485 ?
1862 1441 1921 1486 B.

160 1503 433 1550 Plurimum.
502 1503 601 1549 Nisi
624 1504 742 1550 forte
777 1520 866 1550 non
892 1504 1214 1551 animadvertis
1252 1508 1376 1567 quod
1401 1506 1501 1551 aliis
1525 1504 1675 1549 verbis
1698 1505 1920 1549 infinitam

157 1568 288 1615 illam
312 1570 361 1617 ὃς
383 1566 730 1614 immoderatam
757 1569 1035 1630 potestatem,
1059 1584 1198 1632 quam
1218 1583 1350 1615 antea
1372 1569 1489 1631 Regi
1514 1576 1855 1631 negaveramu‘s‚
1881 1569 1928 1616 ei

160 1633 440 1679 restituamus
464 1650 474 1677 ε
496 1648 679 1694 nempe,
703 1644 751 1678 ut
772 1649 854 1695 pro
874 1632 1015 1679 animi
1031 1634 1224 1680 libidine
1243 1633 1397 1680 omnia
1417 1633 1578 1679 sursum
1599 1631 1803 1681 deorsum«.¹
1826 1650 1923 1679 ver-

161 1696 240 1744 set.
309 1701 377 1744 M.
412 1696 535 1743 Istud
558 1713 645 1760 ego
664 1697 694 1742 fi
719 1698 854 1753 facio,
881 1711 1002 1744 certe
1023 1699 1289 1761 imprudens
1313 1698 1448 1744 facio.

227 1761 378 1808 XXX.
416 1762 472 1806 B.
511 1761 677 1807 Dicam
702 1777 812 1824 ergo
835 1763 1051 1824 apertius,
1087 1776 1134 1810 ut
1158 1763 1404 1826 intelligas.
1474 1762 1593 1808 Cum
1621 1760 1739 1824 Regi
1770 1762 1926 1824 legum

149 1823 586 1888 -interpretationem
612 1826 841 1880 concedis,
878 1826 995 1873 hanc
1021 1827 1179 1875 tribuis
1202 1828 1244 1874 ei
1266 1826 1498 1874 licentiam
1527 1840 1574 1873 ut
1596 1828 1672 1873 lex
1695 1842 1786 1872 non
1805 1828 1929 1873 dicat

163 1891 291 1951 quod
313 1891 428 1936 lator
461 1888 608 1943 sentit,
636 1902 714 1936 aut
747 1891 874 1954 quod
897 1891 942 1937 in
979 1908 1223 1938 commune
1245 1894 1297 1939 fit
1332 1908 1512 1955 aequum
1538 1895 1583 1941 ὅ(
1611 1890 1779 1937 bonum
1804 1909 1819 1946 3
1851 1891 1932 1940 sed.

148 1955 291 2017 -quod
313 1954 360 2000 in
382 1968 476 1999 rem
502 1954 554 2000 fit
573 1954 834 2015 interpretis
861 1973 871 2002 :
900 1968 1038 2019 utque
1060 1956 1096 2002 is
1121 1959 1177 2003 ad
1201 1973 1360 2004 omnes
1379 1973 1478 2003 earn
1502 1957 1700 2002 afflones
1719 1949 1930 2002 commo·

164 2018 213 2077 di
231 2018 295 2064 sui
317 2017 444 2064 causa
465 2019 591 2065 velut
613 2019 816 2066 LesbIam
841 2023 1047 2083 regulam
1068 2021 1281 2068 inflessat.
1317 2024 1407 2083 Ap.
1431 2023 1654 2068 Claudius
1669 2021 1715 2068 in
1728 2020 1812 2066 De·
1830 2035 1935 2066 em-

163 2083 310 2128 viratu
334 2085 481 2145 legem
500 2085 664 2130 tulerat
678 2084 986 2145 aequissimam,
1017 2087 1075 2131 Ut
1095 2105 1141 2131 m
1163 2085 1334 2133 liberali
1354 2087 1477 2144 causa
1495 2086 1932 2144 vindiciaesbcundum

147 2145 401 2194 'libertatem
422 2150 637 2194 darentur.
707 2150 835 2209 Qid
857 2150 1054 2211 apertius
1094 2150 1185 2197 dici
1209 2163 1385 2212 poterat
1422 2154 1438 2196 ?
1481 2157 1545 2196 At
1586 2150 1931 2212 interpretando

165 2211 289 2257 idem
309 2214 466 2257 3υᾶοΥ
487 2213 636 2276 legem
659 2212 780 2259 suam
804 2213 914 2260 fecit
936 2214 1164 2261 inutilem.
1209 2217 1368 2270 Vides,
1393 2213 1574 2277 opinor,
1598 2229 1815 2276 quantam
1840 2229 1932 2259 uno

167 2276 293 2322 versu
317 2278 396 2322 des
419 2277 873 2340 Principivlicentiam
903 2297 914 2324 ε
953 2295 1117 2340 nempe
1144 2290 1191 2326 ut
1213 2281 1339 2342 quod
1378 2280 1502 2325 volet
1534 2278 1628 2332 ille,
1673 2278 1795 2324 dicat
1817 2277 1891 2324 lex
1918 2296 1930 2324 2

168 2341 293 2402 quod
317 2341 449 2395 nolit,
475 2358 564 2387 non
590 2342 728 2388 dicat.
816 2343 869 2389 Id
892 2344 921 2389 si
945 2343 1079 2390 semel
1104 2344 1396 2406 recipiamuS,
1422 2343 1536 2390 nihil
1560 2343 1765 2406 proderit
1786 2341 1929 2388 bonas

168 2408 292 2468 leges
306 2408 529 2460 condere,
569 2423 672 2469 quae
695 2405 953 2469 Principem
981 2409 1150 2456 bonum
1174 2407 1239 2455 sui
1273 2408 1410 2456 officii
1433 2408 1725 2461 admoneant,
1761 2407 1936 2452 malurn

169 2469 556 2533 circumscribant.
602 2472 720 2526 Imo,
752 2484 798 2518 ut
821 2473 969 2518 dicam
995 2473 1211 2534 apertiuS‚
1234 2474 1386 2520 nullus
1410 2472 1600 2519 omnino
1621 2472 1745 2534 leges
1768 2471 1937 2529 habere

168 2535 413 2598 praestaret,
438 2534 580 2596 quam·
597 2534 793 2582 liberum
815 2537 1126 2592 latrocinium,
1148 2545 1285 2600 atque
1307 2537 1444 2584 etiarn
1459 2537 1752 2593 honoratum,
1770 2536 1850 2581 sub
1871 2535 1940 2582 le·

171 2599 242 2663 gis
265 2611 487 2660 praetextu
511 2599 709 2646 tolerari.
777 2606 844 2649 M.
879 2599 1070 2648 Putasne
1094 2604 1276 2665 Regum
1300 2602 1501 2665 aliquem
1526 2599 1624 2647 fore
1645 2612 1735 2646 tam
1761 2601 1939 2662 impru-

170 2667 374 2718 dentem,
401 2676 451 2711 ut
471 2662 605 2710 famae
625 2664 942 2729 opinionisque
963 2665 1171 2713 omnium
1195 2667 1252 2713 de
1272 2665 1314 2713 se
1337 2667 1509 2713 nullam
1533 2666 1586 2712 sit
1604 2664 1781 2727 prorsus
1798 2663 1940 2710 ratio-

170 2744 277 2775 nem
304 2726 538 2775 habiturus
560 2747 575 2784 3
611 2741 690 2775 aut
711 2741 806 2776 tam
828 2731 893 2777 sui
916 2730 1192 2794 suorumque
1214 2730 1429 2787 oblitum,
1458 2741 1506 2777 ut
1527 2729 1574 2776 in
1599 2745 1755 2776 eorum
1786 2727 1943 2791 pravi-

171 2805 313 2840 tatem
336 2795 599 2856 degeneret,
624 2809 740 2856 quos
761 2793 855 2856 ipse
875 2794 1150 2858 ignominia,
1174 2795 1448 2850 carceribus,
1481 2795 1707 2840 bonorum
1732 2794 1941 2856 publica·

172 2856 317 2912 tione,
359 2856 628 2919 gravissimis
651 2858 851 2921 denique
872 2859 1106 2923 suppliciis
1128 2861 1380 2918 coercuerit
1403 2864 1421 2906 ?
1476 2862 1532 2907 B.
1567 2859 1677 2908 Non
1702 2858 1942 2905 credamus

172 2920 252 2966 ista
280 2922 393 2976 fore,
421 2921 500 2975 nisi
524 2921 794 2985 jampridem
815 2925 933 2970 lafita
956 2924 1057 2977 fint,
1097 2923 1238 2986 idque
1261 2923 1399 2972 totius
1423 2923 1547 2972 o'rbis
1573 2923 1776 2969 maximo
1799 2923 1939 2968 malo.

174 2986 242 3030 M.
277 2986 373 3033 Ubi
397 2987 580 3032 tandem
604 2987 702 3032 haec
725 2987 842 3034 faeta
864 3005 1014 3035 narras
1048 2991 1067 3034 ἓ
1122 2991 1178 3035 B.
1215 2989 1314 3036 Ubi
1346 3006 1479 3053 rogas
1512 2991 1530 3035 ἓ
1563 2989 1810 3051 Tanquam
1847 3001 1970 3048 non„

173 3064 333 3096 omnes
356 3067 436 3112 per
458 3053 689 3113 Europam
711 3053 916 3099 nationes
942 3068 1031 3099 non
1053 3053 1192 3100 modo
1214 3053 1430 3108 viderint,
1453 3054 1525 3100 sed
1551 3052 1687 3100 etiam
1710 3051 1938 3117 senserint,

176 3125 398 3174 quantum
422 3114 554 3160 rebus
591 3115 803 3162 humanis
833 3117 1058 3164 invexerit
1080 3117 1186 3178 mali
1224 3135 1316 3166 non
1339 3118 1443 3165 dico
1465 3118 1768 3164 immoderata
1792 3115 1944 3179 potess·

177 3187 261 3231 tas,
282 3178 362 3223 -sed
384 3180 552 3225 effrena
575 3180 774 3227 Romani
802 3181 1035 3228 Pontificis‘
1057 3180 1256 3229 licentia.
1325 3184 1392 3230 Ea
1413 3199 1550 3246 quam
1575 3198 1631 3228 ex
1656 3180 1849 3229 modicis
1890 3181 1944 3229 δε

175 3239 224 3309 in
251 3240 440 3302 speciem
466 3243 692 3308 honestis,
719 3245 948 3307 occeperit
967 3245 1130 3301 initiis,
1174 3262 1312 3308 quam
1353 3246 1468 3294 nihil
1492 3246 1641 3294 minus
1665 3243 1865 3309 potuerit
1886 3243 1947 3291 ab

177 3307 371 3351 meantis
395 3306 560 3362 timeri,
587 3325 722 3355 nemo
743 3308 941 3372 ignorat.
1008 3309 1212 3357 Primum
1235 3312 1359 3374 leges
1398 3322 1526 3359 erant
1548 3310 1680 3357 nobis
1705 3308 1969 3372 propositae*

178 3382 272 3412 non
290 3370 429 3415 modo
453 3372 477 3417 ὲ
499 3372 781 3432 penitiffimis
801 3385 974 3420 naturae
997 3373 1171 3421 arcanis
1194 3389 1353 3430 erutae,
1383 3375 1472 3423 afed
1491 3375 1549 3422 ab
1578 3374 1675 3437 ipso
1698 3374 1802 3422 Deo
1824 3372 1962 3427 latae„

179 3449 207 3477 a
229 3431 398 3500 Spiritu
436 3434 532 3494 ejus
569 3452 649 3497 per
675 3437 920 3499 prophetas
958 3438 1222 3501 explicatae,
1261 3441 1485 3502 postremo
1523 3456 1550 3485 a
1588 3438 1679 3486 Dei
1703 3436 1948 3492 Fi1i0„.e0-

177 3495 378 3555 demque
419 3496 540 3551 Deo,
579 3501 875 3561 confirmatae,
918 3513 996 3554 tot*
1047 3502 1451 3555 laudatiflimorum
1489 3502 1731 3570 hominum
1770 3498 1949 3564 &525⁵

230 3583 298 3649 (γι)
314 3588 361 3625 zd
379 3583 592 3633 edinfini're.
1819 3593 1946 3629 Com*
