2006 3858
0 240 4 251 .

11 262 23 301 ’,ἓ

380 140 672 207 Lmen
761 143 1572 221 DsscrmthQA.-R=arvs.
1758 140 1895 225 387

116 239 182 286 In·
196 236 425 286 Humium
443 256 551 285 vero
574 251 711 300 prout
727 243 899 288 occasio
917 241 959 288 se
974 241 1128 296 dabat,
1145 240 1225 303 qui
1243 241 1300 288 de
1319 239 1413 299 ejus
1433 236 1706 299 impotentia
1723 254 1885 299 quere-

118 317 290 357 rentur,
314 303 541 350 excitabat
561 320 573 349 :
606 307 656 353 &
694 307 858 365 partim
882 305 1018 361 veris,
1054 307 1221 368 partim
1239 304 1442 351 confictis
1464 300 1732 348 criminibus
1755 317 1883 359 aures

116 367 324 414 adversus
347 383 528 414 omnem
551 369 870 431 purgationem
893 370 1183 416 occludebat.
1252 371 1481 416 Caeterum
1506 365 1718 413 totofere
1740 381 1883 428 regno

153 432 399 485 erlustrato,
424 447 528 478 cum
568 431 826 493 explicasset
867 433 1028 480 diserte
1068 433 1346 491 singularum
1367 434 1486 479 inter
1524 430 1566 476 se
1605 429 1882 476 familiarum

114 447 432 558 {egnationez
468 495 725 551 affinitates,
768 500 817 548 ὃς
845 496 1037 553 foedera,
1070 492 1432 560 pefsuafiffetque
1454 494 1682 542 neminem
1718 492 1883 540 hones-

109 558 226 605 tiore
261 560 369 605 loco
399 571 578 615 natum,
617 561 909 621 quantumvis
943 562 1204 608 sceleratum
1238 562 1328 607 fine
1349 561 1599 608 multorum
1635 559 1884 606 offensione

109 623 234 684 poffe
283 623 485 685 opprimi
530 640 541 671 ε
587 640 738 686 neque
781 624 830 670 id
870 637 961 671 tam
1001 628 1061 672 ob
1100 625 1382 680 inimicitias,
1419 629 1469 674 ὃς
1514 623 1880 688 propinquorum

111 685 483 748 conspirationes,
506 688 647 751 quam
671 688 798 751 quod
821 689 1253 752 delictorum-poena
1291 691 1347 736 ad
1384 704 1570 752 paucos,
1614 688 1880 751 exemplum

109 750 170 796 ad
195 750 460 799 innumeros
481 752 744 814 pertineret,
785 769 901 814 quos
940 770 997 800 ex
1030 753 1230 800 inimicis
1252 754 1400 816 culpae
1439 752 1706 808 similitudo,
1733 758 1773 799 &
1795 767 1879 814 par

108 826 258 861 metus
294 832 444 877 poenae
467 819 735 880 plaerunque
772 818 982 865 redderet
1003 819 1190 873 amicos,
1258 820 1313 864 In
1335 830 1478 864 tantas
1501 829 1672 872 autem,
1709 819 1758 866 &
1783 828 1878 862 tam

108 877 200 944 late
221 879 383 942 sparsas
408 880 649 937 factiones,
669 882 842 929 viribus
864 874 1118 930 domesticis
1143 898 1233 930 non
1256 882 1712 945 posseanimadverti.
1746 897 1750 901 ’
1778 881 1877 927 Ro-

107 943 312 1004 gandum
327 946 410 991 effe
425 948 601 1010 Regem
621 947 886 1003 Gallorum,
909 962 958 994 ut
976 949 1168 1009 majores
1188 948 1342 1010 copias
1358 947 1414 993 ad
1436 946 1553 992 hanc
1574 945 1876 1010 frangendam

108 1009 446 1057 contumaciam
485 1011 706 1059 mitteret.
772 1013 885 1058 Eam
909 1029 1096 1076 quoque
1121 1030 1215 1060 rem
1239 1027 1330 1057 non
1369 1010 1517 1073 magis
1543 1026 1608 1056 ex
1631 1011 1708 1057 usu
1744 1023 1873 1056 terra:

107 1072 318 1128 Scoticae,
339 1091 477 1137 quam
500 1076 565 1121 rei
589 1076 787 1122 Gallicae
808 1079 909 1125 effe.
976 1077 1166 1125 Interim
1203 1091 1312 1122 vero
1349 1074 1599 1122 factionum
1623 1073 1775 1138 capita
1795 1087 1875 1122 aut

105 1135 524 1199 deprimenda,.aut
549 1141 601 1201 (fi
627 1141 724 1187 fieri
743 1143 905 1204 pofl'et)
929 1143 1014 1189 effe
1036 1141 1276 1188 tollenda:
1299 1138 1442 1202 idque
1463 1155 1516 1184 ea
1535 1139 1794 1200 prudentia,
1815 1156 1875 1186 ne

100 1200 254 1263 plures
279 1203 363 1250 sese
386 1204 483 1266 peti
504 1205 766 1266 opinentur.
829 1206 995 1269 Capita
1010 1221 1117 1252 vero
1138 1205 1185 1252 in
1208 1203 1446 1265 praesentia
1458 1202 1544 1249 tria
1560 1203 1792 1266 praecipua
1808 1203 1876 1249 es-'

100 1264 164 1311 se.
231 1268 404 1316 Eorum
438 1269 742 1316 Arcibaldum
782 1270 1069 1333 Duglassinm
1103 1269 1152 1316 in
1191 1268 1527 1331 flagrantissima
1561 1268 1680 1329 apud
1706 1268 1873 1331 vulgus

100 1329 249 1392 gratia
269 1333 371 1380 effe.
439 1334 518 1379 Ob
541 1335 685 1380 multa
706 1334 836 1380 enim.
854 1337 1079 1397 majorum
1102 1333 1396 1396 meritaerga
1417 1348 1512 1378 rem
1538 1330 1767 1391 Scotiscam
1787 1348 1874 1378 no÷

100 1410 208 1441 men
230 1397 325 1457 ejus
349 1398 501 1460 gentis
525 1398 724 1444 maxime
745 1400 830 1446 effe
853 1399 1088 1463 populare.
1134 1399 1358 1445 Praeterea
1380 1402 1417 1443 &
1433 1396 1638 1457 juventae
1658 1397 1787 1449 flore,
1830 1402 1872 1443 δε

99 1459 302 1522 Anglica
319 1462 536 1510 affinitate
558 1462 799 1510 subnixum
823 1464 1016 1524 majores
1039 1463 1218 1527 privato
1237 1460 1419 1525 spiritus
1455 1477 1630 1524 gerere.
1698 1459 1875 1507 Humi—

100 1538 180 1570 um
199 1541 309 1572 vero
329 1527 404 1573 sua
424 1527 631 1590 potentia
648 1544 854 1591 gravem,
878 1544 930 1580 ac
947 1527 1286 1592 longinquitate
1308 1524 1527 1588 temporis
1548 1524 1878 1588 confirmatum

97 1590 249 1652 magis
270 1592 355 1637 effe
374 1591 735 1641 formidabilem.
800 1593 874 1639 Ibi
896 1609 988 1640 non
1023 1604 1284 1645 contentus,
1307 1607 1411 1654 quae
1436 1591 1513 1650 (ι).
1529 1589 1739 1636 adversus
1760 1590 1872 1636 Pro-

96 1657 218 1715 regis
240 1661 433 1717 patrem,
451 1662 491 1702 δε
512 1668 726 1719 patruum
751 1657 869 1704 faeta
890 1657 948 1704 ab
971 1657 1318 1705 Humiiseffent
1339 1653 1564 1701 invidiose
1585 1670 1870 1717 commemo-

96 1733 212 1773 rare,
238 1735 434 1780 quorum
453 1720 662 1767 omnium
677 1737 780 1768 cum
800 1721 1013 1769 Heburni
1035 1723 1173 1768 effent
1193 1719 1459 1782 participes,
1480 1718 1870 1766 tameninvidiam

97 1779 147 1825 in
175 1782 293 1830 solos
330 1785 530 1832 Humios
553 1785 816 1832 conferebat
838 1806 848 1833 :
882 1790 932 1835 ὃς
962 1786 1142 1832 cessatio
1163 1784 1209 1830 in
1250 1785 1411 1847 praelio
1428 1782 1640 1846 proximo
1659 1783 1872 1834 adversus

96 1846 297 1910 Aug-los,
321 1853 370 1897 &
386 1865 592 1896 rumores
613 1849 821 1898 invidiosi
846 1851 903 1897 de
927 1863 1072 1897 morte
1101 1849 1242 1913 Regis
1266 1866 1435 1911 magna
1454 1864 1560 1895 cum
1580 1849 1881 1896 2.s{everati0-2

94 1925 172 1964 ne,
195 1917 234 1957 δι
261 1913 576 1975 (2)¹Noramae
595 1914 856 1961 instauratio
876 1931 932 1960 eo
956 1913 1391 1976 dissimulantesaepe
1411 1926 1695 1974 repetuntur.
1754 1913 1873 1965 For-z>

24 2010 27 2011 ν
93 1990 256 2021 manus
279 1992 428 2041 neque
448 1977 738 2041 propinquis,
759 1979 1051 2041 .autgeneris
1067 1978 1270 2025 claritate
1298 1991 1402 2024 erat
1413 1994 1492 2039 per
1511 1983 1551 2023 le
1575 1977 1868 2032 metuendus„
1890 2022 1892 2025 ,

91 2037 142 2084 in
161 2055 468 2105 quancunque
482 2057 634 2089 tamen
658 2056 834 2105 partem
866 2044 907 2089 se
930 2044 1437 2105 inclinasseninagnam
1457 2041 1745 2088 acceslionem
1770 2042 1867 2089 fac-

93 2104 220 2150 tur'us
243 2106 499 2162 videbatur,
519 2108 693 2154 cunetis
711 2108 840 2172 regni
852 2108 1018 2170 opibus
1040 2109 1238 2155 inunam
1260 2108 1450 2154 domurn
1472 2109 1712 2170 congestis.
1743 2108 1865 2153 Eum

93 2167 216 2214 enim
231 2172 352 2232 poss'e
374 2173 446 2218 vel
460 2172 726 2234 praesentem
744 2172 1168 2236 partium—,inopiam
1183 2171 1378 2235 pecunia
1399 2171 1866 2235 subleva1·e‚.xgelpol-.

89 2229 347 2281 licitatione
372 2238 504 2298 (quia
524 2237 682 2284 omnia
712 2237 760 2284 in
782 2239 1120 2302 ejus-potestate
1145 2249 1241 2284 tum
1262 2237 1419 2297 effent)
1444 2237 1613 2283 multos
1637 2237 1697 2283 ad
1716 2234 1865 2297 consta-g

90 2295 256 2345 liorum
278 2302 650 2350 communionem
669 2303 868 2350 allicere.
1706 2358 1710 2362 .

155 2363 244 2410 III.
281 2364 355 2412 De
373 2367 408 2412 F
411 2383 600 2414 ormano
613 2368 833 2414 leviorem
851 2367 1067 2415 Heburni
1084 2366 1398 2414 auctoritatem
1418 2366 1669 2414 reddebant
1683 2364 1863 2413 nobiles

88 2425 208 2474 inter
228 2445 304 2476 eos
327 2429 601 2487 inimicitiae,
628 2449 710 2478 nec
732 2434 827 2495 ejus
865 2451 975 2496 opes
999 2430 1233 2487 invidiosae
1272 2443 1416 2488 erant,
1439 2449 1553 2494 quas
1578 2432 1724 2495 magis
1743 2447 1863 2495 gau-⁵

89 2490 228 2538 debat
259 2494 498 2558 largiendo
537 2497 831 2559 profundere,
855 2515 995 2561 quam
1018 2497 1138 2560 apud
1162 2495 1204 2543 se
1238 2497 1431 2544 servare.
1494 2497 1598 2543 Nec
1620 2513 1764 2558 genus
1789 2494 1862 2540 ul-

86 2555 184 2603 lum
206 2558 448 2608 hominum
470 2578 600 2624 aeque
623 2563 886 2610 muneribus
919 2563 1116 2617 colebat,
1140 2578 1192 2607 ac
1211 2561 1420 2625 Proregis
1442 2563 1632 2608 comites
1654 2561 1816 2608 Gallos
1841 2577 1854 2606 ε

88 2636 175 2667 nec
198 2635 289 2670 tam
305 2626 394 2671 ulli
416 2626 458 2673 se
484 2625 672 2673 factioni
693 2628 943 2692 adjungere
965 2627 1186 2680 studebat,
1209 2643 1346 2690 quarn
1390 2624 1615 2673 universos
1655 2625 1833 2672 benevo
1851 2654 1864 2666 .

88 2685 234 2733 lentia
254 2690 514 2752 complecti.
584 2692 814 2739 Caeterum
834 2692 968 2739 altius
987 2691 1036 2738 in
1065 2689 1269 2737 animum
1291 2689 1500 2753 Protegis
1522 2690 1780 2752 penetravit
1799 2689 1863 2737 de

87 2751 160 2811 (3)
174 2753 389 2814 praefecto
406 2754 608 2802 limitum
622 2755 823 2820 suspitio,
835 2773 973 2820 quam
991 2756 1228 2818 ejus(4)ab
1243 2755 1423 2804 Humio
1434 2755 1615 2801 adversa
1626 2750 1863 2806 voluntas‚'

82 2821 128 2869 ,ἃ
142 2815 190 2862 in
215 2818 518 2882 congressibus
544 2821 697 2868 vultus
719 2821 887 2879 minus,
911 2838 1051 2886 quam
1073 2833 1206 2868 antea
1227 2819 1462 2869 familiaris
1483 2819 1690 2884 quodam·>
1713 2817 1886 2878 modo,-

95 2984 99 2985 ’
137 2963 205 3019 (1)
234 2970 279 3006 In
293 2968 358 3007 the
376 2971 460 3020 days
478 2969 523 3008 of
535 2969 630 3019 king
642 2971 769 3022 James
784 2971 857 3008 111.
873 2968 938 3008 the

83 3020 281 3069 Hepburns
296 3026 364 3059 and
374 3025 519 3061 Humes
538 3025 647 3072 rifing
660 3033 699 3061 to
717 3033 817 3072 great
833 3037 937 3073 pow-

20 3117 24 3119 ‘
85 3086 140 3119 er,
165 3078 235 3112 and
263 3076 396 3113 linked
427 3076 596 3125 together
620 3078 660 3115 in
686 3077 830 3126 affinity
866 3078 936 3113 and

84 3125 300 3177 friendlhip,
329 3129 472 3177 fearing
507 3130 720 3167 Alexander
743 3129 816 3167 thef
835 3129 937 3166 duke

84 3178 130 3216 of
138 3180 438 3228 Albany‚rwhose
452 3182 640 3231 authority
657 3197 753 3229 grew
771 3196 857 3231 very
870 3182 937 3219 fast

81 3231 126 3268 in
142 3233 205 3269 the
219 3233 358 3270 bounds
371 3234 506 3270 ofEast
528 3236 809 3280 Louthian,and
833 3235 938 3277 Mers

83 3284 210 3322 where
228 3285 328 3322 their
354 3300 478 3334 power
505 3299 578 3323 was
597 3289 703 3333 most,
723 3290 792 3325 and
814 3287 939 3324 where

81 3338 172 3388 they
191 3339 262 3376 had
280 3338 395 3376 taken
420 3339 500 3376 into
518 3339 618 3376 their
635 3339 750 3376 hands
769 3341 839 3376 and
856 3339 940 3388 pos-·

83 3389 210 3433 seffion
229 3405 341 3441 many
357 3391 483 3440 things
496 3392 694 3440 belonging
712 3400 750 3429 to
764 3392 862 3437 him,
877 3391 938 3429 did

82 3458 174 3485 once
193 3447 264 3482 and
289 3444 396 3493 again
416 3445 489 3482 sow
509 3444 573 3482 the
598 3445 692 3482 seeds
711 3445 755 3481 of
773 3444 937 3494 jealousy

85 3496 250 3536 between
278 3497 362 3535 him
381 3500 450 3536 and
475 3498 570 3546 king
598 3499 724 3551 James
751 3500 812 3547 3d,
837 3497 937 3534 until

78 3550 167 3602 they
179 3553 354 3602 procured
375 3551 435 3590 his
459 3551 683 3599 overthrow,
714 3552 784 3590 and
811 3549 936 3588 there-

861 3656 1073 3715 Cccz

991 2968 1087 3007 after
1115 2968 1182 3006 the
1207 2967 1305 3006 same
1331 2980 1419 3005 men
1436 2979 1533 3004 were
1558 2964 1623 3001 the
1656 2961 1856 3020 chiefsjau-

990 3023 1095 3059 thors
1112 3022 1160 3059 of
1172 3022 1316 3070 cutting
1340 3020 1397 3058 off
1410 3019 1505 3067 king
1528 3019 1655 3070 James
1676 3017 1722 3066 3d
1744 3014 1850 3051 him-

990 3075 1073 3114 self.
1506 3080 1508 3085 ’

1044 3127 1108 3177 (2)
1136 3126 1308 3164 Norbam
1327 3126 1435 3163 castle
1454 3122 1620 3161 standeth
1640 3120 1734 3159 close
1748 3134 1849 3169 upon

989 3180 1055 3218 the
1082 3182 1222 3225 border,
1253 3181 1331 3215 and.
1342 3178 1413 3215 had
1433 3177 1524 3214 been
1547 3175 1782 3214 overthrown
1804 3174 1848 3221 by
1877 3205 1879 3207 .

990 3233 1086 3280 king
1111 3234 1239 3284 James
1255 3232 1342 3279 4th,
1371 3231 1438 3268 li-b.
1463 3242 1525 3280 13.
1543 3242 1622 3279 cap.
1645 3229 1797 3279 32.·and
1816 3237 1849 3264 it

991 3298 1075 3334 may
1096 3286 1138 3322 be
1163 3284 1368 3334 presumed‚
1398 3282 1482 3320 that
1505 3295 1567 3332 my
1595 3282 1675 3319 lord
1700 3282 1845 3325 Hume,

992 3337 1115 3374 whose
1146 3339 1249 3374 lands
1280 3337 1331 3373 lie
1362 3349 1449 3373 over
1477 3336 1613 3383 against
1643 3334 1687 3380 it,
1722 3332 1846 3381 might

991 3390 1086 3428 have
1099 3389 1277 3428 hindered
1292 3389 1357 3426 the
1371 3388 1554 3439 repairing
1563 3388 1654 3434 ofit,
1670 3386 1762 3425 ifhe
1774 3385 1847 3424 had
1862 3397 1870 3402 ·

991 3452 1058 3480 not
1077 3443 1249 3480 favoured
1266 3442 1332 3480 the
1349 3442 1517 3490 English.

1046 3495 1109 3547 (3)
1137 3497 1234 3535 Lord
1247 3497 1390 3541 Home,
1409 3495 1478 3533 lib.
1502 3507 1563 3546 13.
1582 3508 1662 3546 cap.
1681 3507 1748 3545 29.

1048 3549 1111 3599 (4)
1141 3549 1262 3589 M..s.
1284 3547 1443 3589 Aversus
1460 3547 1607 3588 Humio
1624 3549 1765 3588 vultus,

1675 3651 1820 3716 prod!
