2025 3833
159 294 1920 394 QQQQQQQQQQQQQQQQQQQQQQQQQ

159 382 1920 463 ⁴3·*⁴⁶⁹·0··³{5*⁶000·‡{<-0000-ss-coom-sswe--rgz-eooeussaeoeenz}eooo-a}e000--xjtu-eooougznm--ssumamaea-„134

157 451 1923 545 mmmmffiffimmmffiffiwmffimmmmmmmmmm&

328 572 1747 684 RERUwisCOTICARUM

223 787 318 877 Εἰ
465 784 508 876 ΙῘ
651 786 713 876 S
853 781 947 877 T*
1091 788 1183 879 C)
1325 789 1470 882 13,
1557 791 1600 882 I
1747 798 1840 885 ΛΑ

325 989 545 1042 Αυᾶὶοτε
599 988 974 1044 Geonoro
1033 992 1532 1047 BucHANANo
1584 996 1747 1052 Scoto.

395 1153 664 1202 LIBER
735 1152 1167 1228 DECIMUS.
1212 1155 1664 1219 QUINTUS.

296 1318 334 1366 E
352 1316 402 1365 G
419 1318 457 1366 E
489 1316 537 1365 in
561 1318 706 1366 aetatis
728 1319 838 1367 flore
863 1335 955 1366 non
975 1330 1065 1366 tam
1091 1319 1269 1376 morb0,
1293 1321 1432 1384 quarn
1450 1322 1658 1369 moeroris
1681 1322 1726 1370 vi
1749 1323 1923 1371 extinc-

159 1322 298 1479 R
327 1392 391 1437 to,
415 1382 701 1446 motibusque
723 1383 1002 1446 superiorum
1028 1396 1285 1446 temporum
1307 1385 1546 1448 inopinato
1579 1400 1747 1435 eventu
1769 1389 1928 1451 sopitis
1989 1437 1993 1444 ,

324 1448 493 1501 verius,
517 1446 657 1510 quam
679 1447 959 1510 compositis,
984 1461 1109 1496 tanta
1129 1450 1502 1511 prudentioribus
1520 1450 1760 1498 imminere
1784 1455 1917 1499 vide·

159 1510 294 1558 batur
316 1511 569 1574 tempestas,
592 1523 810 1575 quantam
832 1513 908 1560 vix
944 1513 1037 1559 ulla
1065 1513 1379 1576 proximorum
1401 1513 1667 1564 saeculorum
1699 1518 1921 1564 memoria

163 1586 241 1621 aut
264 1590 320 1621 ex
343 1574 590 1635 majoribus
612 1574 831 1631 audierat,
857 1588 934 1622 aut
957 1576 1049 1639 ipsa
1083 1577 1363 1624 meminiffet.
1438 1580 1508 1640 (ι)
1533 1580 1701 1643 Neque
1723 1582 1822 1628 Rex
1844 1586 1929 1627 do-

163 1638 230 1686 mi
253 1640 323 1700 (2)
351 1638 556 1701 suprema
576 1640 880 1696 ordinaverat,
902 1646 941 1686 &
964 1642 1163 1703 puellam
1186 1643 1345 1688 oftavo
1367 1655 1472 1689 ante
1504 1643 1600 1704 ejus
1624 1658 1815 1691 mortem
1851 1646 1930 1691 die

166 1714 318 1750 natam
341 1703 570 1750 haeredem
591 1702 853 1767 reliquerat.
933 1705 992 1750 Et
1025 1704 1276 1751 nobilitatis
1315 1706 1471 1761 duces,
1495 1705 1538 1752 in
1564 1708 1729 1769 quibus
1752 1708 1928 1770 aliquid

163 1766 444 1821 auctoritatis
466 1767 630 1823 fuerat,
653 1769 728 1815 vel
749 1767 827 1815 suo
851 1767 945 1815 fato
968 1768 1110 1816 sunni
1143 1771 1288 1823 erant,
1312 1770 1384 1816 vel
1415 1772 1536 1833 apud
1559 1771 1729 1818 hostem
1753 1774 1929 1827 exules,
2010 1795 2013 1800 2

162 1844 243 1880 aut
264 1830 434 1895 captivi
453 1833 781 1881 retinebantur.
814 1833 934 1887 Nec,
958 1837 974 1893 (
984 1835 1028 1895 3)
1056 1833 1234 1880 fuissent
1256 1834 1286 1880 fi
1311 1833 1455 1889 domi,
1476 1836 1550 1882 vel
1571 1837 1631 1882 ob
1650 1836 1756 1883 odia
1773 1835 1928 1899 priva-

167 1908 229 1951 ta,
254 1897 327 1943 vel
348 1895 409 1942 ob
431 1896 741 1945 diffenfionem
760 1897 817 1944 de
851 1897 1075 1961 religione
1097 1898 1204 1945 vivo
1234 1899 1365 1961 Rege
1399 1911 1524 1945 metu
1549 1902 1861 1963 compressam,
1886 1907 1927 1948 δε

165 1976 276 2008 mox
297 1960 462 2008 animis
481 1974 605 2008 metu
627 1961 781 2009 solutis
803 1975 1082 2024 erupturam,
1103 1963 1221 2009 inter
1238 1962 1278 2009 se
1301 1961 1788 2028 discordesssquicqua‘m
1803 1978 1932 2013 erant

162 2035 251 2089 'pro
273 2023 388 2071 sanis
420 2025 579 2072 asturi.
646 2026 911 2073 Accedebat
932 2029 990 2073 ad
1023 2027 1123 2072 haec
1145 2026 1318 2073 bellum
1339 2039 1578 2077 externum
1600 2029 1807 2076 adversus
1835 2031 1931 2076 Re-

165 2105 274 2153 gem
296 2088 648 2152 potentiffimum
675 2108 686 2136 :
712 2089 794 2154 qui
813 2091 1050 2154 quomodo
1067 2090 1347 2146 effetusurus
1369 2091 1577 2147 victoria,
1597 2093 1733 2140 multi
1751 2110 1833 2156 pro
1856 2094 1932 2141 sua

152 2152 383 2215 *cujusque
401 2153 493 2217 spe,
515 2166 592 2201 aut
613 2166 739 2201 metu
760 2153 885 2202 varie
907 2154 1190 2202 disserebant.
1258 2153 1353 2217 Qi
1378 2160 1448 2218 (4⁸1
1474 2155 1691 2203 secundus
1714 2172 1810 2203 erat
1833 2158 1930 2206 hae-

167 2234 255 2274 reS,
278 2231 328 2264 ut
350 2234 434 2264 nec
456 2218 514 2264 ad
546 2219 779 2287 privatarg
806 2219 947 2265 vitam
973 2219 1248 2283 degendam,
1282 2218 1526 2266 virtutibus
1563 2222 1762 2268 multum
1788 2223 1933 2285 vulgo

166 2281 422 2347 praestabat,
454 2281 519 2329 ita
540 2284 689 2346 neque
717 2282 906 2330 consilio
928 2283 986 2330 ad
1008 2299 1201 2348 regnum
1224 2283 1495 2345 gerendum,
1520 2300 1667 2347 neque
1693 2284 1930 2332 fortitudi-

167 2363 226 2395 ne
247 2358 342 2393 erat
359 2345 565 2411 infigniS.
601 2350 671 2412 (ς)
697 2346 957 2399 Cardinalis
977 2347 1024 2394 in
1044 2348 1241 2409 publicis
1261 2348 1393 2394 malis
1414 2347 1568 2394 locum
1602 2349 1828 2396 crescendi
1850 2350 1933 2397 fibi
2005 2388 2008 2391 .

166 2412 252 2460 effe
267 2423 403 2466 ratus,
418 2416 470 2458 'ut
488 2417 527 2458 δι
547 2411 881 2473 ordini(6)suo,
900 2417 939 2458 &
953 2412 1148 2459 Gallicae
1170 2412 1358 2460 fafitioni
1370 2412 1411 2458 se
1425 2413 1680 2468 ostentaret,
1693 2413 1866 2460 facinus
1880 2418 1933 2464 ὃς

168 2476 335 2530 audax,
358 2478 409 2524 δε
430 2474 674 2538 impudens
696 2478 757 2524 est
778 2475 1021 2540 aggressus.
1058 2476 1302 2523 Conducto
1324 2476 1447 2523 enim
1485 2476 1693 2524 Henrico
1726 2478 1932 2524 Balfurio

167 2538 706 2588 sacrificulomercenario
729 2540 887 2588 falsum
912 2540 1224 2588 testamentum
1249 2540 1371 2604 Regi
1399 2540 1589 2603 subjecit
1619 2558 1631 2588 ε
1663 2540 1710 2588 in
1732 2558 1825 2605 quo
1839 2542 1934 2605 ipse
1999 2561 2008 2570 ·

170 2605 231 2657 se,
254 2603 397 2650 tribus
416 2604 687 2652 affefforibus
710 2604 736 2652 ὲ
754 2604 1066 2668 potentissumis
1088 2621 1327 2668 procerum
1349 2605 1553 2667 adjeetis,
1571 2605 1619 2652 in
1643 2604 1818 2653 summo
1838 2623 1933 2653 ma·-

171 2668 360 2733 gistratu
393 2668 665 2716 collocabat.
733 2670 871 2732 Spem
906 2668 949 2716 ei
969 2668 1016 2716 id
1039 2669 1276 2716 confilium
1298 2667 1591 2721 successurum
1614 2669 1809 2718 faciebat
1838 2671 1934 2717 Co-

174 2731 301 2780 mitis
323 2731 506 2779 Araniae
525 2731 717 2781 minime
737 2733 992 2789 turbidum,
1016 2736 1065 2784 ὃς
1084 2732 1111 2778 ὲ
1128 2733 1342 2796 periculis
1363 2734 1419 2781 ad
1434 2734 1635 2796 quietem
1651 2750 1843 2797 pronum
1862 2734 1935 2781 in-

169 2795 379 2863 genium,
403 2800 444 2844 &
466 2797 646 2862 generis
667 2797 1004 2860 propinquitas·
1041 2820 1044 2825 ·
1070 2797 1318 2861 Eratenim
1340 2799 1412 2861 (7)
1436 2814 1494 2845 ex
1515 2799 1655 2846 amita
1676 2799 1935 2846 Cardinalis

225 2925 287 2979 (1)
315 2925 411 2965 MS.
431 2927 534 2965 Nam
553 2939 686 2977 neque.
741 2927 843 2964 Nam
864 2939 907 2965 or
922 2926 1027 2966 enim
1137 2929 1152 2979 (
1159 2927 1199 2977 7)
1224 2929 1352 2980 James
1370 2927 1446 2967 first
1461 2930 1535 2969 ear}
1566 2930 1611 2968 of
1635 2931 1760 2967 Ari-an
1777 2929 1936 2967 married
1979 2929 1987 2932 ”

173 2980 206 3021 is
224 2981 438 3030 commonly
456 2982 687 3018 understood.
1082 2980 1282 3020 Elizabeth
1298 2982 1442 3029 Eume,
1461 2982 1558 3021 fister
1570 2991 1611 3021 to
1627 2984 1840 3021 Alexander
1855 2983 1936 3020 lord

230 3033 296 3083 (2)
343 3035 405 3071 He
422 3033 495 3070 had
514 3042 580 3071 not
594 3035 701 3071 made
718 3031 779 3070 his
820 3034 1029 3072 testament.
1083 3035 1227 3081 Hume,
1247 3034 1314 3072 but
1341 3034 1400 3072 {he
1420 3036 1529 3085 being
1547 3036 1691 3082 barren,
1719 3035 1780 3082 his
1797 3034 1937 3073 friends

230 3089 294 3139 (3)
333 3086 394 3124 M.
416 3088 454 3124 S.
484 3088 524 3124 Si
541 3087 642 3124 domi
659 3085 823 3124 fuissent.
1087 3089 1173 3138 (lest
1201 3087 1266 3125 the
1296 3087 1382 3125 title
1412 3088 1457 3126 of
1481 3088 1565 3127 heir
1593 3096 1767 3139 apparent
1801 3095 1840 3126 to
1869 3088 1936 3126 the

233 3140 299 3190 (4)
326 3139 454 3193 James
471 3141 544 3178 earl
561 3139 607 3177 of
613 3141 754 3186 Arran,
773 3140 835 3178 son
852 3148 891 3178 to
903 3141 1038 3192 James
1085 3153 1210 3179 crown
1227 3140 1354 3179 should
1371 3140 1437 3179 fall
1456 3141 1554 3180 from
1571 3142 1637 3180 the
1653 3141 1870 3179 Haxfiiltons
1898 3150 1940 3179 to

179 3194 320 3250 spoken
336 3192 382 3230 of
395 3192 518 3231 before
533 3207 543 3231 ι
563 3193 612 3230 he
625 3206 700 3232 was
717 3207 738 3230 a
750 3206 838 3231 man
852 3193 897 3231 of
907 3207 928 3230 a
945 3193 1034 3231 sim·
1086 3194 1152 3232 the
1169 3195 1244 3232 earl
1264 3193 1309 3232 of
1320 3195 1476 3233 Lennox
1489 3194 1549 3233 his
1565 3195 1694 3233 fister's
1707 3194 1791 3245 son)
1808 3194 1949 3234 caused,

181 3249 242 3296 ple
279 3253 423 3292 nature,
456 3248 527 3284 and
559 3254 639 3290 too,
655 3246 769 3284 much
809 3247 868 3287 led
901 3246 947 3296 by
974 3246 1034 3284 his
1086 3246 1170 3284 him
1194 3257 1234 3285 to
1250 3246 1396 3285 divorce
1411 3246 1472 3285 his
1490 3248 1594 3295 wife,
1624 3250 1694 3286 and
1711 3247 1808 3298 keep
1824 3248 1948 3300 Janet.

181 3299 320 3337 friends
340 3313 350 3337 ι
380 3298 429 3337 he
443 3311 518 3337 was
532 3298 734 3338 thereafter
750 3302 857 3342 made
875 3300 975 3338 duke
992 3299 1038 3338 of
1086 3299 1229 3338 Beaton
1245 3301 1341 3338 fister
1358 3308 1398 3338 to
1424 3300 1490 3339 the
1507 3300 1598 3339 laird
1617 3301 1662 3339 of
1673 3300 1824 3348 ereich,
1847 3313 1937 3338 cou-

182 3351 568 3403 Chatelheraulnjib,
589 3353 650 3390 16.
671 3366 749 3404 cap.
773 3367 807 3404 3.
1087 3352 1140 3391 sin
1173 3362 1214 3392 to
1244 3353 1369 3403 bishop
1400 3354 1527 3406 James
1544 3354 1701 3401 Beaton‚
1734 3353 1868 3392 widow
1895 3351 1942 3390 of
1943 3371 1946 3374 ⁴

236 3405 300 3454 (5)
327 3402 447 3443 David
465 3405 727 3452 Beaton„now
743 3405 977 3456 Archbistrop
995 3405 1040 3444 of
1088 3406 1233 3444 Robert
1257 3406 1456 3444 Levinston
1472 3406 1518 3445 of
1545 3408 1630 3445 East
1648 3408 1815 3452 Weems,
1849 3403 1940 3442 who.

184 3456 240 3494 St.
277 3458 474 3505 Andrews,
508 3458 670 3497 cardinal
702 3461 772 3498 and
807 3458 1033 3498 chancellor.
1091 3459 1177 3497 bare
1195 3467 1235 3497 to
1265 3459 1348 3496 him
1376 3459 1453 3496 this
1482 3460 1608 3512 James
1636 3460 1712 3498 earl
1742 3458 1938 3501 ofArran,.
2018 3473 2025 3480 ·

183 3507 243 3549 see
261 3507 328 3546 the
341 3517 428 3547 note
444 3522 494 3547 on
511 3511 580 3548 lib.
600 3523 662 3561 14.
681 3525 761 3563 cap.
776 3524 843 3564 45.
1088 3524 1279 3561 governor,
1299 3513 1369 3549 and
1386 3511 1488 3553 duke
1497 3509 1847 3556 otehatelherault,
1861 3510 1933 3545 and

180 3559 445 3654 ιζίιςιῗὲεῒῖὃ.
469 3563 584 3604 Suoi.
612 3577 647 3604 e.
683 3565 935 3612 ecclesiastico,
969 3563 1036 3604 the
1087 3564 1412 3614 somedaughters.
1674 3567 1683 3580 ¹

1738 3706 1739 3711 ,
1810 3678 1955 3716 natus.—
