2106 3864
493 128 823 203 me
915 136 1424 224 QUARTUS.
1758 160 1841 221 95

69 244 164 289 tica
187 257 251 287 res
288 239 427 287 fuerit
457 238 765 301 tranquillior.
832 236 1002 298 Neque
1025 237 1146 283 enim
1171 248 1348 283 tantum
1371 233 1539 287 delicta
1560 234 1832 297 puni-ebant,

68 307 142 352 sed
164 306 304 367 Regis
327 300 886 350 avaritiamimmodicam
911 302 1086 363 populo
1110 301 1407 348 reddiderunt
1427 298 1680 357 innoxiam.
1739 301 1837 346 Rex

69 371 284 416 vicefimo
305 369 455 433 primo
478 366 760 430 magistratus
779 368 995 426 anno-(1)
1017 365 1294 415 familiarum
1312 363 1514 411 tumultu
1535 362 1706 410 occisus
1726 367 1802 411 est.

749 461 925 507 XXIX.
969 460 1011 504 R
1035 460 1072 504 E
1097 461 1153 505 X.

130 550 232 594 XL.
261 548 460 594 ATHI
477 548 519 594 R
537 548 577 593 C
593 547 638 592 O
660 544 755 605 ejus
780 545 899 591 filius
923 559 1027 588 cum
1054 540 1229 606 ingenii
1249 545 1412 606 majus,
1437 541 1685 607 quam'pr'o
1708 554 1839 589 aetate

65 611 293 672 specimen
317 612 463 667 daret,
488 614 589 658 Rex
612 618 803 656 creatur.
872 606 996 653 Nam
1034 607 1301 669 equitando,
1326 603 1593 669 jaculando,
1626 605 1837 666 militari-

68 676 238 738 busque
261 676 413 723 studiis
438 692 546 722 cum
579 673 827 737 aequalibus
851 671 1190 726 contendendo,
1216 687 1435 734 praeterea
1452 669 1767 725 beneficentia,
1794 678 1836 719 <Sc

66 740 351 787 humanitate
373 737 579 787 omnium
603 738 685 784 fibi
719 753 923 783 amorem
953 736 1291 795 conciliaverat.
1360 737 1536 783 Verum
1569 752 1672 783 cum
1705 750 1837 782 :etate

63 805 112 849 in
135 805 249 850 vitia
269 806 510 851 defie&ens
532 801 760 866 profunda
777 801 981 854 avaritia,
999 801 1250 855 iracundia,
1272 801 1469 856 luxuria,
1484 794 1665 855 inertia,
1685 801 1837 847 omni-

70 886 146 914 um
168 869 392 915 bonorum
416 869 558 914 studia
578 866 705 913 brevi
729 866 784 911 ab
807 865 847 911 se
870 865 1033 911 avertit
1059 884 1069 911 ε
1104 869 1152 913 &t
1175 882 1267 927 quo
1296 865 1511 925 juventus
1531 865 1716 929 flagitiis
1739 866 1834 926 ejus

65 931 211 996 magis
235 932 558 986 consentiebat,
583 947 640 978 eo
659 931 971 976 vehementius
995 946 1150 976 eorum
1174 944 1320 991 patres
1343 930 1640 976 offendebat.‘
1705 930 1835 976 Tan-

64 998 170 1043 dem
194 1015 276 1060 per
308 997 621 1044 Nathalocum
659 994 893 1041 hominem
930 994 1135 1057 apprime
1159 995 1379 1047 nobilem,
1421 993 1548 1053 cujus
1588 993 1702 1040 silia's
1735 1011 1760 1040 a
1793 995 1836 1040 se

64 1062 386 1124 constupratas,
427 1075 472 1107 et
511 1059 664 1122 flagris
689 1060 820 1114 caesas
857 1058 1107 1104 colluvioni
1144 1058 1373 1104 foedorum
1395 1057 1654 1113 hominum,
1695 1075 1834 1120 quam

64 1125 187 1171 circa
210 1129 251 1172 se
275 1126 485 1180 habebat,
510 1125 818 1187 prostituerat,
853 1123 1167 1182 conjuratione
1191 1121 1444 1168 nobilitatis
1475 1120 1591 1167 faeta
1613 1122 1770 1168 frustra
1792 1123 1834 1168 se

63 1190 111 1235 vi
135 1191 250 1237 tueri
271 1202 475 1245 conatus,
502 1206 527 1234 a
549 1189 635 1235 suis
658 1189 796 1234 etiam
815 1186 1018 1249 turpium
1049 1185 1331 1248 flagitiorum
1365 1184 1476 1231 odio
1504 1186 1700 1232 desertus
1738 1203 1835 1235 ma-

64 1271 176 1315 num
199 1256 279 1301 fibi
300 1253 472 1309 intulit,
498 1254 774 1299 duodecimo
802 1260 937 1315 quam
963 1266 1153 1313 regnare
1176 1261 1378 1312 coeperat
1399 1266 1536 1296 anno.
1603 1253 1732 1313 Rege
1755 1267 1834 1298 ex⁴

61 1320 207 1365 tini-{0
233 1320 301 1381 (z)
329 1319 483 1365 Dorus
504 1319 579 1364 vel
598 1318 706 1380 quia
726 1318 878 1371 frater,
901 1316 974 1362 vel
995 1315 1121 1376 quod
1140 1315 1354 1361 scelerum
1378 1312 1578 1360 minister
1599 1315 1642 1360 ei
1664 1316 1828 1370 fuiss'et,
1858 1323 1859 1326 ’

61 1391 270 1431 metuens
293 1399 518 1447 proceres,
543 1401 617 1437 ne,
646 1396 695 1429 ut
724 1381 773 1427 in
809 1379 982 1427 recenti
1005 1379 1181 1424 invidia.
1201 1391 1329 1425 erant
1351 1377 1506 1425 animo
1526 1378 1831 1435 inflammato,

59 1446 110 1493 in
133 1461 280 1497 totum
318 1465 461 1510 genus
500 1447 702 1511 Regium
736 1445 958 1499 saevirent,
985 1459 1090 1490 cum
1113 1443 1261 1506 parvis
1301 1443 1394 1503 ejus
1427 1442 1582 1489 liberis
1605 1443 1829 1499 Findoco,

60 1511 296 1570 Car'antio,
319 1520 358 1560 &
375 1512 593 1559 Donaldo
614 1512 811 1573 aufugit.
848 1510 1017 1572 Neque
1037 1510 1236 1554 multum
1254 1525 1357 1554 eum
1374 1508 1448 1554 sua
1467 1506 1633 1554 fefellit
1653 1506 1831 1571 opinio.

59 1576 346 1634 Nathalocus
366 1578 508 1631 enim,
529 1576 610 1634 qui
632 1574 849 1635 singulari
866 1587 961 1621 erat
975 1575 1160 1619 affectus
1175 1572 1344 1634 injuria
1361 1589 1451 1618 non
1470 1584 1710 1619 contentus
1729 1573 1832 1620 Do-

60 1640 100 1686 ri
123 1643 264 1688 exilio
297 1642 525 1688 submittit
544 1635 836 1703 {sercussoreffi
861 1640 941 1700 qui
963 1638 1109 1698 ipsum
1132 1653 1238 1683 cum
1259 1635 1414 1682 liberis
1438 1635 1585 1682 fratris
1606 1637 1833 1684 interfice-

53 1710 177 1770 rent.
219 1707 288 1753 Hi
309 1708 365 1751 ad
388 1707 535 1754 Pietas
559 1704 751 1766 profeffi
777 1707 899 1764 (nam
925 1719 1030 1748 eum
1054 1703 1206 1747 locum
1231 1700 1373 1746 exilio
1395 1699 1533 1763 Regii
1554 1700 1686 1762 pueri
1706 1701 1832 1748 dele-

61 1774 242 1832 gerant)
268 1770 550 1816 insidiatores
589 1767 771 1830 decepti
792 1768 1006 1821 staturaes
1027 1771 1066 1812 δε
1090 1765 1226 1812 faciei
1249 1765 1544 1812 similitudine
1580 1764 1721 1812 alium
1743 1783 1831 1829 pro

65 1835 196 1882 Doro
218 1836 335 1882 clam
361 1834 481 1882 nacti
502 1833 793 1880 obtruncant.

754 1925 906 1971 XXX.
959 1923 1060 1970 RE
1085 1924 1144 1970 X.
1192 1966 1196 1971 .

127 2003 252 2048 XLI.
286 2000 389 2046 NA
405 2001 514 2047 TH
531 2000 573 2046 A
589 2001 627 2046 L
642 2002 686 2046 O
705 1999 863 2053 CUS,
892 2012 1031 2060 quem
1055 1994 1253 2041 maxime
1277 1994 1360 2041 suis
1384 1993 1636 2041 rationibus
1667 1995 1830 2043 adver·

62 2068 157 2113 suar
182 2065 427 2119 metuebat,
449 2065 675 2126 sublatum
698 2078 837 2118 ratus,
861 2064 1035 2125 primus
1055 2059 1291 2106 ambitiose
1314 2076 1508 2123 regnum
1527 2060 1649 2122 apud
1671 2062 1832 2107 Scotos

61 2132 217 2193 petifl'e
238 2129 404 2176 dicitur
430 2148 440 2176 :
476 2145 528 2175 ac
555 2147 723 2193 magna
744 2125 998 2175 nobilitatis
1021 2138 1148 2188 parte
1172 2123 1369 2179 adversa,
1397 2125 1463 2170 >ab
1484 2125 1558 2179 iis,
1591 2140 1705 2187 quos
1728 2126 1836 2187 pol„

58 2194 409 2248 licitationibus,
435 2200 474 2240 δε
495 2194 625 2240 donis
657 2198 934 2252 corruperat,
961 2193 1062 2236 Rex
1083 2190 1226 2235 faetus
1249 2189 1309 2234 est
1335 2206 1345 2234 :
1402 2204 1486 2235 nec
1508 2189 1626 2235 male
1647 2199 1831 2251 ‘parturn

60 2260 302 2323 imperium
327 2252 489 2306 melius
519 2258 660 2322 geffit.
731 2258 941 2320 Suspecta
962 2254 1086 2301 enim
1117 2253 1375 2308 nobilitate,
1398 2270 1537 2315 quam
1559 2253 1606 2299 in
1631 2253 1833 2300 comitiis

60 2325 191 2391 regni
210 2324 291 2370 fibi
313 2323 542 2369 adversam
566 2323 714 2370 fuerat
734 2333 947 2384 expertus
970 2336 1055 2382 per.
1075 2317 1283 2365 homines
1306 2318 1529 2380 plebeios»,
1569 2334 1685 2380 quos
1706 2319 1834 2381 eges-

59 2403 143 2441 tas,
171 2396 210 2435 &⁷
234 2388 423 2434 audacia
444 2388 575 2435 facile
598 2389 655 2434 ad
677 2387 874 2451 quodvis
897 2385 1071 2431 facinus
1094 2382 1333 2446 impellere
1355 2394 1550 2445 poterat,
1573 2381 1731 2429 omnia
1751 2383 1832 2429 ad-

60 2453 354 2500 ministrabat.
423 2454 617 2499 Acceffit
639 2454 694 2499 ad
718 2454 797 2498 has
818 2449 1082 2513 suspitiones
1105 2447 1193 2494 alia
1215 2447 1412 2510 gravior,
1447 2447 1737 2509 deprehenfis
1776 2447 1835 2493 li-

58 2521 167 2566 teris
195 2519 252 2565 ad
274 2515 505 2580 principes
529 2517 799 2571 nobilitatis,
841 2515 865 2562 ὲ
888 2514 1052 2578 quibus
1074 2512 1361 2559 intellectum
1383 2512 1443 2558 est
1465 2512 1650 2569 Dorum
1673 2511 1834 2558 Athir-

58 2583 273 2645 conisque
288 2582 464 2629 *liberos
484 2581 653 2635 vivere,
694 2598 745 2627 ac
768 2581 816 2627 in
839 2578 969 2642 regni
993 2578 1117 2641 spem
1153 2578 1275 2639 apud
1293 2577 1445 2624 Pictos
1467 2576 1654 2622 educari
1680 2595 1690 2623 :
1742 2577 1832 2623 hoc

58 2647 200 2710 igitur
217 2646 471 2710 periculum
493 2660 542 2693 ut
556 2658 798 2700 averteret,
817 2662 931 2708 quos
948 2643 1147 2690 maxime
1165 2643 1386 2705 suspectos
1410 2639 1435 2688 ὲ
1453 2639 1733 2704 primoribus
1751 2641 1833 2687 ha-

45 2711 214 2766 bebat,
237 2712 296 2757 ad
317 2711 358 2757 se
380 2723 531 2766 vocat,
558 2725 776 2774 tanquam
806 2710 868 2757 de
889 2707 1146 2770 commodis
1165 2706 1362 2770 publicis
1384 2721 1493 2752 cum
1513 2705 1577 2753 eis
1602 2705 1833 2756 consultu-

50 2792 146 2825 rus.
217 2776 580 2839 Comprehensos
605 2775 833 2822 universos
862 2773 910 2820 in
933 2788 1160 2819 carcerem
1179 2770 1393 2833 conjecit,
1414 2786 1466 2816 ac
1487 2770 1701 2834 proxima
1723 2786 1834 2816 noc-

56 2853 102 2887 te
122 2841 462 2905 strangulandos
482 2839 676 2887 curavit.
743 2841 920 2887 Verum
943 2838 1071 2900 quod
1091 2836 1169 2882 suo
1188 2835 1345 2883 timori
1362 2836 1615 2899 speraverat
1637 2835 1834 2882 remedi-
1860 2865 1863 2868 -

45 2922 156 2974 ⁵um,
179 2905 229 2952 id
250 2906 376 2952 velut
398 2905 475 2952 fax
497 2904 824 2968 conjurationis
846 2903 952 2950 fuit.
1020 2903 1147 2949 Nam
1169 2901 1385 2948 caesorum
1408 2900 1546 2949 amici
1568 2915 1660 2947 non
1682 2899 1835 2945 minus

59 2969 144 3016 fibi
160 2981 431 3025 metuentes,
455 2983 595 3033 quam
616 2969 1004 3032 propinquorum,
1028 2971 1079 3017 ὃς
1101 2965 1446 3013 necessariorum
1469 2963 1730 3011 calamitate
1750 2963 1836 3009 do-

58 3035 222 3088 lentes,
249 3033 451 3097 undique
469 3035 517 3081 in
537 3050 644 3087 eum
666 3051 790 3081 arma
812 3042 1095 3096 comparant.
1166 3033 1379 3093 Qorurn
1401 3029 1643 3075 conatibus
1668 3040 1719 3074 ut
1751 3027 1836 3074 ob-

58 3098 181 3144 viarn
203 3099 307 3152 iret,
331 3099 440 3146 dum
457 3097 714 3145 exercitum
736 3099 880 3162 cogit,
906 3115 931 3143 a
964 3095 1165 3160 quodam
1190 3096 1371 3141 suorum
1393 3092 1687 3140 familiarium
1711 3092 1835 3138 occi-

58 3162 199 3216 ditur,
216 3175 372 3224 ‘prope
405 3163 681 3210 duodecimo
715 3164 847 3226 regni
879 3179 1014 3208 anno.
1085 3159 1329 3220 Adjiciunt
1350 3157 1427 3203 hic
1449 3156 1638 3220 quidam
1663 3158 1836 3204 rsostro-

57 3243 156 3274 rum
183 3227 386 3273 fabulam
410 3227 555 3290 magis
577 3227 802 3274 concinne
825 3228 974 3273 fictam
996 3241 1137 3288 quam
1155 3221 1450 3269 verisimilem
1472 3240 1484 3268 :
1532 3220 1666 3268 illum
1689 3220 1839 3284 ipsum

57 3306 82 3336 a
118 3308 211 3354 quo
233 3292 336 3337 Rex
357 3291 491 3338 caesus
516 3291 621 3346 fuit,
657 3292 716 3338 ad
737 3291 917 3338 divinos
942 3291 1139 3342 miss'um,
1167 3299 1219 3333 ut
1240 3287 1298 3334 de
1319 3286 1526 3351 victoria,
1547 3285 1605 3333 de
1627 3286 1723 3333 vita
1743 3287 1838 3333 Re-

56 3354 146 3418 gis,
172 3372 230 3402 ac·
257 3371 402 3419 regno
427 3357 524 3416 ejus
559 3368 921 3418 percuntaretur,
947 3352 1207 3416 responsum
1229 3368 1262 3396 a
1286 3351 1487 3413 quadam
1510 3367 1599 3397 anu
1622 3351 1840 3413 accepiffe

55 3421 237 3483 Regem
260 3437 352 3467 non
375 3417 455 3467 diu
479 3421 706 3468 viel-urum
720 3429 739 3467 ²:
766 3436 856 3467 nec
869 3419 1128 3484 periculum
1150 3415 1196 3462 ei
1212 3415 1271 3462 ab
1291 3416 1433 3472 hoste,
1458 3415 1533 3470 sed
1548 3432 1582 3462 'a
1601 3414 1841 3462 familiari⁶

108 3548 175 3601 (ι)
205 3550 311 3590 ΜΞ,-
332 3551 591 3593 familiarium.
1026 3547 1087 3600 (2)
1112 3548 1213 3586 ‘MS-
1243 3517 1400 3586 Door‘uS‘

1724 3647 1738 3710 ζ
1761 3633 1842 3714 ¹31²ss
