2035 3833
235 216 366 308 324
564 200 926 267 RERUM
1016 193 1700 266 S'corrcantrm

237 297 486 371 ignaviam,
511 311 658 358 neque
682 293 872 358 Reginae
906 293 1159 356 superbiam
1184 293 1356 340 diutius
1380 294 1630 342 ferendam.
1698 296 1865 360 Capita
1887 313 1997 346 con-

237 364 478 424 jurationis
501 375 624 406 erant
651 371 737 404 tres
778 363 822 420 (ι
808 361 849 417 1)
875 359 1115 413 Richardi,
1155 362 1321 421 nelnpe
1355 359 1446 405 dux
1471 359 1683 414 Eboraci,
1728 366 1765 406 δι
1791 362 1999 410 Comites

243 425 455 472 Sarisbur'.
464 444 515 476 ετ,
540 431 572 468 8(
602 423 806 469 Varvici.
873 422 1038 485 Legati
1060 422 1220 496 Angli,
1250 439 1352 468 curn
1378 424 1434 469 de
1451 424 1566 484 justa
1588 423 1696 470 belli
1719 424 1863 477 causa,
1887 440 1998 472 con

238 489 318 551 3υ·
321 489 480 534 ationis
503 486 686 549 opibu5‚
729 492 768 532 δι
807 486 866 531 sui
893 486 1069 558 Regis
1057 487 1242 559 ignavia
1275 488 1418 533 multa
1438 487 1746 559 disseruissent,
1777 487 1998 535 auxilium

243 550 452 600 adversus
475 565 763 596 communem
788 550 991 597 hostem
981 567 1026 595 m
1051 551 1173 597 bello
1192 550 1423 606 timidum,
1442 562 1492 598 m
1504 565 1615 613 pace
1637 550 1885 606 sordidum,
1921 552 2002 613 qui

244 618 306 663 di
313 603 487 661 cordias
506 614 771 660 domesticas
800 613 920 661 inter
941 616 1099 661 Scotos
1130 615 1318 670 aluisset,
1342 615 1496 663 exules
1517 630 1674 661 eorum
1691 615 1890 676 juvisset,
1920 632 2001 662 au-

243 680 404 728 xilium
427 691 604 740 petunt.
639 678 848 725 Victoria
868 692 1013 741 parta,
1037 694 1176 732 arce5‚
1202 685 1237 725 ἃ
1263 695 1394 752 agros
1417 677 1720 741 superioribus
1743 679 1874 726 bellis
1893 695 2003 741 cap·

242 755 314 790 tos
340 743 378 789 se
403 762 441 789 r
451 744 657 788 ddituros
676 743 966 805 pollicentur
997 743 1097 789 Rex
1120 744 1175 790 de
1197 741 1371 790 consilii
1394 742 1610 789 sententia
1631 742 1920 815 respondit,
1902 759 2002 804 Jam

242 824 311 881 pr·
303 807 421 854 dem
445 806 486 853 se
499 808 554 852 de
580 809 687 855 statu
710 823 859 853 rerum
880 806 1180 869 Anglicarum
1205 805 1405 854 audisse.
1437 823 1587 880 neque
1608 807 1748 879 partis
1775 807 2001 878 utrimque

234 890 311 934 Jus
331 870 446 918 fibi
432 885 675 934 lgnotum.
709 887 876 934 neque,
907 871 986 917 nisi
1020 887 1075 917 ex
1098 870 1327 934 utriusque
1361 870 1499 933 partis
1529 869 1764 926 sententia,
1803 870 1843 917 se
1863 870 2002 919 alieni

241 937 409 1009 regnis·
390 935 608 982 arbitrum
628 934 849 981 futurum.
919 936 1061 997 Qod
1079 949 1229 982 autern
1253 936 1307 981 ad
1333 935 1504 981 bellum
1524 935 1702 987 attinet,
1722 934 1803 982 sibi
1819 935 2002 995 33ιῃάἱιι

241 1018 290 1047 in
314 999 466 1046 animo
489 999 615 1046 fuisse
638 1013 896 1062 temporum
920 999 1197 1061 superiorum
1225 999 1376 1045 ulcisci
1413 998 1634 1061 injurias:
1685 999 1905 1063 regnique
1936 997 2003 1045 sui

168 1113 171 1116 ,
239 1064 342 1111 loca
364 1082 443 1127 per
475 1064 753 1111 occasionem
776 1063 1100 1110 discordiarum
1125 1063 1406 1135 intercaepta‚
1433 1080 1573 1136 quum
1593 1064 1694 1124 jure
1718 1079 1806 1108 non
1841 1063 1998 1126 posset,

241 1133 377 1175 arrris
402 1145 681 1191 recuperare.
750 1128 815 1174 Ea
839 1128 865 1173 si
891 1127 1084 1174 Eboraci
1108 1129 1219 1181 dux,
1258 1129 1430 1190 quique
1453 1128 1547 1188 ejus
1578 1129 1737 1173 seciam
1761 1126 2001 1189 sequeren-

241 1205 330 1240 tur
358 1193 584 1240 restituere
619 1191 938 1256 polliceantur,
978 1192 1018 1240 se
1041 1192 1248 1241 adversus
1287 1191 1542 1240 Henricum
1581 1192 1646 1238 eis
1673 1190 1845 1238 auxilio
1875 1191 2001 1239 futu-

236 1271 358 1305 Xum-

308 1321 531 1370 XLVIII.
566 1322 618 1368 In
643 1321 740 1368 haec
760 1337 863 1367 curn
884 1320 1031 1367 fuisset
1064 1333 1359 1375 conventum,
1384 1320 1525 1385 legati
1554 1320 1740 1367 domurn
1765 1332 2000 1367 revertun-

238 1401 329 1435 tur.
397 1388 497 1433 Rex
519 1386 664 1448 copiis
686 1386 850 1450 paratis
870 1401 972 1431 cum
995 1385 1041 1431 in
1066 1386 1282 1447 Angliam
1301 1373 1574 1449 ingressurus
1595 1386 1717 1438 esset,
1739 1385 1786 1431 sit
1808 1385 1848 1432 ei
1868 1384 2001 1432 obvi-

239 1469 312 1498 am
338 1451 517 1515 Anglus
549 1467 608 1495 nr.
618 1452 764 1511 poslor
791 1450 848 1496 ab
871 1450 1076 1496 chrico
1100 1449 1264 1496 missus.
1334 1451 1395 1504 Is,
1429 1451 1577 1512 utqui
1601 1449 1679 1496 diu
1709 1450 1868 1496 Roma:
1893 1446 2000 1495 fuis

240 1516 321 1571 set,
358 1516 671 1585 Italorumque
705 1530 870 1568 mores,
912 1518 950 1560 Sc
983 1513 1230 1559 sermonem
1255 1513 1493 1568 didicisset,
1534 1512 1659 1560 cultu
1686 1514 1831 1566 omni,
1855 1511 2001 1558 comi·

237 1591 428 1641 tatuque
460 1595 719 1640 peregrino,
750 1548 980 1639 literisque
1020 1578 1080 1622 Ρ(
1089 1575 1250 1623 ntificis
1287 1577 1508 1632 consiEtis,
1550 1576 1591 1623 se
1627 1576 1759 1624 facile
1797 1576 2000 1624 homini-

237 1643 323 1690 bus
347 1641 536 1689 minime
572 1642 749 1688 callidis
784 1656 866 1703 pro
889 1643 1041 1713 legato
1070 1643 1279 1687 Romano
1335 1642 1507 1688 robat:
1558 1647 1598 1686 δι
1621 1642 1714 1704 quo
1738 1640 1887 1688 minus
1911 1640 1997 1686 sus·

236 1710 368 1771 retfta
391 1707 511 1753 fraus
533 1705 655 1759 esset,
682 1705 931 1751 monachus
969 1722 1014 1750 in
1052 1718 1223 1766 partem
1255 1703 1296 1749 fa
1317 1706 1419 1751 ulae
1443 1704 1690 1757 assumitur,
1713 1705 1839 1765 eujus
1864 1706 2000 1750 simu·

234 1773 327 1818 lata
357 1771 587 1818 sanctitate
627 1771 735 1816 fides
770 1770 947 1816 facilius
987 1769 1222 1815 accederet
1260 1767 1532 1832 imposturis.
1618 1767 1685 1814 Hi
1722 1770 1778 1814 ad
1815 1770 1994 1831 Regem

235 1835 446 1898 perdnffi
479 1834 708 1881 Pontificis
742 1833 939 1906 Romani
975 1831 1160 1879 nornine
1190 1845 1361 1886 vetant,
1393 1849 1449 1879 ne
1484 1832 1671 1879 ulterius
1703 1834 2000 1896 progredere·

237 1911 344 1946 tur:
380 1899 498 1946 diras
522 1898 809 1953 comminati,
834 1897 879 1944 ni
915 1909 1106 1959 pareret.
1175 1897 1387 1944 Pontifex
1419 1896 1560 1952 enim,
1577 1898 1671 1958 quo
1710 1897 1999 1944 commodius

236 1979 483 2010 commune
538 1963 709 2010 bellum
754 1962 801 2010 in
840 1978 1130 2010 communem
1181 1961 1538 2008 Christianorum
1581 1961 1748 2008 hostem
1796 1973 1995 2024 geratur,

232 2045 319 2091 per
355 2040 494 2075 totam
532 2029 761 2089 Europam
792 2027 1049 2088 compositis
1094 2025 1297 2080 diffidiis,
1336 2025 1385 2072 in
1426 2027 1472 2073 id
1507 2042 1644 2072 unum
1685 2026 1920 2072 intendere
1950 2042 1998 2071 a·

236 2109 453 2139 nimum:
489 2090 738 2155 sequidem
764 2090 1025 2153 prztmissos,
1057 2091 1135 2154 qui
1159 2091 1256 2136 haec
1290 2102 1639 2152 praemonerent.
1709 2090 2001 2153 Ampliorem

232 2156 512 2219 legationem
538 2172 679 2218 prope
713 2154 834 2201 diem
860 2167 1127 2228 venturam,
1138 2172 1257 2218 quae
1279 2153 1520 2202 discordias
1557 2154 1813 2218 Anglorum
1838 2154 1999 2206 civiles

234 2221 403 2275 finirer,
429 2227 465 2268 δι
492 2220 639 2266 Scotis
662 2219 719 2265 de
740 2235 858 2266 acca
865 2232 952 2279 ptis
974 2219 1151 2280 injuriis
1175 2218 1373 2264 satisfieri
1395 2231 1584 2265 curaret.
1641 2220 1751 2265 Eam
1777 2218 1817 2266 se
1839 2219 2005 2266 crede-v

235 2301 286 2331 re
309 2286 395 2346 lep
400 2287 584 2331 tionem
610 2283 654 2330 in
680 2283 873 2330 Gallia
854 2300 946 2344 Jarn
969 2285 1069 2330 esle.
1137 2284 1253 2338 Rex,
1281 2294 1329 2329 ut
1351 2282 1431 2345 qui
1470 2283 1672 2330 fraudem
1698 2284 1871 2330 nullam
1894 2283 2000 2331 sub·

230 2351 316 2396 esse
335 2349 634 2411 suspicaretur
652 2347 872 2394 orationi:
891 2346 1081 2410 quique,
1094 2348 1227 2394 rebus
1246 2346 1395 2393 adhuc
1413 2346 1538 2393 dorni
1558 2362 1649 2394 non
1668 2347 1857 2394 omnino
1876 2360 2000 2395 trau·

231 2430 307 2475 que
302 2413 408 2466 llis,
403 2367 657 2459 phonestam
682 2427 840 2474 pacem
875 2411 1010 2457 etiarn
1031 2423 1234 2473 cuperet,
1270 2412 1421 2474 legato
1461 2410 1629 2473 paruit,
1664 2423 1803 2474 atque
1823 2410 1999 2458 exerci-

231 2490 329 2524 tum
354 2475 538 2526 dimisit.
604 2475 701 2523 Vix
729 2493 784 2523 eo
806 2475 983 2522 dimisso
1006 2475 1063 2521 ab
1085 2474 1247 2548 Anglis
1270 2474 1538 2548 quibusdam
1560 2475 1619 2521 de
1634 2474 1778 2548 legati
1796 2473 1999 2537 supposi-

232 2541 320 2586 titii
346 2541 502 2587 fraude
524 2539 802 2593 admonitus,
827 2539 991 2586 iterum
1015 2539 1169 2603 copias
1191 2537 1435 2586 contrahit.
1489 2540 1564 2587 Et
1569 2537 1679 2602 quia
1699 2553 1803 2585 cum
1823 2539 1998 2587 Ebora-

230 2605 351 2651 cenfi
371 2604 411 2651 se
432 2605 711 2677 conjungere
733 2621 821 2653 non
847 2616 1040 2666 poterat,
1063 2617 1111 2651 ut
1132 2604 1301 2666 Regias
1336 2601 1451 2650 vires
1470 2602 1625 2665 aliqua
1644 2619 1701 2649 ex
1721 2615 1848 2676 parte
1870 2602 1998 2652 disti-

230 2681 377 2721 neret,
397 2671 445 2718 &
466 2668 561 2714 suas
580 2668 718 2716 etiam
742 2667 1062 2714 ulcisceretur
1050 2667 1259 2730 injurias,
1280 2667 1568 2731 Rosburgum
1588 2668 1708 2714 rec'ta
1728 2666 1871 2714 ducit.
1892 2668 1998 2731 Op-

229 2733 392 2796 pidum
416 2732 567 2794 primo
588 2733 786 2779 adventu
817 2732 957 2794 capit,
998 2747 1050 2778 ac
1078 2732 1234 2778 diruit.
1302 2733 1470 2778 Arcem
1493 2731 1633 2803 longe
1661 2722 1998 2804 munitissimam

230 2794 343 2843 dum
367 2808 623 2868 oppugnat,
654 2794 805 2859 legati
826 2795 885 2843 ab
913 2795 1200 2848 Eboracenfi,
1235 2794 1451 2857 sociisque
1478 2795 1684 2848 veniunt,
1714 2794 1796 2858 qui
1819 2796 1997 2868 Regem

230 2859 361 2907 suum
394 2860 580 2915 vifilum,
618 2860 882 2921 bellumque
916 2859 1174 2906 confectum
1206 2858 1252 2905 in
1277 2861 1451 2934 Anglia
1472 2858 1725 2906 nunciant:
1757 2858 1925 2931 gratias
1947 2872 2008 2907 a-'

268 2937 350 2972 unt
370 2924 539 2971 Iacobo
561 2939 645 2987 pro
678 2923 774 2984 ejus
793 2922 1128 2978 benevolentia,
1152 2927 1191 2969 &
1215 2922 1397 2970 studio
1380 2941 1429 2972 m
1452 2922 1650 2986 ipsorum
1677 2921 1919 2996 dignitate,
1942 2926 1998 2975 ἃ

250 2989 371 3035 alute
393 2988 575 3039 tuenda,
623 2985 734 3049 Ejus
756 2986 963 3034 beneficii
985 2986 1026 3034 se
1044 3001 1267 3033 memores
1288 2986 1336 3034 in
1359 3000 1564 3050 ternpore
1584 2986 1682 3034 fore
1699 2984 1994 3060 promittunt.

230 3051 440 3104 Verum
427 3069 473 3098 m
481 3051 728 3124 praesentia
743 3067 903 3106 orare,
917 3062 965 3097 ut
986 3051 1044 3096 ab
1061 3049 1296 3105 obsidione
1313 3051 1428 3099 arcis
1444 3049 1648 3106 recedat,
1662 3048 1882 3113 omnique
1903 3050 2012 3098 alio·

228 3115 491 3167 maleficio
478 3133 527 3162 ιη
551 3115 732 3187 Anngs
762 3114 996 3168 abstineat,
1036 3130 1123 3161 neu
1146 3114 1264 3176 ipsos
1287 3131 1433 3162 rerum
1463 3129 1619 3161 earum
1641 3124 1819 3187 gravet
1818 3112 2014 3167 invidi}

230 3181 354 3242 apud
372 3180 613 3242 populum,
642 3178 725 3246 qui
746 3177 823 3224 vix
840 3178 1065 3237 contineri
1088 3178 1256 3240 potuit,
1280 3179 1393 3252 quin
1415 3177 1650 3226 confestim
1672 3178 1921 3226 exercitum
1942 3176 2011 3229 in

230 3245 390 3292 Scotos
411 3242 700 3296 decerneret
756 3242 833 3290 Ad
856 3259 910 3290 ea
943 3241 1135 3290 Iacobus
1163 3242 1410 3294 victoriam.
1422 3241 1693 3315 gratulatus,
1715 3255 1848 3304 rogat
1867 3243 1994 3306 lega-'

230 3319 320 3359 tos,
329 3306 508 3368 ecquid
531 3292 843 3361 Eboracensis,
869 3311 914 3356 δε
939 3304 1056 3352 socii
1068 3305 1126 3352 de
1147 3306 1365 3368 promissis
1382 3304 1661 3380 exolvendis
1671 3305 1948 3357 mandassent
1969 3305 1990 3350 ἓ

234 3341 355 3420 Cuin
379 3369 494 3416 nihil
515 3369 595 3418 fibi
617 3371 884 3419 mandatum
903 3369 1242 3444 respondislent‚
1264 3368 1417 3434 Ego,
1403 3369 1618 3432 inquit,
1628 3368 1719 3416 rius
1740 3382 1877 3432 quam
1889 3363 1990 3430 *pri-

230 3447 287 3482 or
306 3431 363 3478 ad
385 3446 457 3478 me
478 3433 650 3499 legatio
665 3433 867 3490 venisset,
886 3449 1035 3509 arcem
1053 3432 1216 3490 istam
1202 3450 1252 3481 m
1273 3449 1384 3500 agro
1406 3448 1510 3481 meo
1530 3448 1569 3479 ae
1622 3432 1799 3489 litatem
1816 3439 2018 3495 everte-

287 3556 351 3607 (ι)
367 3555 465 3595 Rich
472 3560 532 3594 ard
545 3559 788 3610 Plantagenet
799 3560 900 3599 dulce
911 3562 1087 3609 onork,
1141 3561 1251 3606 chard
1271 3562 1401 3603 Nevill
1417 3561 1478 3608 his
1489 3561 1567 3611 son,
1585 3561 1661 3601 επὶ
1677 3559 1731 3605 of
1733 3555 1928 3603 thwick
1943 3556 1990 3607 by

233 3609 401 3653 Richard
429 3609 527 3651 Nev'·
520 3611 560 3648 ·11
585 3613 658 3653 earl
678 3614 722 3651 of
735 3614 933 3665 Salissaury,
961 3615 1088 3657 Rich-
1137 3616 1333 3666 marriage.

1943 3725 2014 3769 gg.
