2055 3828
186 171 313 236 302
490 154 851 218 RERUM
942 149 1638 226 Soorrcanum

249 252 359 301 XV.
389 251 649 300 Secundum
685 249 803 294 hanc
824 247 1117 295 concordiam
1139 263 1389 298 conventus
1412 253 1619 300 omnium
1646 253 1856 304 ordinum
1882 258 1955 307 in-

184 315 333 366 distus
353 319 414 364 est
436 316 789 376 Edimburgum.
855 313 926 359 Εὸ
955 329 1044 360 non
1077 314 1211 376 pauci
1236 318 1307 375 (ut
1337 315 1447 362 alias
1472 318 1566 363 fieri
1588 318 1718 377 solet)
1747 319 1821 366 sed
1843 334 1954 371 totae

184 398 331 447 prope
354 381 437 428 suis
453 375 629 427 sedibus
647 376 808 423 excitae
828 377 1038 440 regiones
1053 379 1347 441 conquestum
1368 381 1424 427 de
1446 380 1621 443 injuriis
1635 383 1926 432 confluebant
1940 407 1954 435 ε

184 447 283 508 ejus
307 446 450 492 turbae
475 439 860 488 tanim-{secabilis
885 452 980 488 erat
1003 440 1159 496 facieS,
1189 456 1238 490 ut
1269 460 1358 490 non
1383 445 1471 492 fine
1494 447 1670 510 ingenti
1701 460 1826 493 motu
1858 450 1956 497 ani·
1996 443 1999 447 “

185 526 366 558 morum
389 505 740 566 conspiceretur,
755 519 859 552 cum
885 522 967 569 pro
986 505 1026 552 se
1049 506 1254 570 quisque,
1276 521 1425 569 patres
1446 509 1618 565 liberiS,
1639 510 1771 557 liberi
1792 528 1963 574 patena

184 574 326 625 tibus,
358 571 513 616 viduae
540 569 730 622 maritis,
763 586 921 617 omnes
944 571 1157 616 omnibus
1190 571 1383 620 fortunis
1408 573 1434 618 ὲ
1455 574 1706 622 latronibus
1729 575 1768 621 se
1793 577 1957 638 spolia-

186 651 257 685 tos
287 646 598 698 quererentur.
668 633 869 688 Deinde,
898 650 944 682 ut
969 636 1035 688 fit,
1061 651 1115 681 ex
1138 636 1530 685 commiseratione
1556 639 1730 686 invidia
1751 640 1961 689 adversus

183 701 412 749 latronum
431 699 569 745 duces
591 710 708 752 orta,
729 714 925 761 quorum
948 700 1083 746 essent
1103 713 1194 745 tam
1214 700 1384 748 nefaria
1404 701 1584 757 scelera,
1607 715 1655 750 ut
1673 705 1854 752 tolerari
1878 723 1959 754 ne-

184 766 385 830 quirent,
410 777 500 810 tam
524 762 614 810 late
633 762 726 808 fusa
746 763 899 817 factio,
925 777 974 810 ut
996 780 1130 810 nemo
1155 765 1331 826 prorsus
1354 765 1512 822 vitam,
1533 765 1821 831 fortunasque
1842 770 1961 818 tueri.

184 831 346 893 posset,
363 829 442 891 qui
468 844 558 875 non
580 843 739 873 eorum
771 828 956 874 fastioni
979 827 1020 874 se
1042 828 1291 882 addiceret,
1328 841 1464 877 tantae
1490 848 1518 877 o
1554 848 1619 886 es,
1650 845 1696 877 ut
1720 831 1765 877 in
1793 834 1959 897 magis-

184 905 386 940 tratuum
417 891 684 938 au&oritate
713 909 874 954 parum
898 891 1092 955 praesidii
1122 892 1450 942 infirmioribus
1479 849 1687 942 adversus
1717 896 1809 942 vim
1835 899 1958 947 esset.

183 956 566 1006 Prudentioribus
585 958 689 1002 cum
712 956 759 1003 vi
780 956 1131 1019 insuperabilem
1149 958 1233 1004 effe
1255 973 1412 1006 eorum
1432 959 1684 1022 potentiam
1705 975 1965 1024 appareret,

182 1022 330 1069 visum
353 1023 413 1068 est
435 1035 529 1068 arte
552 1018 772 1083 paulatim
799 1021 1091 1084 carpendam.
1160 1021 1393 1069 Comitem
1424 1023 1687 1086 Duglassiae,
1723 1028 1801 1072 etsi
1823 1041 1964 1089 caput

183 1088 270 1134 effe
295 1085 402 1133 mali
424 1101 582 1132 omnes
603 1084 944 1149 intelligebant,
971 1086 1205 1132 nominare
1228 1099 1378 1133 tamen
1402 1088 1553 1150 palam
1589 1105 1725 1135 nemo
1747 1106 1850 1136 eum
1877 1108 1958 1137 au-

183 1151 338 1198 debat.
406 1149 557 1216 Igitur
574 1149 743 1196 Prorex
761 1149 870 1197 odio
892 1150 937 1196 in
961 1162 1142 1213 tempus
1174 1150 1464 1206 dissimulato,
1487 1151 1724 1217 persuadet
1748 1155 1958 1203 universo

183 1214 452 1270 conventui,
478 1214 761 1278 Duglaffium
776 1231 881 1261 eum
904 1217 987 1261 ess'e
1011 1214 1175 1269 virum,
1201 1232 1338 1279 quem
1362 1217 1559 1278 placare,
1583 1215 1722 1279 quam
1749 1218 1958 1280 suspitio·

185 1281 321 1327 nibus
345 1278 510 1326 irritari
533 1277 677 1350 magis
704 1279 727 1326 ὲ
747 1295 793 1325 re
815 1279 919 1326 effet
946 1298 956 1325 :
989 1279 1164 1342 quippe
1185 1280 1258 1325 cui
1282 1293 1414 1327 tantae
1437 1297 1546 1345 opes
1580 1281 1736 1336 effent,
1773 1296 1821 1329 ut
1845 1283 1881 1329 is
1907 1301 1958 1331 u-

186 1360 291 1399 nus,
317 1343 345 1389 sl
366 1343 413 1389 in
437 1343 658 1389 sententia
680 1343 907 1406 perstaret,
933 1344 1113 1389 decreta
1136 1345 1349 1390 ordinum
1374 1344 1596 1408 impedire
1625 1364 1635 1391 ε
1675 1347 1736 1392 sin
1761 1347 1961 1410 optima·

188 1409 312 1457 tibus
347 1407 388 1453 se
411 1408 678 1470 conjungat,
703 1407 833 1454 malis
857 1407 1150 1469 praesentibus
1191 1408 1364 1454 mederi
1386 1421 1539 1471 queat.
1608 1410 1683 1457 Fit
1705 1411 1963 1469 decretum,

185 1485 240 1520 ut
259 1472 493 1519 communi
516 1470 703 1518 nomine
725 1470 870 1518 literae
893 1472 950 1519 ad
971 1488 1075 1518 eum
1100 1472 1361 1518 honorificoe
1400 1472 1655 1528 mittantur,
1674 1490 1777 1535 quae
1800 1477 1959 1523 admo-

185 1550 342 1591 neant,
366 1550 414 1583 ut
436 1551 611 1582 memor
632 1535 739 1590 loci,
780 1553 917 1597 quem
949 1548 1139 1591 teneret,
1178 1551 1353 1582 memor
1376 1537 1618 1598 majorum,
1639 1554 1834 1599 quorum
1857 1541 1959 1602 plu·

186 1602 320 1654 rima,
357 1606 396 1646 δι
428 1598 629 1645 maxime
659 1597 847 1645 illustria
869 1599 913 1645 in
937 1616 1031 1646 rem
1057 1600 1283 1647 Scoti'cam
1305 1613 1512 1647 extarent
1530 1602 1749 1649 beneficia
1772 1605 1828 1650 ad
1851 1620 1965 1651 con-

184 1679 373 1712 ventum
394 1662 650 1726 publicum,
671 1664 752 1725 qui
771 1664 1014 1711 commode
1029 1663 1195 1727 absque
1213 1681 1285 1718 eo,
1311 1663 1558 1728 amicisque
1576 1664 1670 1724 ejus
1691 1666 1845 1712 haberi
1867 1684 1960 1715 non

186 1730 350 1794 posset,
368 1728 558 1775 veniret.
629 1727 674 1774 Si
695 1744 787 1790 qua
808 1728 864 1774 ‹le
883 1745 929 1773 re
952 1727 1083 1790 queri
1104 1728 1258 1783 vellet,
1283 1727 1366 1774 sese
1386 1729 1446 1784 ei,
1469 1730 1621 1792 quoad
1660 1728 1817 1778 liceret
1839 1731 1963 1780 satis-

187 1795 386 1843 faCturos
412 1812 423 1839 ι
462 1792 491 1838 s1
515 1791 626 1866 quid
667 1793 788 1839 secus
808 1793 865 1838 ab
889 1809 961 1846 co,
986 1792 1233 1855 amicisque
1257 1793 1352 1853 ejus
1375 1792 1659 1841 commissum
1684 1795 1751 1849 sit,
1777 1785 1964 1844 nobili(-

186 1860 328 1913 fimae,
367 1855 635 1921 optimeque
658 1857 715 1904 de
752 1856 900 1920 patria
940 1856 1113 1919 semper
1151 1857 1324 1904 merita:
1362 1857 1510 1920 gentis
1534 1874 1778 1911 memores,
1818 1861 1964 1910 multa

187 1922 490 1984 temporibus,
512 1920 656 1966 multa
680 1920 817 1973 aetati,
843 1922 988 1969 multa
1009 1921 1107 1984 ipsi,
1133 1920 1411 1985 summaeque
1453 1923 1510 1969 de
1537 1939 1591 1969 eo
1614 1936 1847 1987 conceptae
1869 1924 1963 1987 spei

186 1986 457 2036 remissuros.
482 1983 674 2031 Veniret
690 1985 907 2047 itaque,&
926 2003 1063 2048 quam
1086 1986 1224 2032 vellet
1235 1986 1433 2050 publica:
1451 1986 1845 2035 administrationis
1861 2005 1965 2050 par-

185 2063 280 2103 tem
303 2051 544 2114 capesseret
569 2067 578 2094 :
603 2065 793 2113 remque
815 2051 1040 2096 Scoticam
1060 2051 1173 2110 stepe
1196 2064 1327 2098 antea
1349 2050 1374 2096 ὲ
1398 2050 1580 2098 summis
1595 2051 1807 2114 periculis
1829 2052 1968 2116 Dug-

185 2116 407 2164 laffiorum
433 2114 568 2160 armis
590 2127 811 2177 ereptam,
852 2129 973 2162 nunc
1010 2114 1227 2161 intestinis
1270 2115 1402 2162 malis
1426 2115 1709 2164 laborantem
1738 2117 1813 2164 sua
1847 2135 1964 2181 prae·

186 2181 330 2230 sentia
345 2180 556 2244 erigeret,
582 2186 621 2226 δε
642 2179 944 2226 confirmaret.

253 2246 387 2293 XVI.
423 2244 508 2290 His
532 2245 635 2290 cum
656 2243 911 2290 adolescens
935 2249 975 2291 δι
1000 2255 1175 2299 natura,
1211 2245 1262 2294 δε
1284 2254 1414 2290 aetate
1436 2243 1597 2308 gloriae
1617 2244 1815 2310 cupidus
1833 2259 1962 2295 com·

188 2322 468 2364 moveretur,
491 2308 764 2355 accesserunt
796 2307 1048 2355 amicorum
1091 2308 1448 2364 adhortationes,
1472 2325 1586 2371 quos
1629 2309 1704 2356 sua
1746 2326 1964 2374 querique

188 2375 287 2439 spes
309 2384 640 2426 occoecaverat,
663 2383 713 2419 ut
734 2373 805 2433 (1)
846 2372 1038 2419 adversis
1062 2371 1090 2418 εὶ
1111 2370 1333 2419 memoria
1354 2372 1661 2435 periculorum
1685 2373 1865 2428 animis,
1904 2375 1966 2423 de

188 2439 380 2504 privatis
403 2437 544 2486 modo
569 2433 844 2484 utilitatibus
862 2436 1135 2500 cogitarent.
1203 2437 1518 2485 Cancellarius
1557 2437 1634 2484 ubi
1657 2453 1761 2484 eum
1784 2437 1966 2486 rescivit

187 2503 452 2556 adventare,
492 2501 680 2549 obviam
723 2500 781 2547 ad
815 2501 960 2548 multa
997 2500 1143 2548 millia
1162 2499 1366 2564 passuum
1388 2501 1430 2548 ei
1451 2503 1512 2548 est
1548 2501 1808 2563 profeflus:
1840 2505 1890 2552 δε
1912 2502 1964 2552 in

190 2583 343 2614 arcem
364 2566 486 2612 suam
509 2565 596 2611 viae
620 2564 925 2628 propinquam
952 2564 1295 2626 (Crichtonium
1318 2567 1506 2625 vocant)
1538 2564 1686 2615 amice
1706 2565 1886 2620 invitat,
1911 2569 1964 2618 δε

187 2629 436 2695 magnifice
458 2628 646 2693 excipit.
714 2628 788 2675 Ibi
806 2646 885 2692 per
903 2629 1097 2677 biduum
1128 2628 1323 2680 comiter
1342 2629 1500 2676 habito
1522 2631 1625 2677 cum
1661 2629 1860 2693 plurima
1891 2631 1964 2678 os·
2011 2647 2015 2654 ¹

187 2694 398 2748 tendiss‘et
434 2694 572 2741 amici
593 2691 736 2739 animi
773 2692 962 2746 indicia,
996 2706 1045 2739 ut
1080 2693 1412 2741 adolescentem
1437 2694 1748 2757 improvidum
1784 2693 1969 2746 facilius
2054 2741 2055 2750 ,

188 2758 562 2813 circumveniret,
585 2755 865 2820 omn-„imque
897 2757 1103 2804 alienatae
1126 2756 1292 2805 mentis
1313 2758 1516 2807 aboleret
1537 2757 1845 2822 suspitionem,
1865 2775 1976 2809 coe-¹
2023 2754 2055 2821 ,ῐῖ

225 2824 261 2872 it
283 2821 570 2870 familiariter
590 2821 792 2876 suadere,
818 2833 868 2868 ut
890 2837 1064 2868 memor
1084 2819 1324 2886 dignitatis
1346 2821 1526 2885 Regiae,
1548 2838 1603 2870 ac
1620 2821 1688 2869 sui
1706 2823 1873 2888 pariter
1890 2824 1968 2872 of·
2035 2836 2043 2882 ᾖ

222 2887 300 2944 cii,
323 2902 464 2951 quem
486 2884 697 2933 nascendi
720 2886 791 2946 (z)
814 2886 925 2940 fors,
949 2891 988 2932 δι
1014 2885 1176 2949 patriae
1213 2885 1359 2951 leges,
1380 2885 1688 2950 ordinumque
1726 2886 1978 2936 consensus·
2031 2911 2043 2938 κ

189 2953 250 3002 ad
273 2967 423 2999 rerum
445 2950 759 3015 gubernacula
774 2948 1090 3004 admovissent,
1113 2965 1218 2996 eum
1240 2949 1335 3012 ipse
1351 2965 1436 3014 pro
1466 2949 1658 2998 domino
1673 2951 1879 3007 haberet,
1918 2957 1963 3000 δε
2022 2955 2055 3005 ’ῥ’

190 3015 468 3082 agnosceret.
503 3012 839 3062 Patrimonium
861 3014 1000 3077 longe
1019 3012 1339 3077 amplissimum
1363 3013 1548 3069 virtute,
1570 3019 1609 3062 δι
1632 3014 1705 3063 san
1745 3015 1850 3064 uine
1865 3032 1964 3063 ma»
2016 3028 2036 3067 -'.·

182 3080 338 3143 jorum
377 3090 558 3143 partum
575 3078 634 3125 ad
665 3076 862 3143 posteros
897 3078 979 3133 ita,
1020 3077 1087 3124 uti
1109 3077 1319 3143 accaepit,
1341 3077 1694 3129 transmitteret:
1782 3078 1964 3147 uglaffi-
2020 3073 2042 3145 ‘j

191 3144 338 3209 aeque
353 3142 506 3208 gentis
525 3157 702 3190 nomen
714 3157 807 3189 non
826 3140 978 3191 minus
999 3141 1105 3198 fide,
1125 3141 1266 3206 quam
1289 3141 1419 3191 saetis
1439 3140 1626 3197 illustre,
1650 3158 1743 3194 non
1765 3143 1906 3194 modo
1933 3136 1975 3196 ὶ
2012 3167 2019 3174 ’
2043 3144 2045 3146 ’

191 3209 317 3255 foeda
336 3197 612 3280 proditionis
648 3207 848 3264 macula,
867 3204 942 3256 sed
974 3206 1032 3254 ab
1054 3207 1184 3254 omni
1219 3205 1476 3271 suspitionis
1496 3218 1607 3256 nota
1620 3205 1870 3256 liberaret:
1902 3207 1967 3259 ab

190 3270 371 3332 injuriis
392 3270 603 3320 adversus
623 3269 858 3319 imbellem
875 3271 1065 3346 plebem
1086 3270 1147 3327 se,
1181 3268 1286 3321 suos
1313 3287 1368 3320 ue
1388 3269 1676 3322 contineret:
1709 3270 1977 3337 segregaret·
2027 3275 2041 3298 ’-

192 3332 220 3381 Ξ
243 3333 285 3380 se
300 3333 497 3381 latrones
518 3351 531 3383 ε
562 3334 611 3383 in
627 3335 854 3398 posterum
873 3348 940 3385 ita
958 3334 1143 3384 ‘ustieiae
1161 3347 1269 3384 tuen
1306 3350 1344 3385 ε
1364 3333 1407 3385 se
1428 3333 1584 3390 daret„
1597 3346 1647 3383 ut
1668 3334 1701 3382 fi
1720 3335 1834 3409 quid
1854 3330 1962 3387 aa&

189 3397 463 3469 offenderit,
478 3413 571 3446 non
589 3397 707 3449 vitio
734 3411 928 3462 naturae,
967 3400 1027 3455 ed
1059 3397 1382 3467 improborum
1414 3397 1605 3447 confilio
1620 3397 1762 3449 tribm
1779 3399 1921 3468 postet
1941 3412 1971 3448 εν
2034 3429 2040 3437 .

246 3523 312 3578 (ι)
337 3524 487 3568 avaras
519 3526 619 3569 ms.
650 3526 707 3569 ita
725 3528 830 3574 cen.
1156 3527 1226 3583 ῃ)
1253 3526 1683 3573 Αιῑῑεοιωωι.ῐοη.
