2106 3838
212 147 333 194 110
509 128 870 202 RERUM
960 128 1656 206 SCOTICARUM

200 227 413 277 venando
431 226 577 277 vitam
607 227 791 291 inopem
817 227 1027 283 tolerare,
1049 239 1128 274 aut
1153 229 1458 280 latrocinandi
1489 234 1723 283 licentiam
1757 240 1816 287 ab
1849 243 1976 291 hoste

203 292 440 342 adversum
461 292 560 340 suos
582 303 844 340 convertere
867 309 877 337 :
912 292 1027 339 adeo
1048 305 1097 338 ut
1115 292 1139 339 ὲ
1161 309 1273 355 pace
1300 309 1489 346 externa
1510 301 1655 363 prope
1679 302 1976 356 domesticum

204 358 379 405 bellum
409 358 677 405 nasceretur.
747 356 849 402 Nec
884 357 955 416 (1)
989 355 1072 402 soli
1101 369 1362 408 exterorum
1384 365 1596 427 perpetui
1626 366 1890 422 hostespetfi
1915 375 1975 419 ab

200 435 363 487 aperto
395 422 518 470 bello
540 420 872 483 temperabant,
905 420 1097 468 subinde
1131 415 1342 484 proxima
1371 430 1749 490 populabantur:
1786 433 1858 480 sed
1883 437 1972 483 Hi-

200 487 449 535 bermetum
467 502 627 535 manus
649 484 723 548 spe
745 483 861 530 lucri
884 483 1076 532 invitata
1092 485 1333 534 maritimis
1353 488 1684 550 incursionibus
1709 496 1910 554 miseros,
1932 507 1975 548 8(

199 554 416 605 extremis
437 553 567 602 malis
591 549 779 597 obsefl'os
801 549 1045 597 vexabant.
1114 551 1306 598 Accessit
1327 554 1536 602 omnium
1559 559 1872 609 calamitatum
1894 580 1977 611 ex—

200 633 399 668 tremum
422 619 562 665 fames
588 632 599 660 :
632 627 737 677 quae
759 614 876 662 adeo
897 613 1070 662 feroces
1092 614 1273 678 spiritus
1296 615 1453 681 fregit,
1475 633 1524 666 ut
1545 622 1731 683 plurimi
1751 626 1837 674 sese
1859 627 1977 676 hosti

200 686 360 750 sponte
379 683 612 730 dederent.
679 678 897 727 Tandem
918 679 1168 744 pauci,qui
1182 679 1234 727 in
1256 680 1486 745 speluncis
1508 685 1727 742 latebant,
1746 692 1977 740 neceffita-

198 763 246 797 te
282 748 426 796 coaffl
457 746 734 809 prodeuntes
761 759 900 808 vagas
936 746 1246 807 praedatorum
1277 761 1439 795 manus
1468 748 1781 810 disjecerunt:
1814 757 1865 804 δε
1886 758 1980 804 Hi-

199 815 362 861 bernos
397 812 455 858 ad
478 826 602 858 mare
624 809 883 872 compulsos
914 809 1056 856 Albio
1077 809 1307 857 discedere
1329 827 1594 877 coegerunt.
1664 818 1732 862 Ea
1754 819 1872 879 peste
1893 820 1973 868 vix

198 879 356 925 abafila
380 876 567 941 propius
606 876 779 921 malum
813 873 998 937 gravius
1024 889 1185 937 urgere
1205 874 1365 937 coepit.
1433 880 1576 934 Scoti,
1603 883 1649 929 &
1672 881 1786 929 Piffl
1809 899 1977 948 perpe-

198 941 268 989 tui
290 942 434 988 hostes
456 956 548 989 non
571 940 778 987 contenti
799 938 975 1002 praedas
996 938 1116 984 clam
1145 937 1373 986 abducere
1393 941 1438 987 in
1463 943 1745 993 occasionem
1780 948 1846 994 rei
1879 966 1979 996 ma-

190 1007 307 1070 j0ris
329 1005 534 1054 animum
555 1004 863 1053 intenderant.
923 991 1166 1066 'Eugenius
1190 1002 1316 1050 enim
1336 1005 1537 1068 Fergufii
1561 1007 1697 1063 filius,
1721 1011 1801 1072 qui
1825 1011 1905 1060 sub
1928 1031 1976 1061 a-

196 1071 322 1120 liena
352 1072 496 1119 tutela
517 1071 574 1117 ad
604 1069 655 1117 id
691 1079 871 1132 tempus
888 1065 1145 1130 quieverat.
1164 1066 1261 1128 jam
1289 1068 1459 1117 adultis
1483 1071 1625 1135 longa
1644 1089 1758 1135 pace
1780 1075 1973 1132 viribus,

198 1152 251 1184 ac
274 1136 419 1184 multa
439 1135 595 1183 sobole
626 1131 884 1197 juventutis
914 1135 1089 1187 auitus,
1126 1132 1354 1196 specimen
1376 1132 1443 1182 sui
1464 1136 1696 1185 ostendere
1721 1139 1935 1203 cupiebat
1961 1161 1972 1188 :

199 1208 239 1249 δι
262 1214 427 1264 praeter
441 1199 702 1249 Brittonum
721 1197 1036 1246 infirmitatem
1056 1197 1295 1245 accesserat
1315 1198 1495 1262 privata
1518 1200 1628 1247 belli
1651 1203 1796 1251 causa.

262 1268 322 1312 X.
357 1267 573 1313 Graemus
607 1280 717 1312 avus
748 1264 846 1326 ejus
869 1274 1100 1310 maternus
1119 1261 1244 1310 claro
1265 1279 1433 1328 genere
1459 1265 1582 1330 apud
1615 1264 1732 1322 suos,
1760 1269 1823 1315 uti
1856 1270 1977 1318 dixi·

196 1347 316 1385 mus,
335 1343 460 1377 ortus
480 1342 578 1377 erat
610 1348 620 1376 :
670 1328 744 1375 sed
763 1343 824 1375 ex
844 1343 899 1374 ea
919 1326 1131 1382 faftione,
1154 1344 1260 1390 quae
1295 1329 1488 1392 patriam
1507 1330 1685 1393 eripere
1708 1333 1924 1395 cupiebat
1946 1336 1974 1383 ὲ

195 1394 408 1443 servitute
430 1397 762 1442 Romanorum.
830 1393 945 1440 Eam
966 1393 1028 1439 ob
1061 1392 1239 1439 causam
1261 1393 1321 1439 ab
1352 1394 1496 1441 altera
1530 1394 1728 1445 factione
1750 1397 1974 1447 validiore

196 1460 338 1506 domo
357 1459 509 1523 pulsus
532 1460 591 1506 ad
613 1461 791 1512 Scotos,
814 1455 1085 1520 quibuscum
1107 1456 1282 1504 avitum
1304 1457 1348 1504 ei
1370 1458 1640 1522 hospitium,
1665 1477 1717 1508 ac
1742 1465 1900 1510 multae
1922 1480 1971 1511 a.

193 1524 271 1572 liae
294 1523 637 1571 necessitudines
659 1534 805 1575 erant,
830 1520 871 1567 se
894 1521 1108 1568 contulit.
1175 1523 1242 1569 Eo
1265 1522 1483 1570 defuneto
1514 1525 1748 1589 Eugenius
1770 1543 1903 1591 agros
1927 1545 1974 1574 a—

193 1588 332 1644 vitos,
351 1592 403 1640 Bt
423 1587 689 1641 fruRuosOS,
713 1586 794 1649 qui
816 1585 935 1632 intra
957 1585 1149 1633 Adriani
1172 1588 1343 1634 vallum
1366 1601 1511 1642 erant,
1537 1605 1618 1652 per
1642 1590 1820 1654 legatos
1844 1610 1974 1655 repe-

194 1653 321 1701 tebat
342 1670 353 1699 z
395 1669 448 1699 ac
466 1669 559 1700 non
579 1651 771 1699 obscure
792 1666 887 1713 prae
910 1649 952 1696 se
975 1648 1165 1699 serebat.
1191 1651 1237 1696 ni
1260 1652 1575 1708 redderentur,
1599 1655 1773 1701 bellum
1806 1656 1846 1702 se
1869 1657 1973 1704 illa-

193 1732 381 1766 turum..
433 1717 557 1765 Cum
579 1715 719 1779 legati
741 1715 956 1762 mandata
988 1714 1035 1761 in
1057 1715 1247 1762 consilio
1278 1715 1536 1763 Brittonum
1559 1720 1876 1782 exposuissent,
1898 1721 1973 1769 in·

193 1796 264 1833 ter
295 1781 416 1846 ipsos
451 1794 577 1829 tanta
606 1779 902 1828 contentione
923 1778 1180 1827 animorum
1204 1781 1262 1826 est
1287 1794 1529 1835 certaturn,
1555 1795 1603 1829 ut
1625 1799 1769 1846 prope
1791 1786 1848 1830 ad
1870 1802 1970 1833 ma·

194 1864 281 1895 nus
315 1846 538 1894 venirent.
606 1844 914 1894 Ferociffimus
949 1844 1139 1908 quisque
1172 1845 1356 1900 clamat,
1388 1846 1549 1893 Scotos
1584 1864 1675 1894 non
1712 1861 1805 1895 tam
1839 1865 1973 1914 agros

196 1911 388 1976 (quibus
406 1911 713 1969 abundarent)
767 1925 877 1956 uam
900 1910 1072 1956 bellum
1095 1926 1338 1972 quaerere:
1374 1926 1460 1957 nec
1494 1909 1695 1958 insidiari
1719 1925 1892 1961 tantum
1922 1932 1970 1962 a·

195 1975 329 2024 lienis
361 1975 715 2030 calamitatibus,
736 1927 812 2022 sed
842 1973 1112 2037 patientiam
1149 1987 1338 2021 tentare.
1407 1974 1457 2021 Si
1477 1974 1577 2038 agri
1601 1990 1849 2039 negentur,
1877 1979 1976 2026 bel-

194 2042 294 2089 lum
314 2040 476 2088 instare
502 2060 513 2089 ε
552 2039 583 2087 st
604 2040 789 2094 dentur,
812 2037 985 2086 hostem
1020 2038 1389 2086 immanissimum
1424 2038 1545 2085 intra
1582 2040 1750 2088 viscera
1783 2044 1932 2107 accipi
1959 2060 1971 2090 ε

193 2121 279 2154 nec
302 2117 453 2153 tamen
476 2106 540 2152 ita
572 2119 732 2169 pacem
761 2102 1019 2158 habituros,
1040 2104 1123 2151 nisi
1145 2103 1321 2166 sperent
1342 2120 1500 2150 eorum
1522 2105 1761 2153 avaritiam
1798 2123 1966 2169 pauco-

197 2186 301 2219 rum
320 2186 536 2234 agrorum
559 2168 838 2217 conceffione
873 2168 1111 2231 expletum
1133 2168 1208 2223 iri,
1233 2168 1314 2231 qui
1350 2181 1434 2223 tot,
1460 2181 1552 2214 tam
1576 2169 1741 2233 amplis
1774 2187 1823 2218 re
1860 2171 1978 2219 ‘oni-

186 2235 301 2290 'bus,
329 2234 498 2299 quibus
521 2228 733 2298 proximo
756 2233 880 2281 bello
900 2232 1209 2298 demigratum
1232 2234 1301 2288 fit,
1323 2248 1413 2279 non
1438 2233 1522 2279 sint
1545 2235 1768 2283 contenti.
1823 2188 1975 2284 gotis

193 2299 354 2363 itaque
375 2299 548 2346 viribus
571 2299 629 2345 ab
657 2297 794 2346 initio
813 2314 973 2345 eorum
994 2298 1326 2353 immoderatae,
1349 2297 1446 2344 imo
1480 2297 1756 2362 inexplebili
1787 2299 1975 2348 libidini

192 2363 382 2412 obviam
402 2363 605 2411 eundum
628 2363 712 2410 esse
745 2383 758 2409 ;
801 2379 887 2410 nec
917 2378 1159 2425 parvarum
1193 2378 1342 2409 rerum
1366 2363 1646 2410 conceffione
1665 2362 1976 2428 cupiditatem,

191 2428 588 2484 inflammandam,
613 2434 655 2475 δε
676 2427 937 2493 augendam
958 2427 1214 2481 audaciam,
1239 2426 1314 2473 sed
1335 2426 1457 2474 ferro
1484 2427 1894 2494 comprimendam,
1917 2430 1978 2476 li-

195 2506 415 2541 centiam.
1939 2527 1943 2531 -

260 2559 346 2606 XI.
383 2558 495 2606 Erat
525 2557 570 2604 in
595 2574 650 2604 eo
672 2557 871 2605 concilio
901 2559 1123 2606 Conanus
1154 2557 1225 2605 vir
1245 2556 1455 2619 apprime
1476 2557 1663 2613 nobilis,
1689 2563 1730 2605 &
1751 2556 1973 2620 opinione

194 2622 452 2687 prudentiae
472 2622 591 2670 inter
613 2623 710 2669 suos
734 2622 897 2670 clarus.
965 2623 1009 2669 Is
1032 2637 1142 2670 cum
1157 2622 1303 2669 multa
1324 2621 1524 2684 graviter
1546 2622 1604 2669 de
1626 2622 1830 2670 hostium
1843 2622 1972 2670 saevi-

197 2688 278 2743 tia,
302 2687 455 2752 deque
476 2687 684 2750 praesenti
707 2687 966 2733 Brittonum
990 2689 1100 2734 statu
1137 2685 1415 2741 disseruisset,
1448 2687 1739 2747 juventutem
1759 2687 1853 2735 fere
1874 2702 1976 2736 om·-

195 2766 303 2800 nem
325 2752 375 2800 in
397 2751 711 2799 transmarinas
733 2751 1052 2814 expeditiones
1070 2750 1316 2799 abduEtam
1339 2767 1351 2795 z
1382 2751 1596 2797 acceffiffe
1619 2755 1667 2800 &
1704 2752 1879 2799 bellum
1899 2751 1972 2799 fo-

170 2865 176 2870 ,
195 2816 276 2873 ris,
298 2819 350 2867 δε
373 2815 502 2864 domi
519 2814 780 2870 seditiones,
803 2821 841 2862 δι
866 2831 923 2862 ex
942 2814 1100 2879 inopia
1121 2815 1310 2870 famem,
1333 2829 1443 2877 quaess
1460 2814 1678 2876 reliquias
1701 2815 1972 2863 miserrimas

197 2894 276 2929 aut
307 2879 651 2945 consumpserit,
683 2892 763 2927 aut
794 2879 1061 2927 debilitarit.
1128 2881 1360 2927 Romanas
1392 2878 1598 2942 legiones
1631 2881 1689 2926 ad
1725 2880 1972 2928 domestica

195 2947 321 2994 bella
341 2946 416 3009 spe
436 2944 565 2993 omni
582 2943 754 2992 reditus
775 2957 1001 3007 praerepta
1032 2944 1187 2991 abiiss'e
1211 2963 1223 2992 z
1248 2957 1420 3006 pacem
1442 2959 1548 2989 cum
1579 2943 1702 2992 hoste
1724 2944 1971 2992 crudelissi-

196 3026 275 3058 mo
306 3026 470 3076 parum
489 3009 680 3073 quidem
702 3009 952 3065 honestam,
975 3007 1050 3056 sed
1079 3022 1203 3057 certe
1232 3007 1519 3055 necessariam
1541 3009 1641 3056 effe.
1709 3009 1765 3056 Id
1786 3009 1968 3057 consili-

200 3091 279 3122 um
304 3075 433 3123 nullo
464 3091 625 3122 rerum
651 3073 829 3122 suarum
852 3073 1054 3136 respefitu
1075 3090 1102 3120 a
1139 3072 1180 3120 se
1203 3072 1384 3127 datum,
1404 3071 1479 3120 sed
1500 3072 1691 3146 publica
1721 3067 1978 3121 neeeffitate

197 3140 456 3201 expressum
478 3158 493 3186 ι
525 3138 616 3186 hoc
635 3139 721 3188 effe
740 3137 934 3191 indicio,
958 3139 1086 3202 quod
1114 3135 1319 3201 quandiu
1342 3137 1386 3184 se
1411 3150 1534 3185 tuem¹
1549 3135 1761 3186 adversus
1782 3138 1978 3184 hostium

196 3201 534 3250 immanitatem
555 3215 788 3266 poterant,
809 3203 938 3250 nulla
954 3219 1157 3266 unquam
1179 3199 1305 3265 pacis
1327 3201 1502 3249 mentio
1522 3217 1555 3248 a
1581 3200 1625 3249 se
1645 3200 1796 3249 fnisset
1817 3203 1937 3251 fasta
1959 3220 1974 3249 ε

197 3282 349 3328 neque
370 3267 412 3314 se
433 3267 644 3330 ignorare
665 3268 785 3316 hauc
805 3267 964 3331 ipsam,
988 3283 1130 3330 quam
1151 3266 1335 3314 suadeat
1355 3282 1447 3314 non
1470 3266 1568 3313 fore
1587 3264 1880 3322 diuturnam,¹
1896 3265 1974 3312 scd

196 3345 375 3377 moram
397 3331 613 3394 tantisper
632 3332 758 3380 bello
780 3331 1018 3386 sacluram,
1041 3331 1155 3378 dum
1176 3331 1297 3378 vires
1316 3330 1577 3378 Brittonum
1602 3341 1671 3377 tot
1699 3330 1873 3376 casibus
1893 3330 1976 3376 de-

198 3392 486 3450 {vilitat-resae
518 3412 663 3459 prope
681 3396 836 3444 frastae
868 3396 996 3444 brevi
1027 3395 1181 3459 quiete
1216 3394 1485 3451 refocillari,
1504 3410 1559 3442 ac
1580 3392 1773 3442 recreari
1794 3393 1976 3457 possint.
2018 3414 2031 3418 ’-

250 3521 316 3571 (1)
343 3522 434 3563 The
462 3525 567 3563 Scots
597 3527 666 3562 and
686 3525 816 3569 spietz.
833 3525 922 3564 who
951 3525 1061 3575 being
1114 3534 1155 3564 to
1182 3525 1248 3565 the
1265 3517 1551 3586 Brittnm‘z'for
1577 3522 1644 3564 the
1670 3523 1762 3564 Irissi
1789 3535 1884 3563 were
1909 3522 1978 3588 but
2042 3580 2043 3583 Ἴ

203 3575 423 3644 foreiguen,
452 3577 527 3616 bad
550 3577 650 3618 been
678 3580 868 3630 perpetual
897 3579 1061 3620 :nemias
1115 3593 1200 3620 new
1221 3590 1401 3620 enema.

1855 3655 1975 3706 Haec
