<?xml version="1.0" encoding="UTF-8"?>
<!DOCTYPE html PUBLIC "-//W3C//DTD XHTML 1.0 Transitional//EN"
    "http://www.w3.org/TR/xhtml1/DTD/xhtml1-transitional.dtd">
<html xmlns="http://www.w3.org/1999/xhtml" xml:lang="en" lang="en">
 <head>
  <title>
</title>
<meta http-equiv="Content-Type" content="text/html;charset=utf-8" />
  <meta name='ocr-system' content='tesseract 3.04.00' />
  <meta name='ocr-capabilities' content='ocr_page ocr_carea ocr_par ocr_line ocrx_word'/>
</head>
<body>
  <div class='ocr_page' id='page_1' title='image "./rerumscoticarumh00buch_0167.png"; bbox 0 0 2043 3864; ppageno 0'>
   <div class='ocr_carea' id='block_1_1' title="bbox 565 187 1850 274">
    <p class='ocr_par' dir='ltr' id='par_1_1' title="bbox 565 187 1850 274">
     <span class='ocr_line' id='line_1_1' title="bbox 565 187 1850 274; baseline 0.002 -18"><span class='ocrx_word' id='word_1_1' title='bbox 565 189 893 256; x_wconf 74' lang='lat' dir='ltr'>L1san</span> <span class='ocrx_word' id='word_1_2' title='bbox 988 187 1390 256; x_wconf 77' lang='lat' dir='ltr'>SEXTUS.</span> <span class='ocrx_word' id='word_1_3' title='bbox 1735 210 1850 274; x_wconf 76' lang='lat'>151</span> 
     </span>
    </p>
   </div>
   <div class='ocr_carea' id='block_1_2' title="bbox 61 286 1872 3385">
    <p class='ocr_par' dir='ltr' id='par_1_2' title="bbox 93 286 1861 1252">
     <span class='ocr_line' id='line_1_2' title="bbox 96 286 1858 354; baseline -0.001 -15"><span class='ocrx_word' id='word_1_4' title='bbox 96 290 176 348; x_wconf 79' lang='lat' dir='ltr'>vi‘t,</span> <span class='ocrx_word' id='word_1_5' title='bbox 203 291 254 342; x_wconf 63' lang='grc' dir='ltr'>ὃς</span> <span class='ocrx_word' id='word_1_6' title='bbox 271 286 449 354; x_wconf 80' lang='lat' dir='ltr'>quoties</span> <span class='ocrx_word' id='word_1_7' title='bbox 472 289 528 336; x_wconf 91' lang='lat' dir='ltr'>de</span> <span class='ocrx_word' id='word_1_8' title='bbox 550 305 605 335; x_wconf 92' lang='lat' dir='ltr'>eo</span> <span class='ocrx_word' id='word_1_9' title='bbox 624 288 766 336; x_wconf 89' lang='lat' dir='ltr'>sermo</span> <span class='ocrx_word' id='word_1_10' title='bbox 784 286 1033 342; x_wconf 80' lang='lat' dir='ltr'><strong>incidebat,</strong></span> <span class='ocrx_word' id='word_1_11' title='bbox 1056 286 1320 336; x_wconf 85' lang='lat' dir='ltr'>memoriam</span> <span class='ocrx_word' id='word_1_12' title='bbox 1339 287 1436 349; x_wconf 89' lang='lat' dir='ltr'>ejus</span> <span class='ocrx_word' id='word_1_13' title='bbox 1459 287 1708 336; x_wconf 80' lang='lat' dir='ltr'>honorifica</span> <span class='ocrx_word' id='word_1_14' title='bbox 1729 308 1858 338; x_wconf 89' lang='lat' dir='ltr'>men-</span> 
     </span>
     <span class='ocr_line' id='line_1_3' title="bbox 94 352 1856 418; baseline 0 -15"><span class='ocrx_word' id='word_1_15' title='bbox 94 357 221 404; x_wconf 80' lang='lat' dir='ltr'>tione</span> <span class='ocrx_word' id='word_1_16' title='bbox 246 354 614 418; x_wconf 85' lang='lat' dir='ltr'>prosequebatur,</span> <span class='ocrx_word' id='word_1_17' title='bbox 634 358 675 399; x_wconf 82' lang='lat'>&amp;</span> <span class='ocrx_word' id='word_1_18' title='bbox 698 352 832 398; x_wconf 90' lang='lat' dir='ltr'>funus</span> <span class='ocrx_word' id='word_1_19' title='bbox 852 367 1018 414; x_wconf 87' lang='lat' dir='ltr'>magna</span> <span class='ocrx_word' id='word_1_20' title='bbox 1038 354 1290 401; x_wconf 85' lang='lat' dir='ltr'>ambitione</span> <span class='ocrx_word' id='word_1_21' title='bbox 1308 353 1631 400; x_wconf 89' lang='lat' dir='ltr'>celebrandum</span> <span class='ocrx_word' id='word_1_22' title='bbox 1654 356 1856 403; x_wconf 83' lang='lat' dir='ltr'>curavit:</span> 
     </span>
     <span class='ocr_line' id='line_1_4' title="bbox 96 409 1858 482; baseline -0.001 -14"><span class='ocrx_word' id='word_1_23' title='bbox 96 421 252 474; x_wconf 71' lang='lat' dir='ltr'>nullis,</span> <span class='ocrx_word' id='word_1_24' title='bbox 277 409 381 482; x_wconf 68' lang='lat' dir='ltr'>quae</span> <span class='ocrx_word' id='word_1_25' title='bbox 402 418 459 463; x_wconf 89' lang='lat' dir='ltr'>ad</span> <span class='ocrx_word' id='word_1_26' title='bbox 493 415 812 463; x_wconf 64' lang='lat' dir='ltr'>defunctorum</span> <span class='ocrx_word' id='word_1_27' title='bbox 844 416 1065 462; x_wconf 85' lang='lat' dir='ltr'>honorem</span> <span class='ocrx_word' id='word_1_28' title='bbox 1087 417 1339 481; x_wconf 79' lang='lat' dir='ltr'>excogitari</span> <span class='ocrx_word' id='word_1_29' title='bbox 1360 430 1568 479; x_wconf 83' lang='lat' dir='ltr'>poterant</span> <span class='ocrx_word' id='word_1_30' title='bbox 1589 420 1858 466; x_wconf 73' lang='lat' dir='ltr'>ceremoniis</span> 
     </span>
     <span class='ocr_line' id='line_1_5' title="bbox 96 477 1859 545; baseline -0.001 -15"><span class='ocrx_word' id='word_1_31' title='bbox 96 485 278 531; x_wconf 82' lang='lat' dir='ltr'>omiffis.</span> <span class='ocrx_word' id='word_1_32' title='bbox 345 482 434 527; x_wconf 85' lang='lat' dir='ltr'>Sed</span> <span class='ocrx_word' id='word_1_33' title='bbox 457 479 599 526; x_wconf 84' lang='lat' dir='ltr'>nimia</span> <span class='ocrx_word' id='word_1_34' title='bbox 621 480 700 527; x_wconf 87' lang='lat' dir='ltr'>illa</span> <span class='ocrx_word' id='word_1_35' title='bbox 724 477 865 543; x_wconf 87' lang='lat' dir='ltr'>Regis</span> <span class='ocrx_word' id='word_1_36' title='bbox 888 479 1144 544; x_wconf 87' lang='lat' dir='ltr'>diligentia,</span> <span class='ocrx_word' id='word_1_37' title='bbox 1184 498 1322 543; x_wconf 84' lang='lat' dir='ltr'>quam</span> <span class='ocrx_word' id='word_1_38' title='bbox 1351 481 1431 528; x_wconf 88' lang='lat' dir='ltr'>ille</span> <span class='ocrx_word' id='word_1_39' title='bbox 1448 481 1710 545; x_wconf 80' lang='lat' dir='ltr'>suspicionis</span> <span class='ocrx_word' id='word_1_40' title='bbox 1733 500 1859 530; x_wconf 81' lang='lat' dir='ltr'>amo-</span> 
     </span>
     <span class='ocr_line' id='line_1_6' title="bbox 94 537 1860 609; baseline -0.001 -15"><span class='ocrx_word' id='word_1_41' title='bbox 94 549 261 595; x_wconf 77' lang='lat' dir='ltr'>liendae</span> <span class='ocrx_word' id='word_1_42' title='bbox 283 545 412 592; x_wconf 85' lang='lat' dir='ltr'>causa</span> <span class='ocrx_word' id='word_1_43' title='bbox 434 543 701 600; x_wconf 83' lang='lat' dir='ltr'>adhibebat,</span> <span class='ocrx_word' id='word_1_44' title='bbox 722 544 1000 591; x_wconf 79' lang='lat' dir='ltr'>cautioribus</span> <span class='ocrx_word' id='word_1_45' title='bbox 1023 546 1106 591; x_wconf 77' lang='lat' dir='ltr'>effe</span> <span class='ocrx_word' id='word_1_46' title='bbox 1129 547 1325 608; x_wconf 63' lang='lat' dir='ltr'>suspefita</span> <span class='ocrx_word' id='word_1_47' title='bbox 1345 547 1487 609; x_wconf 87' lang='lat' dir='ltr'>coepit</span> <span class='ocrx_word' id='word_1_48' title='bbox 1511 566 1521 593; x_wconf 77' lang='grc' dir='ltr'>ε</span> <span class='ocrx_word' id='word_1_49' title='bbox 1558 537 1716 593; x_wconf 60' lang='lat' dir='ltr'>verum</span> <span class='ocrx_word' id='word_1_50' title='bbox 1742 548 1860 594; x_wconf 85' lang='lat' dir='ltr'>intra</span> 
     </span>
     <span class='ocr_line' id='line_1_7' title="bbox 93 609 1857 673; baseline 0.001 -16"><span class='ocrx_word' id='word_1_51' title='bbox 93 612 354 658; x_wconf 82' lang='lat' dir='ltr'>libertatem</span> <span class='ocrx_word' id='word_1_52' title='bbox 391 609 612 656; x_wconf 72' lang='lat' dir='ltr'>loouendi</span> <span class='ocrx_word' id='word_1_53' title='bbox 634 611 694 655; x_wconf 86' lang='lat' dir='ltr'>ob</span> <span class='ocrx_word' id='word_1_54' title='bbox 730 611 951 655; x_wconf 80' lang='lat' dir='ltr'>summam</span> <span class='ocrx_word' id='word_1_55' title='bbox 974 610 1180 655; x_wconf 80' lang='lat' dir='ltr'>omnium</span> <span class='ocrx_word' id='word_1_56' title='bbox 1204 611 1259 656; x_wconf 89' lang='lat' dir='ltr'>de</span> <span class='ocrx_word' id='word_1_57' title='bbox 1281 610 1511 658; x_wconf 69' lang='lat' dir='ltr'>sanCtitate</span> <span class='ocrx_word' id='word_1_58' title='bbox 1544 610 1642 672; x_wconf 88' lang='lat' dir='ltr'>ejus</span> <span class='ocrx_word' id='word_1_59' title='bbox 1677 612 1857 673; x_wconf 85' lang='lat' dir='ltr'>opinio-</span> 
     </span>
     <span class='ocr_line' id='line_1_8' title="bbox 95 662 1859 739; baseline 0.001 -18"><span class='ocrx_word' id='word_1_60' title='bbox 95 692 218 722; x_wconf 88' lang='lat' dir='ltr'>nem.</span> <span class='ocrx_word' id='word_1_61' title='bbox 257 676 320 720; x_wconf 81' lang='lat' dir='ltr'>At</span> <span class='ocrx_word' id='word_1_62' title='bbox 340 662 571 720; x_wconf 56' lang='lat' dir='ltr'>cnm⁴Rex</span> <span class='ocrx_word' id='word_1_63' title='bbox 592 690 672 735; x_wconf 88' lang='lat' dir='ltr'>per</span> <span class='ocrx_word' id='word_1_64' title='bbox 695 690 771 720; x_wconf 90' lang='lat' dir='ltr'>eos</span> <span class='ocrx_word' id='word_1_65' title='bbox 794 672 889 719; x_wconf 88' lang='lat' dir='ltr'>dies</span> <span class='ocrx_word' id='word_1_66' title='bbox 908 673 1142 737; x_wconf 72' lang='lat' dir='ltr'>spargeret</span> <span class='ocrx_word' id='word_1_67' title='bbox 1160 674 1401 729; x_wconf 83' lang='lat' dir='ltr'>sermones,</span> <span class='ocrx_word' id='word_1_68' title='bbox 1425 675 1687 739; x_wconf 74' lang='lat' dir='ltr'>animosque</span> <span class='ocrx_word' id='word_1_69' title='bbox 1709 677 1859 724; x_wconf 85' lang='lat' dir='ltr'>homi-</span> 
     </span>
     <span class='ocr_line' id='line_1_9' title="bbox 96 737 1861 803; baseline 0.001 -17"><span class='ocrx_word' id='word_1_70' title='bbox 96 757 208 786; x_wconf 89' lang='lat' dir='ltr'>num</span> <span class='ocrx_word' id='word_1_71' title='bbox 227 751 436 792; x_wconf 84' lang='lat' dir='ltr'>tentaret,</span> <span class='ocrx_word' id='word_1_72' title='bbox 454 755 547 800; x_wconf 83' lang='lat' dir='ltr'>quo</span> <span class='ocrx_word' id='word_1_73' title='bbox 561 741 693 799; x_wconf 54' lang='lat' dir='ltr'>pasto</span> <span class='ocrx_word' id='word_1_74' title='bbox 713 738 846 784; x_wconf 80' lang='lat' dir='ltr'>laturi</span> <span class='ocrx_word' id='word_1_75' title='bbox 864 738 1001 786; x_wconf 80' lang='lat' dir='ltr'>effent</span> <span class='ocrx_word' id='word_1_76' title='bbox 1015 737 1177 784; x_wconf 83' lang='lat' dir='ltr'>veteris</span> <span class='ocrx_word' id='word_1_77' title='bbox 1196 739 1310 801; x_wconf 89' lang='lat' dir='ltr'>legis</span> <span class='ocrx_word' id='word_1_78' title='bbox 1333 740 1694 803; x_wconf 80' lang='lat' dir='ltr'>abrogationem,</span> <span class='ocrx_word' id='word_1_79' title='bbox 1721 748 1761 788; x_wconf 74' lang='grc' dir='ltr'>δε</span> <span class='ocrx_word' id='word_1_80' title='bbox 1777 759 1861 788; x_wconf 91' lang='lat' dir='ltr'>no-</span> 
     </span>
     <span class='ocr_line' id='line_1_10' title="bbox 97 802 1860 867; baseline 0.001 -16"><span class='ocrx_word' id='word_1_81' title='bbox 97 821 164 850; x_wconf 87' lang='lat' dir='ltr'>vae</span> <span class='ocrx_word' id='word_1_82' title='bbox 182 805 239 850; x_wconf 90' lang='lat' dir='ltr'>de</span> <span class='ocrx_word' id='word_1_83' title='bbox 255 805 387 866; x_wconf 84' lang='lat' dir='ltr'>Rege</span> <span class='ocrx_word' id='word_1_84' title='bbox 406 804 602 849; x_wconf 87' lang='lat' dir='ltr'>creando</span> <span class='ocrx_word' id='word_1_85' title='bbox 620 802 923 864; x_wconf 78' lang='lat' dir='ltr'>rogationem,</span> <span class='ocrx_word' id='word_1_86' title='bbox 942 816 990 848; x_wconf 90' lang='lat' dir='ltr'>ut</span> <span class='ocrx_word' id='word_1_87' title='bbox 1012 802 1227 849; x_wconf 80' lang='lat' dir='ltr'>videlicet</span> <span class='ocrx_word' id='word_1_88' title='bbox 1244 804 1541 864; x_wconf 84' lang='lat' dir='ltr'>plurimarum</span> <span class='ocrx_word' id='word_1_89' title='bbox 1564 806 1773 867; x_wconf 85' lang='lat' dir='ltr'>gentium</span> <span class='ocrx_word' id='word_1_90' title='bbox 1788 804 1860 852; x_wconf 88' lang='lat' dir='ltr'>in·-</span> 
     </span>
     <span class='ocr_line' id='line_1_11' title="bbox 96 866 1860 932; baseline 0.002 -18"><span class='ocrx_word' id='word_1_91' title='bbox 96 868 248 915; x_wconf 88' lang='lat' dir='ltr'>stituto</span> <span class='ocrx_word' id='word_1_92' title='bbox 271 867 478 930; x_wconf 82' lang='lat' dir='ltr'>Regibus</span> <span class='ocrx_word' id='word_1_93' title='bbox 502 880 646 913; x_wconf 85' lang='lat' dir='ltr'>morte</span> <span class='ocrx_word' id='word_1_94' title='bbox 668 866 851 913; x_wconf 83' lang='lat' dir='ltr'>sublatis</span> <span class='ocrx_word' id='word_1_95' title='bbox 871 867 1003 913; x_wconf 89' lang='lat' dir='ltr'>liberi</span> <span class='ocrx_word' id='word_1_96' title='bbox 1022 866 1329 922; x_wconf 83' lang='lat' dir='ltr'>succederent,</span> <span class='ocrx_word' id='word_1_97' title='bbox 1349 868 1693 932; x_wconf 87' lang='lat' dir='ltr'>immaturisque</span> <span class='ocrx_word' id='word_1_98' title='bbox 1711 872 1860 917; x_wconf 85' lang='lat' dir='ltr'>adhuc</span> 
     </span>
     <span class='ocr_line' id='line_1_12' title="bbox 96 932 1861 995; baseline 0.002 -17"><span class='ocrx_word' id='word_1_99' title='bbox 96 932 154 978; x_wconf 83' lang='lat' dir='ltr'>ad</span> <span class='ocrx_word' id='word_1_100' title='bbox 184 935 434 994; x_wconf 88' lang='lat' dir='ltr'>regendum</span> <span class='ocrx_word' id='word_1_101' title='bbox 463 944 633 978; x_wconf 72' lang='lat' dir='ltr'>tutore-2</span> <span class='ocrx_word' id='word_1_102' title='bbox 667 933 897 985; x_wconf 85' lang='lat' dir='ltr'>darentur,</span> <span class='ocrx_word' id='word_1_103' title='bbox 917 932 997 987; x_wconf 87' lang='lat' dir='ltr'>ita,</span> <span class='ocrx_word' id='word_1_104' title='bbox 1022 944 1069 977; x_wconf 90' lang='lat' dir='ltr'>ut</span> <span class='ocrx_word' id='word_1_105' title='bbox 1086 949 1224 993; x_wconf 80' lang='lat' dir='ltr'>penes</span> <span class='ocrx_word' id='word_1_106' title='bbox 1242 949 1405 995; x_wconf 87' lang='lat' dir='ltr'>pueros</span> <span class='ocrx_word' id='word_1_107' title='bbox 1425 950 1610 987; x_wconf 89' lang='lat' dir='ltr'>nomen,</span> <span class='ocrx_word' id='word_1_108' title='bbox 1631 951 1768 995; x_wconf 87' lang='lat' dir='ltr'>penes</span> <span class='ocrx_word' id='word_1_109' title='bbox 1788 949 1861 982; x_wconf 88' lang='lat' dir='ltr'>tu-</span> 
     </span>
     <span class='ocr_line' id='line_1_13' title="bbox 96 995 1860 1063; baseline 0.002 -21"><span class='ocrx_word' id='word_1_110' title='bbox 96 998 320 1057; x_wconf 83' lang='lat' dir='ltr'>toresjus,</span> <span class='ocrx_word' id='word_1_111' title='bbox 337 1002 376 1043; x_wconf 75' lang='lat' dir='ltr'>Sc</span> <span class='ocrx_word' id='word_1_112' title='bbox 400 996 466 1041; x_wconf 85' lang='lat' dir='ltr'>vis</span> <span class='ocrx_word' id='word_1_113' title='bbox 486 995 669 1058; x_wconf 78' lang='lat' dir='ltr'>imperii</span> <span class='ocrx_word' id='word_1_114' title='bbox 692 997 796 1042; x_wconf 75' lang='lat' dir='ltr'>ess&#39;et</span> <span class='ocrx_word' id='word_1_115' title='bbox 881 997 1157 1058; x_wconf 80' lang='lat' dir='ltr'>Qanquam</span> <span class='ocrx_word' id='word_1_116' title='bbox 1182 1013 1281 1059; x_wconf 83' lang='lat' dir='ltr'>pars</span> <span class='ocrx_word' id='word_1_117' title='bbox 1302 1013 1483 1060; x_wconf 86' lang='lat' dir='ltr'>magna,</span> <span class='ocrx_word' id='word_1_118' title='bbox 1511 1012 1560 1044; x_wconf 79' lang='lat' dir='ltr'>ut</span> <span class='ocrx_word' id='word_1_119' title='bbox 1581 999 1701 1061; x_wconf 85' lang='lat' dir='ltr'>Regi</span> <span class='ocrx_word' id='word_1_120' title='bbox 1718 1000 1860 1063; x_wconf 88' lang='lat' dir='ltr'>grati-</span> 
     </span>
     <span class='ocr_line' id='line_1_14' title="bbox 95 1060 1860 1126; baseline 0.002 -19"><span class='ocrx_word' id='word_1_121' title='bbox 95 1061 335 1107; x_wconf 82' lang='lat' dir='ltr'>ficarentur</span> <span class='ocrx_word' id='word_1_122' title='bbox 357 1061 456 1106; x_wconf 84' lang='lat' dir='ltr'>haec</span> <span class='ocrx_word' id='word_1_123' title='bbox 474 1061 726 1115; x_wconf 73' lang='lat' dir='ltr'>laudarent,</span> <span class='ocrx_word' id='word_1_124' title='bbox 747 1074 898 1106; x_wconf 86' lang='lat' dir='ltr'>tamen</span> <span class='ocrx_word' id='word_1_125' title='bbox 917 1060 1107 1122; x_wconf 79' lang='lat' dir='ltr'>suspicio</span> <span class='ocrx_word' id='word_1_126' title='bbox 1125 1062 1179 1107; x_wconf 87' lang='lat' dir='ltr'>de</span> <span class='ocrx_word' id='word_1_127' title='bbox 1204 1072 1349 1106; x_wconf 89' lang='lat' dir='ltr'>morte</span> <span class='ocrx_word' id='word_1_128' title='bbox 1364 1061 1660 1108; x_wconf 83' lang='lat' dir='ltr'>Milcolumbi</span> <span class='ocrx_word' id='word_1_129' title='bbox 1678 1065 1733 1110; x_wconf 87' lang='lat' dir='ltr'>ad</span> <span class='ocrx_word' id='word_1_130' title='bbox 1757 1066 1860 1126; x_wconf 83' lang='lat' dir='ltr'>plu·-</span> 
     </span>
     <span class='ocr_line' id='line_1_15' title="bbox 95 1124 1860 1190; baseline 0.002 -19"><span class='ocrx_word' id='word_1_131' title='bbox 95 1141 182 1180; x_wconf 86' lang='lat' dir='ltr'>res,</span> <span class='ocrx_word' id='word_1_132' title='bbox 203 1138 355 1171; x_wconf 59' lang='lat' dir='ltr'>‘metus</span> <span class='ocrx_word' id='word_1_133' title='bbox 372 1141 403 1171; x_wconf 81' lang='lat' dir='ltr'>a</span> <span class='ocrx_word' id='word_1_134' title='bbox 424 1127 552 1188; x_wconf 89' lang='lat' dir='ltr'>Rege</span> <span class='ocrx_word' id='word_1_135' title='bbox 576 1125 632 1170; x_wconf 85' lang='lat' dir='ltr'>ad</span> <span class='ocrx_word' id='word_1_136' title='bbox 656 1124 962 1179; x_wconf 81' lang='lat' dir='ltr'>nobilitatem,</span> <span class='ocrx_word' id='word_1_137' title='bbox 999 1141 1051 1170; x_wconf 91' lang='lat' dir='ltr'>ac</span> <span class='ocrx_word' id='word_1_138' title='bbox 1073 1125 1272 1170; x_wconf 78' lang='lat' dir='ltr'>maxime</span> <span class='ocrx_word' id='word_1_139' title='bbox 1291 1125 1431 1187; x_wconf 87' lang='lat' dir='ltr'>Regii</span> <span class='ocrx_word' id='word_1_140' title='bbox 1451 1127 1629 1190; x_wconf 83' lang='lat' dir='ltr'>generis</span> <span class='ocrx_word' id='word_1_141' title='bbox 1652 1128 1860 1176; x_wconf 83' lang='lat' dir='ltr'>homines</span> 
     </span>
     <span class='ocr_line' id='line_1_16' title="bbox 96 1189 318 1252; baseline 0 -16"><span class='ocrx_word' id='word_1_142' title='bbox 96 1189 318 1252; x_wconf 85' lang='lat' dir='ltr'>pervenit.</span> 
     </span>
    </p>

    <p class='ocr_par' dir='ltr' id='par_1_3' title="bbox 96 1250 1864 2605">
     <span class='ocr_line' id='line_1_17' title="bbox 164 1250 1860 1320; baseline 0.002 -19"><span class='ocrx_word' id='word_1_143' title='bbox 164 1255 435 1301; x_wconf 86' lang='lat' dir='ltr'>XXXVIII.</span> <span class='ocrx_word' id='word_1_144' title='bbox 473 1252 655 1299; x_wconf 81' lang='lat' dir='ltr'>Animis</span> <span class='ocrx_word' id='word_1_145' title='bbox 670 1252 733 1298; x_wconf 89' lang='lat' dir='ltr'>ita</span> <span class='ocrx_word' id='word_1_146' title='bbox 745 1251 934 1305; x_wconf 62' lang='grc' dir='ltr'>είῐεξὶίε,</span> <span class='ocrx_word' id='word_1_147' title='bbox 959 1250 1312 1314; x_wconf 85' lang='lat' dir='ltr'>supervenerunt</span> <span class='ocrx_word' id='word_1_148' title='bbox 1326 1253 1383 1299; x_wconf 82' lang='lat' dir='ltr'>ab</span> <span class='ocrx_word' id='word_1_149' title='bbox 1403 1254 1577 1317; x_wconf 75' lang='lat' dir='ltr'>Anglia</span> <span class='ocrx_word' id='word_1_150' title='bbox 1597 1256 1737 1320; x_wconf 86' lang='lat' dir='ltr'>legati</span> <span class='ocrx_word' id='word_1_151' title='bbox 1750 1273 1860 1304; x_wconf 88' lang='lat' dir='ltr'>con·</span> 
     </span>
     <span class='ocr_line' id='line_1_18' title="bbox 98 1315 1861 1384; baseline 0.003 -20"><span class='ocrx_word' id='word_1_152' title='bbox 98 1317 280 1365; x_wconf 79' lang='lat' dir='ltr'>solaturi</span> <span class='ocrx_word' id='word_1_153' title='bbox 298 1321 474 1382; x_wconf 85' lang='lat' dir='ltr'>Regem</span> <span class='ocrx_word' id='word_1_154' title='bbox 498 1319 554 1364; x_wconf 81' lang='lat' dir='ltr'>de</span> <span class='ocrx_word' id='word_1_155' title='bbox 578 1330 724 1364; x_wconf 85' lang='lat' dir='ltr'>morte</span> <span class='ocrx_word' id='word_1_156' title='bbox 741 1315 1007 1379; x_wconf 83' lang='lat' dir='ltr'>propinqui,</span> <span class='ocrx_word' id='word_1_157' title='bbox 1029 1318 1158 1363; x_wconf 81' lang='lat' dir='ltr'>simul</span> <span class='ocrx_word' id='word_1_158' title='bbox 1177 1317 1382 1380; x_wconf 87' lang='lat' dir='ltr'>petituri,</span> <span class='ocrx_word' id='word_1_159' title='bbox 1402 1331 1449 1363; x_wconf 91' lang='lat' dir='ltr'>ut</span> <span class='ocrx_word' id='word_1_160' title='bbox 1470 1320 1519 1365; x_wconf 91' lang='lat' dir='ltr'>in</span> <span class='ocrx_word' id='word_1_161' title='bbox 1541 1321 1861 1384; x_wconf 84' lang='lat' dir='ltr'>subrogatione</span> 
     </span>
     <span class='ocr_line' id='line_1_19' title="bbox 98 1380 1859 1448; baseline 0.003 -20"><span class='ocrx_word' id='word_1_162' title='bbox 98 1383 299 1445; x_wconf 65' lang='lat' dir='ltr'>praefefti</span> <span class='ocrx_word' id='word_1_163' title='bbox 321 1383 630 1430; x_wconf 82' lang='lat' dir='ltr'>Cumbrorum</span> <span class='ocrx_word' id='word_1_164' title='bbox 651 1380 913 1434; x_wconf 84' lang='lat' dir='ltr'>meminerit</span> <span class='ocrx_word' id='word_1_165' title='bbox 935 1398 1037 1427; x_wconf 87' lang='lat' dir='ltr'>eum</span> <span class='ocrx_word' id='word_1_166' title='bbox 1060 1382 1370 1445; x_wconf 85' lang='lat' dir='ltr'>magistratum</span> <span class='ocrx_word' id='word_1_167' title='bbox 1388 1383 1472 1429; x_wconf 81' lang='lat' dir='ltr'>effe</span> <span class='ocrx_word' id='word_1_168' title='bbox 1492 1385 1616 1447; x_wconf 82' lang='lat' dir='ltr'>pacis</span> <span class='ocrx_word' id='word_1_169' title='bbox 1637 1386 1859 1448; x_wconf 86' lang='lat' dir='ltr'>interpre-</span> 
     </span>
     <span class='ocr_line' id='line_1_20' title="bbox 98 1445 1860 1512; baseline 0.003 -19"><span class='ocrx_word' id='word_1_170' title='bbox 98 1461 210 1502; x_wconf 85' lang='lat' dir='ltr'>tem,</span> <span class='ocrx_word' id='word_1_171' title='bbox 233 1456 278 1498; x_wconf 66' lang='grc' dir='ltr'>ἐξ</span> <span class='ocrx_word' id='word_1_172' title='bbox 301 1447 555 1494; x_wconf 82' lang='lat' dir='ltr'>concordiae</span> <span class='ocrx_word' id='word_1_173' title='bbox 574 1447 813 1494; x_wconf 81' lang='lat' dir='ltr'>vinculnm</span> <span class='ocrx_word' id='word_1_174' title='bbox 833 1447 953 1493; x_wconf 82' lang='lat' dir='ltr'>inter</span> <span class='ocrx_word' id='word_1_175' title='bbox 973 1445 1124 1492; x_wconf 83' lang='lat' dir='ltr'>vicina</span> <span class='ocrx_word' id='word_1_176' title='bbox 1145 1464 1300 1510; x_wconf 85' lang='lat' dir='ltr'>regna.</span> <span class='ocrx_word' id='word_1_177' title='bbox 1370 1447 1536 1494; x_wconf 89' lang='lat' dir='ltr'>Talem</span> <span class='ocrx_word' id='word_1_178' title='bbox 1577 1449 1721 1512; x_wconf 81' lang='lat' dir='ltr'>igitur</span> <span class='ocrx_word' id='word_1_179' title='bbox 1742 1451 1860 1498; x_wconf 87' lang='lat' dir='ltr'>suffi-</span> 
     </span>
     <span class='ocr_line' id='line_1_21' title="bbox 99 1511 1861 1576; baseline 0.002 -19"><span class='ocrx_word' id='word_1_180' title='bbox 99 1526 236 1566; x_wconf 86' lang='lat' dir='ltr'>ceret,</span> <span class='ocrx_word' id='word_1_181' title='bbox 261 1511 414 1576; x_wconf 81' lang='lat' dir='ltr'>quiex</span> <span class='ocrx_word' id='word_1_182' title='bbox 437 1511 666 1575; x_wconf 86' lang='lat' dir='ltr'>utriusque</span> <span class='ocrx_word' id='word_1_183' title='bbox 689 1512 837 1574; x_wconf 86' lang='lat' dir='ltr'>gentis</span> <span class='ocrx_word' id='word_1_184' title='bbox 861 1513 1106 1557; x_wconf 87' lang='lat' dir='ltr'>commodo</span> <span class='ocrx_word' id='word_1_185' title='bbox 1125 1513 1358 1573; x_wconf 85' lang='lat' dir='ltr'>antiquam</span> <span class='ocrx_word' id='word_1_186' title='bbox 1383 1513 1631 1560; x_wconf 76' lang='lat' dir='ltr'>amicitiam</span> <span class='ocrx_word' id='word_1_187' title='bbox 1653 1515 1861 1562; x_wconf 74' lang='lat' dir='ltr'>contine-</span> 
     </span>
     <span class='ocr_line' id='line_1_22' title="bbox 98 1574 1860 1643; baseline 0.001 -21"><span class='ocrx_word' id='word_1_188' title='bbox 98 1589 181 1630; x_wconf 83' lang='lat' dir='ltr'>ret,</span> <span class='ocrx_word' id='word_1_189' title='bbox 209 1582 248 1623; x_wconf 90' lang='lat'>&amp;</span> <span class='ocrx_word' id='word_1_190' title='bbox 271 1593 427 1633; x_wconf 82' lang='lat' dir='ltr'>novas,</span> <span class='ocrx_word' id='word_1_191' title='bbox 451 1577 483 1622; x_wconf 88' lang='lat' dir='ltr'><strong>fi</strong></span> <span class='ocrx_word' id='word_1_192' title='bbox 504 1593 606 1639; x_wconf 81' lang='lat' dir='ltr'>quae</span> <span class='ocrx_word' id='word_1_193' title='bbox 629 1578 871 1631; x_wconf 77' lang='lat' dir='ltr'>orirentur,</span> <span class='ocrx_word' id='word_1_194' title='bbox 896 1574 1158 1636; x_wconf 82' lang='lat' dir='ltr'>suspitiones</span> <span class='ocrx_word' id='word_1_195' title='bbox 1182 1575 1492 1639; x_wconf 81' lang='lat' dir='ltr'>restingueret.</span> <span class='ocrx_word' id='word_1_196' title='bbox 1538 1579 1675 1626; x_wconf 84' lang='lat' dir='ltr'>Hanc</span> <span class='ocrx_word' id='word_1_197' title='bbox 1695 1579 1860 1643; x_wconf 82' lang='lat' dir='ltr'>legati-</span> 
     </span>
     <span class='ocr_line' id='line_1_23' title="bbox 98 1640 1860 1699; baseline 0.003 -14"><span class='ocrx_word' id='word_1_198' title='bbox 98 1656 234 1688; x_wconf 85' lang='lat' dir='ltr'>onem</span> <span class='ocrx_word' id='word_1_199' title='bbox 256 1640 340 1687; x_wconf 83' lang='lat' dir='ltr'>suis</span> <span class='ocrx_word' id='word_1_200' title='bbox 363 1641 615 1688; x_wconf 83' lang='lat' dir='ltr'>rationibus</span> <span class='ocrx_word' id='word_1_201' title='bbox 638 1641 926 1686; x_wconf 87' lang='lat' dir='ltr'>commodam</span> <span class='ocrx_word' id='word_1_202' title='bbox 951 1641 1052 1685; x_wconf 84' lang='lat' dir='ltr'>Rex</span> <span class='ocrx_word' id='word_1_203' title='bbox 1072 1640 1283 1699; x_wconf 79' lang='lat' dir='ltr'>opinatus</span> <span class='ocrx_word' id='word_1_204' title='bbox 1309 1654 1587 1689; x_wconf 86' lang='lat' dir='ltr'>conventum</span> <span class='ocrx_word' id='word_1_205' title='bbox 1608 1643 1860 1692; x_wconf 79' lang='lat' dir='ltr'>nobilitatis</span> 
     </span>
     <span class='ocr_line' id='line_1_24' title="bbox 101 1703 1859 1765; baseline 0.004 -16"><span class='ocrx_word' id='word_1_206' title='bbox 101 1705 496 1751; x_wconf 79' lang='lat' dir='ltr'>Sconamindixit.</span> <span class='ocrx_word' id='word_1_207' title='bbox 553 1707 605 1750; x_wconf 89' lang='lat' dir='ltr'>In</span> <span class='ocrx_word' id='word_1_208' title='bbox 626 1722 680 1750; x_wconf 91' lang='lat' dir='ltr'>eo</span> <span class='ocrx_word' id='word_1_209' title='bbox 703 1706 806 1750; x_wconf 69' lang='lat' dir='ltr'>cum</span> <span class='ocrx_word' id='word_1_210' title='bbox 830 1704 974 1749; x_wconf 86' lang='lat' dir='ltr'>multa</span> <span class='ocrx_word' id='word_1_211' title='bbox 990 1703 1187 1765; x_wconf 85' lang='lat' dir='ltr'>graviter</span> <span class='ocrx_word' id='word_1_212' title='bbox 1204 1703 1463 1752; x_wconf 72' lang='lat' dir='ltr'>disseruisset</span> <span class='ocrx_word' id='word_1_213' title='bbox 1483 1707 1689 1754; x_wconf 84' lang='lat' dir='ltr'>adversus</span> <span class='ocrx_word' id='word_1_214' title='bbox 1715 1711 1859 1757; x_wconf 85' lang='lat' dir='ltr'>comi-</span> 
     </span>
     <span class='ocr_line' id='line_1_25' title="bbox 99 1766 1859 1836; baseline 0.004 -22"><span class='ocrx_word' id='word_1_215' title='bbox 99 1768 269 1814; x_wconf 86' lang='lat' dir='ltr'>tiorum</span> <span class='ocrx_word' id='word_1_216' title='bbox 292 1769 546 1831; x_wconf 86' lang='lat' dir='ltr'>Regiorum</span> <span class='ocrx_word' id='word_1_217' title='bbox 566 1781 765 1815; x_wconf 87' lang='lat' dir='ltr'>veterem</span> <span class='ocrx_word' id='word_1_218' title='bbox 788 1766 1159 1814; x_wconf 84' lang='lat' dir='ltr'>consuetudinem</span> <span class='ocrx_word' id='word_1_219' title='bbox 1178 1769 1374 1815; x_wconf 84' lang='lat' dir='ltr'>recitatis</span> <span class='ocrx_word' id='word_1_220' title='bbox 1397 1771 1454 1816; x_wconf 87' lang='lat' dir='ltr'>ab</span> <span class='ocrx_word' id='word_1_221' title='bbox 1476 1770 1609 1817; x_wconf 85' lang='lat' dir='ltr'>initio</span> <span class='ocrx_word' id='word_1_222' title='bbox 1633 1772 1769 1836; x_wconf 87' lang='lat' dir='ltr'>usque</span> <span class='ocrx_word' id='word_1_223' title='bbox 1794 1775 1859 1822; x_wconf 82' lang='lat' dir='ltr'>se-</span> 
     </span>
     <span class='ocr_line' id='line_1_26' title="bbox 99 1832 1860 1902; baseline 0.004 -24"><span class='ocrx_word' id='word_1_224' title='bbox 99 1832 350 1879; x_wconf 86' lang='lat' dir='ltr'>ditionibus</span> <span class='ocrx_word' id='word_1_225' title='bbox 375 1849 428 1879; x_wconf 88' lang='lat' dir='ltr'>ea</span> <span class='ocrx_word' id='word_1_226' title='bbox 449 1833 508 1879; x_wconf 88' lang='lat' dir='ltr'>de</span> <span class='ocrx_word' id='word_1_227' title='bbox 530 1833 660 1878; x_wconf 86' lang='lat' dir='ltr'>causa</span> <span class='ocrx_word' id='word_1_228' title='bbox 683 1833 829 1886; x_wconf 70' lang='lat' dir='ltr'>faffls,</span> <span class='ocrx_word' id='word_1_229' title='bbox 853 1843 1119 1894; x_wconf 77' lang='lat' dir='ltr'>quantoque</span> <span class='ocrx_word' id='word_1_230' title='bbox 1142 1849 1247 1879; x_wconf 89' lang='lat' dir='ltr'>cum</span> <span class='ocrx_word' id='word_1_231' title='bbox 1268 1833 1432 1880; x_wconf 88' lang='lat' dir='ltr'>scelere</span> <span class='ocrx_word' id='word_1_232' title='bbox 1452 1834 1498 1881; x_wconf 89' lang='lat' dir='ltr'>in</span> <span class='ocrx_word' id='word_1_233' title='bbox 1523 1837 1706 1900; x_wconf 87' lang='lat' dir='ltr'>Regum</span> <span class='ocrx_word' id='word_1_234' title='bbox 1728 1838 1860 1902; x_wconf 81' lang='lat' dir='ltr'>supe-</span> 
     </span>
     <span class='ocr_line' id='line_1_27' title="bbox 99 1895 1858 1959; baseline 0.005 -17"><span class='ocrx_word' id='word_1_235' title='bbox 99 1896 270 1943; x_wconf 82' lang='lat' dir='ltr'>riorum</span> <span class='ocrx_word' id='word_1_236' title='bbox 292 1897 458 1943; x_wconf 88' lang='lat' dir='ltr'>liberos</span> <span class='ocrx_word' id='word_1_237' title='bbox 493 1897 632 1943; x_wconf 84' lang='lat' dir='ltr'>suerit</span> <span class='ocrx_word' id='word_1_238' title='bbox 653 1914 679 1943; x_wconf 89' lang='lat' dir='ltr'>a</span> <span class='ocrx_word' id='word_1_239' title='bbox 700 1896 969 1959; x_wconf 62' lang='lat' dir='ltr'>propinquis</span> <span class='ocrx_word' id='word_1_240' title='bbox 991 1895 1214 1951; x_wconf 79' lang='lat' dir='ltr'>saevitum,</span> <span class='ocrx_word' id='word_1_241' title='bbox 1234 1912 1350 1959; x_wconf 88' lang='lat' dir='ltr'>quot</span> <span class='ocrx_word' id='word_1_242' title='bbox 1371 1898 1492 1944; x_wconf 82' lang='lat' dir='ltr'>bella</span> <span class='ocrx_word' id='word_1_243' title='bbox 1513 1899 1621 1947; x_wconf 84' lang='lat' dir='ltr'>inde</span> <span class='ocrx_word' id='word_1_244' title='bbox 1642 1913 1764 1957; x_wconf 81' lang='lat' dir='ltr'>nata,</span> <span class='ocrx_word' id='word_1_245' title='bbox 1789 1921 1858 1951; x_wconf 87' lang='lat' dir='ltr'>ra-</span> 
     </span>
     <span class='ocr_line' id='line_1_28' title="bbox 99 1960 1862 2023; baseline 0.006 -17"><span class='ocrx_word' id='word_1_246' title='bbox 99 1961 240 2023; x_wconf 66' lang='lat' dir='ltr'>pinae,</span> <span class='ocrx_word' id='word_1_247' title='bbox 261 1961 423 2015; x_wconf 83' lang='lat' dir='ltr'>caedes,</span> <span class='ocrx_word' id='word_1_248' title='bbox 447 1961 586 2007; x_wconf 84' lang='lat' dir='ltr'>exilia</span> <span class='ocrx_word' id='word_1_249' title='bbox 608 1962 861 2007; x_wconf 81' lang='lat' dir='ltr'>consecuta.</span> <span class='ocrx_word' id='word_1_250' title='bbox 941 1961 1013 2023; x_wconf 65' lang='lat' dir='ltr'>Ex</span> <span class='ocrx_word' id='word_1_251' title='bbox 1032 1960 1214 2007; x_wconf 84' lang='lat' dir='ltr'>adverso</span> <span class='ocrx_word' id='word_1_252' title='bbox 1236 1975 1408 2023; x_wconf 81' lang='lat' dir='ltr'>quanto</span> <span class='ocrx_word' id='word_1_253' title='bbox 1429 1963 1579 2010; x_wconf 87' lang='lat' dir='ltr'>minus</span> <span class='ocrx_word' id='word_1_254' title='bbox 1601 1966 1862 2016; x_wconf 85' lang='lat' dir='ltr'>turbulenta</span> 
     </span>
     <span class='ocr_line' id='line_1_29' title="bbox 97 2024 1862 2093; baseline 0.005 -23"><span class='ocrx_word' id='word_1_255' title='bbox 97 2025 305 2088; x_wconf 73' lang='lat' dir='ltr'>‘gentium</span> <span class='ocrx_word' id='word_1_256' title='bbox 331 2025 520 2071; x_wconf 79' lang='lat' dir='ltr'>aliarum</span> <span class='ocrx_word' id='word_1_257' title='bbox 539 2027 676 2071; x_wconf 81' lang='lat' dir='ltr'>effent</span> <span class='ocrx_word' id='word_1_258' title='bbox 695 2024 896 2078; x_wconf 84' lang='lat' dir='ltr'>comitia,</span> <span class='ocrx_word' id='word_1_259' title='bbox 919 2037 1090 2086; x_wconf 84' lang='lat' dir='ltr'>quanto</span> <span class='ocrx_word' id='word_1_260' title='bbox 1111 2025 1253 2086; x_wconf 88' lang='lat' dir='ltr'>major</span> <span class='ocrx_word' id='word_1_261' title='bbox 1274 2028 1522 2089; x_wconf 85' lang='lat' dir='ltr'>propinqui</span> <span class='ocrx_word' id='word_1_262' title='bbox 1544 2029 1772 2093; x_wconf 80' lang='lat' dir='ltr'>sanguinis</span> <span class='ocrx_word' id='word_1_263' title='bbox 1791 2050 1862 2079; x_wconf 81' lang='lat' dir='ltr'>re-</span> 
     </span>
     <span class='ocr_line' id='line_1_30' title="bbox 96 2088 1863 2151; baseline 0.005 -16"><span class='ocrx_word' id='word_1_264' title='bbox 96 2089 315 2142; x_wconf 72' lang='lat' dir='ltr'>verentia,</span> <span class='ocrx_word' id='word_1_265' title='bbox 340 2091 442 2135; x_wconf 68' lang='lat' dir='ltr'>cum</span> <span class='ocrx_word' id='word_1_266' title='bbox 467 2090 581 2136; x_wconf 86' lang='lat' dir='ltr'>citra</span> <span class='ocrx_word' id='word_1_267' title='bbox 602 2089 900 2136; x_wconf 84' lang='lat' dir='ltr'>ambitionem</span> <span class='ocrx_word' id='word_1_268' title='bbox 925 2088 1008 2134; x_wconf 80' lang='lat' dir='ltr'>filii</span> <span class='ocrx_word' id='word_1_269' title='bbox 1030 2090 1292 2151; x_wconf 86' lang='lat' dir='ltr'>parentibus</span> <span class='ocrx_word' id='word_1_270' title='bbox 1316 2091 1619 2141; x_wconf 85' lang='lat' dir='ltr'>succederent.</span> <span class='ocrx_word' id='word_1_271' title='bbox 1664 2096 1782 2142; x_wconf 68' lang='lat' dir='ltr'>Cum</span> <span class='ocrx_word' id='word_1_272' title='bbox 1809 2114 1863 2144; x_wconf 87' lang='lat' dir='ltr'>ea</span> 
     </span>
     <span class='ocr_line' id='line_1_31' title="bbox 98 2152 1862 2222; baseline 0.006 -23"><span class='ocrx_word' id='word_1_273' title='bbox 98 2154 154 2199; x_wconf 78' lang='lat' dir='ltr'>&#39;de</span> <span class='ocrx_word' id='word_1_274' title='bbox 180 2171 225 2199; x_wconf 88' lang='lat' dir='ltr'>re</span> <span class='ocrx_word' id='word_1_275' title='bbox 248 2155 360 2216; x_wconf 87' lang='lat' dir='ltr'>quid</span> <span class='ocrx_word' id='word_1_276' title='bbox 389 2155 629 2201; x_wconf 82' lang='lat' dir='ltr'>statuerent</span> <span class='ocrx_word' id='word_1_277' title='bbox 666 2155 724 2201; x_wconf 78' lang='lat' dir='ltr'>ad</span> <span class='ocrx_word' id='word_1_278' title='bbox 745 2152 995 2201; x_wconf 88' lang='lat' dir='ltr'>concilium</span> <span class='ocrx_word' id='word_1_279' title='bbox 1018 2155 1251 2210; x_wconf 71' lang='lat' dir='ltr'>retulisset,</span> <span class='ocrx_word' id='word_1_280' title='bbox 1283 2155 1453 2216; x_wconf 88' lang='lat' dir='ltr'>adjecit</span> <span class='ocrx_word' id='word_1_281' title='bbox 1480 2157 1617 2205; x_wconf 89' lang='lat' dir='ltr'>etiam</span> <span class='ocrx_word' id='word_1_282' title='bbox 1640 2161 1862 2222; x_wconf 84' lang='lat' dir='ltr'>postulata</span> 
     </span>
     <span class='ocr_line' id='line_1_32' title="bbox 97 2218 1862 2286; baseline 0.006 -22"><span class='ocrx_word' id='word_1_283' title='bbox 97 2218 239 2281; x_wconf 84' lang='lat' dir='ltr'>Regis</span> <span class='ocrx_word' id='word_1_284' title='bbox 264 2219 524 2281; x_wconf 84' lang='lat' dir='ltr'>Anglorum</span> <span class='ocrx_word' id='word_1_285' title='bbox 549 2225 573 2266; x_wconf 75' lang='grc' dir='ltr'>ε’</span> <span class='ocrx_word' id='word_1_286' title='bbox 606 2223 653 2267; x_wconf 83' lang='lat'>&amp;</span> <span class='ocrx_word' id='word_1_287' title='bbox 680 2231 730 2265; x_wconf 90' lang='lat' dir='ltr'>ut</span> <span class='ocrx_word' id='word_1_288' title='bbox 753 2218 895 2265; x_wconf 88' lang='lat' dir='ltr'>animi</span> <span class='ocrx_word' id='word_1_289' title='bbox 917 2218 1065 2264; x_wconf 84' lang='lat' dir='ltr'>civilis</span> <span class='ocrx_word' id='word_1_290' title='bbox 1088 2219 1261 2281; x_wconf 79' lang='lat' dir='ltr'>majora</span> <span class='ocrx_word' id='word_1_291' title='bbox 1280 2222 1408 2267; x_wconf 85' lang='lat' dir='ltr'>daret</span> <span class='ocrx_word' id='word_1_292' title='bbox 1427 2221 1616 2277; x_wconf 87' lang='lat' dir='ltr'>indicia,</span> <span class='ocrx_word' id='word_1_293' title='bbox 1656 2227 1782 2286; x_wconf 92' lang='lat' dir='ltr'>quod</span> <span class='ocrx_word' id='word_1_294' title='bbox 1803 2227 1862 2274; x_wconf 86' lang='lat' dir='ltr'>de</span> 
     </span>
     <span class='ocr_line' id='line_1_33' title="bbox 99 2282 1863 2349; baseline 0.006 -21"><span class='ocrx_word' id='word_1_295' title='bbox 99 2282 334 2330; x_wconf 73' lang='lat' dir='ltr'>Cambriae</span> <span class='ocrx_word' id='word_1_296' title='bbox 355 2284 569 2345; x_wconf 65' lang='lat' dir='ltr'>praesefto</span> <span class='ocrx_word' id='word_1_297' title='bbox 590 2284 786 2329; x_wconf 87' lang='lat' dir='ltr'>creando</span> <span class='ocrx_word' id='word_1_298' title='bbox 820 2284 909 2330; x_wconf 79' lang='lat' dir='ltr'>suae</span> <span class='ocrx_word' id='word_1_299' title='bbox 929 2284 1160 2346; x_wconf 85' lang='lat' dir='ltr'>potestatis</span> <span class='ocrx_word' id='word_1_300' title='bbox 1177 2284 1272 2346; x_wconf 87' lang='lat' dir='ltr'>jam</span> <span class='ocrx_word' id='word_1_301' title='bbox 1296 2287 1446 2349; x_wconf 87' lang='lat' dir='ltr'>Reges</span> <span class='ocrx_word' id='word_1_302' title='bbox 1469 2286 1685 2343; x_wconf 81' lang='lat' dir='ltr'>fecerant,</span> <span class='ocrx_word' id='word_1_303' title='bbox 1708 2290 1863 2338; x_wconf 85' lang='lat' dir='ltr'>suffra-</span> 
     </span>
     <span class='ocr_line' id='line_1_34' title="bbox 97 2346 1864 2424; baseline 0.006 -32"><span class='ocrx_word' id='word_1_304' title='bbox 97 2347 188 2411; x_wconf 82' lang='lat' dir='ltr'>giis</span> <span class='ocrx_word' id='word_1_305' title='bbox 217 2346 426 2393; x_wconf 81' lang='lat' dir='ltr'>omnium</span> <span class='ocrx_word' id='word_1_306' title='bbox 448 2348 650 2410; x_wconf 78' lang='lat' dir='ltr'>permisit</span> <span class='ocrx_word' id='word_1_307' title='bbox 672 2365 683 2394; x_wconf 92' lang='lat'><strong>:</strong></span> <span class='ocrx_word' id='word_1_308' title='bbox 719 2349 845 2395; x_wconf 77' lang='lat' dir='ltr'>simul</span> <span class='ocrx_word' id='word_1_309' title='bbox 871 2361 993 2394; x_wconf 88' lang='lat' dir='ltr'>ratus</span> <span class='ocrx_word' id='word_1_310' title='bbox 1023 2348 1108 2396; x_wconf 88' lang='lat' dir='ltr'>hac</span> <span class='ocrx_word' id='word_1_311' title='bbox 1134 2349 1447 2397; x_wconf 84' lang='lat' dir='ltr'>moderatione</span> <span class='ocrx_word' id='word_1_312' title='bbox 1461 2352 1602 2424; x_wconf 62' lang='lat' dir='ltr'>guod</span> <span class='ocrx_word' id='word_1_313' title='bbox 1639 2352 1696 2399; x_wconf 93' lang='lat' dir='ltr'>de</span> <span class='ocrx_word' id='word_1_314' title='bbox 1719 2371 1864 2418; x_wconf 86' lang='lat' dir='ltr'>regno</span> 
     </span>
     <span class='ocr_line' id='line_1_35' title="bbox 97 2411 1863 2478; baseline 0.005 -21"><span class='ocrx_word' id='word_1_315' title='bbox 97 2412 283 2475; x_wconf 87' lang='lat' dir='ltr'>petebat</span> <span class='ocrx_word' id='word_1_316' title='bbox 300 2411 340 2458; x_wconf 79' lang='lat' dir='ltr'>se</span> <span class='ocrx_word' id='word_1_317' title='bbox 361 2413 538 2458; x_wconf 77' lang='lat' dir='ltr'>facilius</span> <span class='ocrx_word' id='word_1_318' title='bbox 559 2412 925 2474; x_wconf 79' lang='lat' dir='ltr'>impetraturum,</span> <span class='ocrx_word' id='word_1_319' title='bbox 960 2413 1096 2460; x_wconf 78' lang='lat' dir='ltr'>simul</span> <span class='ocrx_word' id='word_1_320' title='bbox 1130 2428 1187 2459; x_wconf 87' lang='lat' dir='ltr'>ne</span> <span class='ocrx_word' id='word_1_321' title='bbox 1205 2413 1233 2460; x_wconf 85' lang='lat' dir='ltr'>fi</span> <span class='ocrx_word' id='word_1_322' title='bbox 1259 2413 1405 2461; x_wconf 88' lang='lat' dir='ltr'>filium</span> <span class='ocrx_word' id='word_1_323' title='bbox 1426 2416 1691 2478; x_wconf 64' lang='lat' dir='ltr'>praefeRum</span> <span class='ocrx_word' id='word_1_324' title='bbox 1713 2420 1863 2466; x_wconf 89' lang='lat' dir='ltr'>nomi-</span> 
     </span>
     <span class='ocr_line' id='line_1_36' title="bbox 99 2475 1863 2546; baseline 0.006 -23"><span class='ocrx_word' id='word_1_325' title='bbox 99 2490 243 2532; x_wconf 84' lang='lat' dir='ltr'>naret,</span> <span class='ocrx_word' id='word_1_326' title='bbox 269 2475 397 2523; x_wconf 76' lang='lat' dir='ltr'>alteri</span> <span class='ocrx_word' id='word_1_327' title='bbox 418 2477 650 2541; x_wconf 86' lang='lat' dir='ltr'>rogationi</span> <span class='ocrx_word' id='word_1_328' title='bbox 671 2477 977 2540; x_wconf 80' lang='lat' dir='ltr'>praejudicaffe</span> <span class='ocrx_word' id='word_1_329' title='bbox 997 2477 1225 2525; x_wconf 85' lang='lat' dir='ltr'>videretur</span> <span class='ocrx_word' id='word_1_330' title='bbox 1251 2495 1262 2524; x_wconf 78' lang='lat' dir='ltr'><strong><em>z</em></strong></span> <span class='ocrx_word' id='word_1_331' title='bbox 1299 2479 1426 2542; x_wconf 73' lang='lat' dir='ltr'>quod</span> <span class='ocrx_word' id='word_1_332' title='bbox 1449 2479 1517 2526; x_wconf 82' lang='lat' dir='ltr'>uti</span> <span class='ocrx_word' id='word_1_333' title='bbox 1538 2480 1652 2538; x_wconf 84' lang='lat' dir='ltr'>dixi,</span> <span class='ocrx_word' id='word_1_334' title='bbox 1675 2483 1863 2546; x_wconf 86' lang='lat' dir='ltr'>praefec-</span> 
     </span>
     <span class='ocr_line' id='line_1_37' title="bbox 99 2541 1468 2605; baseline 0.003 -18"><span class='ocrx_word' id='word_1_335' title='bbox 99 2550 199 2587; x_wconf 82' lang='lat' dir='ltr'>tura</span> <span class='ocrx_word' id='word_1_336' title='bbox 218 2542 454 2587; x_wconf 79' lang='lat' dir='ltr'>Cumbriae</span> <span class='ocrx_word' id='word_1_337' title='bbox 475 2542 600 2588; x_wconf 89' lang='lat' dir='ltr'>velut</span> <span class='ocrx_word' id='word_1_338' title='bbox 622 2541 762 2605; x_wconf 71' lang='lat' dir='ltr'>Regis</span> <span class='ocrx_word' id='word_1_339' title='bbox 786 2541 930 2587; x_wconf 76' lang='lat' dir='ltr'>futuri</span> <span class='ocrx_word' id='word_1_340' title='bbox 950 2542 1201 2605; x_wconf 81' lang='lat' dir='ltr'>designatio</span> <span class='ocrx_word' id='word_1_341' title='bbox 1221 2542 1468 2591; x_wconf 86' lang='lat' dir='ltr'>videretur.</span> 
     </span>
    </p>

    <p class='ocr_par' dir='ltr' id='par_1_4' title="bbox 61 2606 1872 3385">
     <span class='ocr_line' id='line_1_38' title="bbox 102 2606 1866 2670; baseline 0.006 -20"><span class='ocrx_word' id='word_1_342' title='bbox 102 2621 104 2623; x_wconf 89' lang='lat'>·</span> <span class='ocrx_word' id='word_1_343' title='bbox 164 2606 386 2652; x_wconf 85' lang='lat' dir='ltr'>XXXIX.</span> <span class='ocrx_word' id='word_1_344' title='bbox 421 2606 530 2670; x_wconf 82' lang='lat' dir='ltr'>·Qi</span> <span class='ocrx_word' id='word_1_345' title='bbox 567 2606 747 2669; x_wconf 87' lang='lat' dir='ltr'>utrique</span> <span class='ocrx_word' id='word_1_346' title='bbox 782 2606 1012 2669; x_wconf 83' lang='lat' dir='ltr'>rogationi</span> <span class='ocrx_word' id='word_1_347' title='bbox 1051 2607 1248 2654; x_wconf 68' lang='lat' dir='ltr'>maxime</span> <span class='ocrx_word' id='word_1_348' title='bbox 1280 2607 1555 2657; x_wconf 82' lang='lat' dir='ltr'>videbantur</span> <span class='ocrx_word' id='word_1_349' title='bbox 1590 2611 1866 2661; x_wconf 85' lang='lat' dir='ltr'>adversat-uri</span> 
     </span>
     <span class='ocr_line' id='line_1_39' title="bbox 105 2669 1865 2739; baseline 0.006 -25"><span class='ocrx_word' id='word_1_350' title='bbox 105 2669 426 2716; x_wconf 84' lang='lat' dir='ltr'>Constantinus</span> <span class='ocrx_word' id='word_1_351' title='bbox 451 2670 629 2716; x_wconf 26' lang='lat' dir='ltr'>Culeni.</span> <span class='ocrx_word' id='word_1_352' title='bbox 641 2670 776 2725; x_wconf 87' lang='lat' dir='ltr'>filius,</span> <span class='ocrx_word' id='word_1_353' title='bbox 813 2676 852 2717; x_wconf 70' lang='grc' dir='ltr'>δε</span> <span class='ocrx_word' id='word_1_354' title='bbox 877 2671 1068 2718; x_wconf 85' lang='lat' dir='ltr'>Grimns</span> <span class='ocrx_word' id='word_1_355' title='bbox 1098 2686 1156 2717; x_wconf 84' lang='lat' dir='ltr'>ex</span> <span class='ocrx_word' id='word_1_356' title='bbox 1178 2673 1393 2737; x_wconf 86' lang='lat' dir='ltr'>Mogallo</span> <span class='ocrx_word' id='word_1_357' title='bbox 1414 2673 1542 2721; x_wconf 85' lang='lat' dir='ltr'>Duffi</span> <span class='ocrx_word' id='word_1_358' title='bbox 1565 2675 1706 2739; x_wconf 87' lang='lat' dir='ltr'>Regis</span> <span class='ocrx_word' id='word_1_359' title='bbox 1728 2677 1865 2726; x_wconf 85' lang='lat' dir='ltr'>fratre</span> 
     </span>
     <span class='ocr_line' id='line_1_40' title="bbox 101 2733 1866 2804; baseline 0.007 -26"><span class='ocrx_word' id='word_1_360' title='bbox 101 2746 232 2778; x_wconf 69' lang='lat' dir='ltr'>natus</span> <span class='ocrx_word' id='word_1_361' title='bbox 263 2733 428 2795; x_wconf 85' lang='lat' dir='ltr'>partim</span> <span class='ocrx_word' id='word_1_362' title='bbox 459 2733 706 2781; x_wconf 88' lang='lat' dir='ltr'>formidine</span> <span class='ocrx_word' id='word_1_363' title='bbox 728 2734 936 2797; x_wconf 88' lang='lat' dir='ltr'>periculi,</span> <span class='ocrx_word' id='word_1_364' title='bbox 967 2735 1134 2799; x_wconf 89' lang='lat' dir='ltr'>partim</span> <span class='ocrx_word' id='word_1_365' title='bbox 1158 2752 1215 2783; x_wconf 89' lang='lat' dir='ltr'>ne</span> <span class='ocrx_word' id='word_1_366' title='bbox 1234 2737 1486 2785; x_wconf 87' lang='lat' dir='ltr'>nobilitatis</span> <span class='ocrx_word' id='word_1_367' title='bbox 1508 2740 1671 2801; x_wconf 87' lang='lat' dir='ltr'>majori</span> <span class='ocrx_word' id='word_1_368' title='bbox 1690 2742 1810 2804; x_wconf 91' lang='lat' dir='ltr'>parti</span> <span class='ocrx_word' id='word_1_369' title='bbox 1839 2760 1866 2790; x_wconf 86' lang='lat' dir='ltr'>a</span> 
     </span>
     <span class='ocr_line' id='line_1_41' title="bbox 98 2798 1866 2869; baseline 0.005 -25"><span class='ocrx_word' id='word_1_370' title='bbox 98 2799 232 2860; x_wconf 82' lang='lat' dir='ltr'>Rege</span> <span class='ocrx_word' id='word_1_371' title='bbox 263 2811 580 2861; x_wconf 82' lang='lat' dir='ltr'>praecorruptae</span> <span class='ocrx_word' id='word_1_372' title='bbox 611 2800 968 2855; x_wconf 84' lang='lat' dir='ltr'>adversarentur,</span> <span class='ocrx_word' id='word_1_373' title='bbox 994 2798 1143 2863; x_wconf 80' lang='lat' dir='ltr'>primi</span> <span class='ocrx_word' id='word_1_374' title='bbox 1176 2802 1383 2848; x_wconf 85' lang='lat' dir='ltr'>omnium</span> <span class='ocrx_word' id='word_1_375' title='bbox 1417 2802 1683 2852; x_wconf 84' lang='lat' dir='ltr'>sententiam</span> <span class='ocrx_word' id='word_1_376' title='bbox 1716 2806 1866 2869; x_wconf 86' lang='lat' dir='ltr'>rogati</span> 
     </span>
     <span class='ocr_line' id='line_1_42' title="bbox 98 2863 1864 2933; baseline 0.006 -26"><span class='ocrx_word' id='word_1_377' title='bbox 98 2878 237 2924; x_wconf 90' lang='lat' dir='ltr'>penes</span> <span class='ocrx_word' id='word_1_378' title='bbox 259 2863 437 2926; x_wconf 85' lang='lat' dir='ltr'>Regem</span> <span class='ocrx_word' id='word_1_379' title='bbox 467 2865 550 2910; x_wconf 84' lang='lat' dir='ltr'>effe</span> <span class='ocrx_word' id='word_1_380' title='bbox 572 2864 804 2919; x_wconf 86' lang='lat' dir='ltr'>dixerunt,</span> <span class='ocrx_word' id='word_1_381' title='bbox 846 2869 887 2911; x_wconf 72' lang='grc' dir='ltr'>δε</span> <span class='ocrx_word' id='word_1_382' title='bbox 915 2866 1041 2928; x_wconf 89' lang='lat' dir='ltr'>leges</span> <span class='ocrx_word' id='word_1_383' title='bbox 1065 2865 1250 2927; x_wconf 87' lang='lat' dir='ltr'>publice</span> <span class='ocrx_word' id='word_1_384' title='bbox 1279 2866 1594 2915; x_wconf 84' lang='lat' dir='ltr'>incommodas</span> <span class='ocrx_word' id='word_1_385' title='bbox 1618 2869 1864 2933; x_wconf 84' lang='lat' dir='ltr'>corrigere,</span> 
     </span>
     <span class='ocr_line' id='line_1_43' title="bbox 101 2925 1868 2996; baseline 0.005 -24"><span class='ocrx_word' id='word_1_386' title='bbox 101 2932 142 2972; x_wconf 88' lang='lat'>&amp;</span> <span class='ocrx_word' id='word_1_387' title='bbox 165 2925 418 2987; x_wconf 63' lang='lat' dir='ltr'>praefefms,</span> <span class='ocrx_word' id='word_1_388' title='bbox 445 2944 560 2989; x_wconf 88' lang='lat' dir='ltr'>quos</span> <span class='ocrx_word' id='word_1_389' title='bbox 582 2928 786 2978; x_wconf 73' lang='lat' dir='ltr'>ei‘visnni</span> <span class='ocrx_word' id='word_1_390' title='bbox 812 2928 945 2983; x_wconf 86' lang='lat' dir='ltr'>foret,</span> <span class='ocrx_word' id='word_1_391' title='bbox 982 2930 1270 2977; x_wconf 86' lang='lat' dir='ltr'>constituere.</span> <span class='ocrx_word' id='word_1_392' title='bbox 1338 2930 1455 2980; x_wconf 81' lang='lat' dir='ltr'>Haec</span> <span class='ocrx_word' id='word_1_393' title='bbox 1477 2932 1660 2996; x_wconf 87' lang='lat' dir='ltr'>reliqui,</span> <span class='ocrx_word' id='word_1_394' title='bbox 1685 2936 1765 2981; x_wconf 78' lang='lat' dir='ltr'>etsi</span> <span class='ocrx_word' id='word_1_395' title='bbox 1788 2951 1868 2981; x_wconf 90' lang='lat' dir='ltr'>eos</span> 
     </span>
     <span class='ocr_line' id='line_1_44' title="bbox 61 2990 1869 3061; baseline 0.006 -26"><span class='ocrx_word' id='word_1_396' title='bbox 61 3020 65 3023; x_wconf 91' lang='lat'>-</span> <span class='ocrx_word' id='word_1_397' title='bbox 99 3006 194 3054; x_wconf 83' lang='lat' dir='ltr'>non</span> <span class='ocrx_word' id='word_1_398' title='bbox 215 3006 270 3036; x_wconf 86' lang='lat' dir='ltr'>ex</span> <span class='ocrx_word' id='word_1_399' title='bbox 293 2990 431 3037; x_wconf 85' lang='lat' dir='ltr'>animi</span> <span class='ocrx_word' id='word_1_400' title='bbox 454 2992 673 3044; x_wconf 83' lang='lat' dir='ltr'>sententia</span> <span class='ocrx_word' id='word_1_401' title='bbox 688 2995 865 3040; x_wconf 83' lang='lat' dir='ltr'>locutos</span> <span class='ocrx_word' id='word_1_402' title='bbox 886 2993 1215 3057; x_wconf 84' lang='lat' dir='ltr'>intelligerent,</span> <span class='ocrx_word' id='word_1_403' title='bbox 1240 3007 1392 3042; x_wconf 87' lang='lat' dir='ltr'>tamen</span> <span class='ocrx_word' id='word_1_404' title='bbox 1415 3002 1742 3061; x_wconf 81' lang='lat' dir='ltr'>approbarunt.</span> <span class='ocrx_word' id='word_1_405' title='bbox 1795 3000 1869 3058; x_wconf 83' lang='lat' dir='ltr'>Ita</span> 
     </span>
     <span class='ocr_line' id='line_1_45' title="bbox 94 3055 1870 3120; baseline 0.006 -20"><span class='ocrx_word' id='word_1_406' title='bbox 94 3055 435 3102; x_wconf 79' lang='lat' dir='ltr'>Nlilcolumbus</span> <span class='ocrx_word' id='word_1_407' title='bbox 453 3056 594 3120; x_wconf 87' lang='lat' dir='ltr'>Regis</span> <span class='ocrx_word' id='word_1_408' title='bbox 613 3058 730 3104; x_wconf 88' lang='lat' dir='ltr'>filius</span> <span class='ocrx_word' id='word_1_409' title='bbox 752 3058 998 3104; x_wconf 85' lang='lat' dir='ltr'>immatura</span> <span class='ocrx_word' id='word_1_410' title='bbox 1019 3058 1168 3105; x_wconf 88' lang='lat' dir='ltr'>adhuc</span> <span class='ocrx_word' id='word_1_411' title='bbox 1185 3060 1243 3106; x_wconf 91' lang='lat' dir='ltr'>ad</span> <span class='ocrx_word' id='word_1_412' title='bbox 1260 3077 1410 3107; x_wconf 89' lang='lat' dir='ltr'>rerum</span> <span class='ocrx_word' id='word_1_413' title='bbox 1434 3061 1870 3110; x_wconf 87' lang='lat' dir='ltr'>administrationem</span> 
     </span>
     <span class='ocr_line' id='line_1_46' title="bbox 101 3117 1872 3191; baseline 0.007 -28"><span class='ocrx_word' id='word_1_414' title='bbox 101 3121 291 3164; x_wconf 66' lang='lat' dir='ltr'>aetate-³&amp;</span> <span class='ocrx_word' id='word_1_415' title='bbox 305 3119 345 3165; x_wconf 90' lang='lat' dir='ltr'>C</span> <span class='ocrx_word' id='word_1_416' title='bbox 352 3120 540 3166; x_wconf 79' lang='lat' dir='ltr'>umbriae</span> <span class='ocrx_word' id='word_1_417' title='bbox 555 3117 812 3183; x_wconf 64' lang='lat' dir='ltr'>praefeRuS,</span> <span class='ocrx_word' id='word_1_418' title='bbox 830 3128 870 3168; x_wconf 73' lang='grc' dir='ltr'>δε</span> <span class='ocrx_word' id='word_1_419' title='bbox 885 3122 1097 3185; x_wconf 77' lang='lat' dir='ltr'>princeps</span> <span class='ocrx_word' id='word_1_420' title='bbox 1112 3126 1348 3172; x_wconf 85' lang='lat' dir='ltr'>Scotorum</span> <span class='ocrx_word' id='word_1_421' title='bbox 1371 3127 1430 3171; x_wconf 93' lang='lat' dir='ltr'>est</span> <span class='ocrx_word' id='word_1_422' title='bbox 1445 3126 1724 3173; x_wconf 87' lang='lat' dir='ltr'>declaratus:</span> <span class='ocrx_word' id='word_1_423' title='bbox 1742 3124 1872 3191; x_wconf 64' lang='lat' dir='ltr'>q&#39;uod</span> 
     </span>
     <span class='ocr_line' id='line_1_47' title="bbox 101 3183 1869 3256; baseline 0.006 -28"><span class='ocrx_word' id='word_1_424' title='bbox 101 3199 270 3229; x_wconf 77' lang='lat' dir='ltr'>nomen</span> <span class='ocrx_word' id='word_1_425' title='bbox 292 3183 482 3245; x_wconf 82' lang='lat' dir='ltr'>perinde</span> <span class='ocrx_word' id='word_1_426' title='bbox 515 3186 575 3231; x_wconf 87' lang='lat' dir='ltr'>est</span> <span class='ocrx_word' id='word_1_427' title='bbox 608 3186 771 3237; x_wconf 75' lang='lat' dir='ltr'>Semis,</span> <span class='ocrx_word' id='word_1_428' title='bbox 795 3198 931 3248; x_wconf 89' lang='lat' dir='ltr'>atque</span> <span class='ocrx_word' id='word_1_429' title='bbox 956 3187 1028 3249; x_wconf 66' lang='grc' dir='ltr'>(ε)</span> <span class='ocrx_word' id='word_1_430' title='bbox 1054 3187 1175 3249; x_wconf 90' lang='lat' dir='ltr'>apud</span> <span class='ocrx_word' id='word_1_431' title='bbox 1196 3187 1358 3234; x_wconf 87' lang='lat' dir='ltr'>Gallos</span> <span class='ocrx_word' id='word_1_432' title='bbox 1379 3189 1605 3245; x_wconf 86' lang='lat' dir='ltr'>Delfinus,</span> <span class='ocrx_word' id='word_1_433' title='bbox 1631 3192 1754 3253; x_wconf 88' lang='lat' dir='ltr'>apud</span> <span class='ocrx_word' id='word_1_434' title='bbox 1775 3192 1869 3256; x_wconf 85' lang='lat' dir='ltr'>pri·</span> 
     </span>
     <span class='ocr_line' id='line_1_48' title="bbox 101 3249 1871 3314; baseline 0.005 -21"><span class='ocrx_word' id='word_1_435' title='bbox 101 3263 202 3293; x_wconf 88' lang='lat' dir='ltr'>ores</span> <span class='ocrx_word' id='word_1_436' title='bbox 227 3249 542 3296; x_wconf 82' lang='lat' dir='ltr'>Romanorum</span> <span class='ocrx_word' id='word_1_437' title='bbox 564 3251 865 3314; x_wconf 84' lang='lat' dir='ltr'>Imperatores</span> <span class='ocrx_word' id='word_1_438' title='bbox 889 3250 1056 3305; x_wconf 79' lang='lat' dir='ltr'>Caesar,</span> <span class='ocrx_word' id='word_1_439' title='bbox 1079 3251 1203 3313; x_wconf 85' lang='lat' dir='ltr'>apud</span> <span class='ocrx_word' id='word_1_440' title='bbox 1224 3251 1489 3314; x_wconf 88' lang='lat' dir='ltr'>posteriores</span> <span class='ocrx_word' id='word_1_441' title='bbox 1511 3255 1615 3300; x_wconf 84' lang='lat' dir='ltr'>Rex</span> <span class='ocrx_word' id='word_1_442' title='bbox 1635 3256 1871 3304; x_wconf 89' lang='lat' dir='ltr'>Romano-</span> 
     </span>
     <span class='ocr_line' id='line_1_49' title="bbox 70 3312 1870 3385; baseline 0.006 -27"><span class='ocrx_word' id='word_1_443' title='bbox 70 3331 71 3334; x_wconf 46' lang='lat'><em>*</em></span> <span class='ocrx_word' id='word_1_444' title='bbox 99 3327 220 3366; x_wconf 84' lang='lat' dir='ltr'>rum,</span> <span class='ocrx_word' id='word_1_445' title='bbox 245 3312 411 3375; x_wconf 88' lang='lat' dir='ltr'>quibus</span> <span class='ocrx_word' id='word_1_446' title='bbox 433 3312 648 3362; x_wconf 84' lang='lat' dir='ltr'>omnibus</span> <span class='ocrx_word' id='word_1_447' title='bbox 671 3314 887 3361; x_wconf 79' lang='lat' dir='ltr'>successor</span> <span class='ocrx_word' id='word_1_448' title='bbox 908 3314 1128 3378; x_wconf 88' lang='lat' dir='ltr'>superiori</span> <span class='ocrx_word' id='word_1_449' title='bbox 1146 3316 1426 3381; x_wconf 89' lang='lat' dir='ltr'>magistratui</span> <span class='ocrx_word' id='word_1_450' title='bbox 1455 3318 1554 3366; x_wconf 88' lang='lat' dir='ltr'>dari</span> <span class='ocrx_word' id='word_1_451' title='bbox 1574 3318 1870 3385; x_wconf 85' lang='lat' dir='ltr'>intelligitur.</span> 
     </span>
    </p>
   </div>
   <div class='ocr_carea' id='block_1_3' title="bbox 100 3449 1875 3662">
    <p class='ocr_par' dir='ltr' id='par_1_5' title="bbox 100 3449 1875 3662">
     <span class='ocr_line' id='line_1_50' title="bbox 157 3449 1872 3507; baseline 0.005 -18"><span class='ocrx_word' id='word_1_452' title='bbox 157 3449 217 3499; x_wconf 87' lang='lat'>(1)</span> <span class='ocrx_word' id='word_1_453' title='bbox 247 3453 292 3488; x_wconf 92' lang='lat' dir='ltr'>In</span> <span class='ocrx_word' id='word_1_454' title='bbox 313 3452 464 3498; x_wconf 80' lang='lat' dir='ltr'>France,</span> <span class='ocrx_word' id='word_1_455' title='bbox 495 3453 560 3490; x_wconf 77' lang='lat' dir='ltr'>the</span> <span class='ocrx_word' id='word_1_456' title='bbox 579 3452 704 3502; x_wconf 84' lang='lat' dir='ltr'>prince</span> <span class='ocrx_word' id='word_1_457' title='bbox 717 3452 805 3490; x_wconf 80' lang='lat' dir='ltr'>who</span> <span class='ocrx_word' id='word_1_458' title='bbox 823 3453 854 3490; x_wconf 78' lang='lat' dir='ltr'>is</span> <span class='ocrx_word' id='word_1_459' title='bbox 873 3461 961 3491; x_wconf 86' lang='lat' dir='ltr'>next</span> <span class='ocrx_word' id='word_1_460' title='bbox 1013 3454 1190 3502; x_wconf 82' lang='lat' dir='ltr'>Augusti,</span> <span class='ocrx_word' id='word_1_461' title='bbox 1205 3457 1275 3492; x_wconf 86' lang='lat' dir='ltr'>and</span> <span class='ocrx_word' id='word_1_462' title='bbox 1288 3455 1385 3494; x_wconf 84' lang='lat' dir='ltr'>their</span> <span class='ocrx_word' id='word_1_463' title='bbox 1398 3467 1571 3507; x_wconf 86' lang='lat' dir='ltr'>apparent</span> <span class='ocrx_word' id='word_1_464' title='bbox 1585 3456 1872 3498; x_wconf 66' lang='lat' dir='ltr'>succefforscae-</span> 
     </span>
     <span class='ocr_line' id='line_1_51' title="bbox 100 3504 1875 3562; baseline 0.006 -23"><span class='ocrx_word' id='word_1_465' title='bbox 100 3509 140 3539; x_wconf 83' lang='lat' dir='ltr'>to</span> <span class='ocrx_word' id='word_1_466' title='bbox 153 3504 298 3541; x_wconf 84' lang='lat' dir='ltr'>succeed</span> <span class='ocrx_word' id='word_1_467' title='bbox 312 3514 350 3542; x_wconf 89' lang='lat' dir='ltr'>to</span> <span class='ocrx_word' id='word_1_468' title='bbox 365 3506 435 3544; x_wconf 79' lang='lat' dir='ltr'>the</span> <span class='ocrx_word' id='word_1_469' title='bbox 446 3519 571 3543; x_wconf 81' lang='lat' dir='ltr'>crown</span> <span class='ocrx_word' id='word_1_470' title='bbox 587 3507 616 3542; x_wconf 85' lang='lat' dir='ltr'>is</span> <span class='ocrx_word' id='word_1_471' title='bbox 631 3508 762 3543; x_wconf 80' lang='lat' dir='ltr'>named</span> <span class='ocrx_word' id='word_1_472' title='bbox 778 3505 841 3542; x_wconf 85' lang='lat' dir='ltr'>the</span> <span class='ocrx_word' id='word_1_473' title='bbox 856 3506 961 3543; x_wconf 81' lang='lat' dir='ltr'>Dau-</span> <span class='ocrx_word' id='word_1_474' title='bbox 1011 3507 1109 3553; x_wconf 61' lang='lat' dir='ltr'>&gt;sares</span> <span class='ocrx_word' id='word_1_475' title='bbox 1143 3522 1152 3546; x_wconf 66' lang='grc' dir='ltr'><em>τ</em></span> <span class='ocrx_word' id='word_1_476' title='bbox 1200 3507 1265 3546; x_wconf 90' lang='lat' dir='ltr'>the</span> <span class='ocrx_word' id='word_1_477' title='bbox 1300 3523 1484 3559; x_wconf 78' lang='lat' dir='ltr'>emperors</span> <span class='ocrx_word' id='word_1_478' title='bbox 1515 3525 1601 3549; x_wconf 82' lang='lat' dir='ltr'>now</span> <span class='ocrx_word' id='word_1_479' title='bbox 1631 3513 1799 3562; x_wconf 80' lang='lat' dir='ltr'>reigning</span> <span class='ocrx_word' id='word_1_480' title='bbox 1833 3514 1875 3550; x_wconf 86' lang='lat' dir='ltr'>in</span> 
     </span>
     <span class='ocr_line' id='line_1_52' title="bbox 101 3557 1875 3618; baseline 0.005 -23"><span class='ocrx_word' id='word_1_481' title='bbox 101 3557 193 3605; x_wconf 87' lang='lat' dir='ltr'>phin</span> <span class='ocrx_word' id='word_1_482' title='bbox 218 3558 314 3594; x_wconf 88' lang='lat' dir='ltr'>from</span> <span class='ocrx_word' id='word_1_483' title='bbox 329 3557 395 3595; x_wconf 88' lang='lat' dir='ltr'>the</span> <span class='ocrx_word' id='word_1_484' title='bbox 410 3559 648 3608; x_wconf 75' lang='lat' dir='ltr'>principality</span> <span class='ocrx_word' id='word_1_485' title='bbox 668 3559 712 3596; x_wconf 90' lang='lat' dir='ltr'>of</span> <span class='ocrx_word' id='word_1_486' title='bbox 723 3560 958 3609; x_wconf 83' lang='lat' dir='ltr'>Dauphinie:</span> <span class='ocrx_word' id='word_1_487' title='bbox 1017 3562 1210 3610; x_wconf 88' lang='lat' dir='ltr'>Germany</span> <span class='ocrx_word' id='word_1_488' title='bbox 1240 3563 1311 3599; x_wconf 87' lang='lat' dir='ltr'>call</span> <span class='ocrx_word' id='word_1_489' title='bbox 1335 3563 1440 3602; x_wconf 65' lang='lat' dir='ltr'>‘their</span> <span class='ocrx_word' id='word_1_490' title='bbox 1463 3567 1659 3618; x_wconf 77' lang='lat' dir='ltr'>appearing</span> <span class='ocrx_word' id='word_1_491' title='bbox 1686 3566 1875 3605; x_wconf 75' lang='lat' dir='ltr'>successbrs</span> 
     </span>
     <span class='ocr_line' id='line_1_53' title="bbox 101 3610 1469 3662; baseline 0.007 -16"><span class='ocrx_word' id='word_1_492' title='bbox 101 3610 167 3646; x_wconf 85' lang='lat' dir='ltr'>the</span> <span class='ocrx_word' id='word_1_493' title='bbox 180 3623 370 3660; x_wconf 73' lang='lat' dir='ltr'>emperors</span> <span class='ocrx_word' id='word_1_494' title='bbox 390 3613 434 3650; x_wconf 82' lang='lat' dir='ltr'>of</span> <span class='ocrx_word' id='word_1_495' title='bbox 447 3614 572 3652; x_wconf 83' lang='lat' dir='ltr'>Rome</span> <span class='ocrx_word' id='word_1_496' title='bbox 591 3615 722 3651; x_wconf 78' lang='lat' dir='ltr'>named</span> <span class='ocrx_word' id='word_1_497' title='bbox 742 3611 962 3651; x_wconf 80' lang='lat' dir='ltr'>themselves</span> <span class='ocrx_word' id='word_1_498' title='bbox 1016 3613 1127 3662; x_wconf 75' lang='lat' dir='ltr'>ki-ngs</span> <span class='ocrx_word' id='word_1_499' title='bbox 1145 3613 1188 3654; x_wconf 85' lang='lat' dir='ltr'>of</span> <span class='ocrx_word' id='word_1_500' title='bbox 1199 3614 1264 3655; x_wconf 81' lang='lat' dir='ltr'>the</span> <span class='ocrx_word' id='word_1_501' title='bbox 1287 3617 1469 3657; x_wconf 73' lang='lat' dir='ltr'>Romam.</span> 
     </span>
    </p>
   </div>
   <div class='ocr_carea' id='block_1_4' title="bbox 1758 3722 1879 3772">
    <p class='ocr_par' dir='ltr' id='par_1_6' title="bbox 1758 3722 1879 3772">
     <span class='ocr_line' id='line_1_54' title="bbox 1758 3722 1879 3772; baseline 0.008 -1"><span class='ocrx_word' id='word_1_502' title='bbox 1758 3728 1761 3735; x_wconf 59' lang='lat'><em>¹</em></span> <span class='ocrx_word' id='word_1_503' title='bbox 1777 3722 1879 3772; x_wconf 77' lang='lat' dir='ltr'>Ad-</span> 
     </span>
    </p>
   </div>
  </div>
 </body>
</html>
