2043 3864
483 176 820 243 LIBER
913 176 1409 240 Ger-Avus.
1513 178 1517 182 ’
1718 193 1844 257 2¹3

85 279 328 343 queratJse
349 291 441 325 non
463 274 604 321 modo
623 288 768 337 regno
790 273 1041 327 Scotorumx
1059 283 1264 326 exutum,
1287 270 1363 318 sed
1383 272 1441 318 de
1462 270 1636 336 Anglia
1658 273 1846 323 dimica-

89 362 138 392 re
159 345 365 391 coactum
386 349 602 392 cerneret,
621 349 809 401 gentem
828 335 944 397 saepe
966 336 1205 392 rebellem,
1226 337 1399 399 semper
1419 336 1692 398 inquietam,
1717 346 1756 385 δε
1776 341 1848 387 in·-

89 409 243 455 festam
267 407 423 454 tollere
455 401 684 464 cupiebat.
752 400 805 447 Id
833 411 882 446 ut
903 405 944 446 δε
966 401 1199 461 perficeret
1220 400 1468 447 exercitum
1491 416 1584 446 non
1617 402 1756 449 modo
1787 420 1847 450 ex

87 472 275 535 Anglis‚
297 473 346 517 δε
368 465 531 519 ScotiS,
555 467 636 528 qui
657 464 918 528 Anglorum
940 463 1103 511 sectam
1123 464 1440 527 sequebantur,
1460 463 1530 510 sed
1559 466 1630 527 (1)
1659 467 1682 512 ὲ
1709 467 1849 513 tranf-

87 530 262 582 marina
282 529 472 585 ditione,
501 533 624 592 (quae
642 543 740 578 tum
761 529 806 575 ei
818 543 1001 590 magna,
1024 533 1064 574 &
1086 532 1304 590 opulenta
1320 531 1435 588 erat)
1456 542 1678 590 quantum
1698 531 1852 577 nullus

88 611 287 660 unquam
310 597 411 641 Rex
446 595 705 657 Anglorum
730 591 930 639 habuisse
953 591 1122 638 dicitur
1149 593 1304 654 coegit
1329 612 1340 639 ;
1385 593 1635 657 corrogatis
1663 595 1800 641 etiam
1824 596 1852 642 a

88 658 392 708 transmarinis
415 658 574 706 amicis
597 656 797 712 auxiliis,
833 655 1032 703 maxime
1056 655 1082 701 a
1113 657 1336 711 Flandris‚
1380 663 1419 703 δε
1449 658 1712 714 Hollandis,
1736 675 1851 722 quos

86 737 216 788 pater
235 724 331 785 ejus
363 722 571 770 adversus
593 721 860 784 Philippum
885 721 1130 767 Gallorum
1151 721 1329 783 Regem
1364 720 1572 783 impense
1602 723 1850 783 adjuverat.

90 790 146 836 In
162 805 217 836 eo
238 787 438 838 exercitu
457 788 588 850 supra
605 798 790 833 centum
810 784 957 832 millia
975 785 1246 832 bellatorum
1266 785 1390 832 fuiffe
1413 786 1644 833 dicuntur.
1682 789 1852 851 Sequer-

90 852 221 900 batur
242 851 380 899 etiam
402 852 535 898 turba
546 851 777 905 calonum,
798 854 848 899 ὅτ
865 849 1080 903 lixarum,
1095 865 1346 912 eorumque
1364 849 1445 912 qui
1459 864 1739 906 commeatus
1764 865 1853 899 ter-

87 933 137 964 ra
156 916 360 978 marique
381 915 708 971 subvehebant,
743 927 792 961 ut
821 913 870 960 in
891 913 1129 978 regionem
1151 931 1244 960 non
1266 913 1518 961 admodum
1546 914 1732 979 frugum
1768 916 1856 963 foe-

84 981 302 1036 cundam,
325 983 377 1029 ὃς
395 998 476 1043 per
495 991 566 1027 tot
584 996 725 1027 annos
743 979 958 1025 omnibus
980 978 1092 1025 belli
1105 977 1310 1025 cladibus
1334 977 1564 1025 afflictam.
1633 982 1856 1028 Praeterea

84 1043 246 1092 eorum
266 1043 346 1106 qui
371 1047 440 1106 (z)
466 1045 514 1091 in
536 1045 741 1093 colonias
763 1043 1066 1098 describendi,
1107 1048 1148 1089 δε
1171 1058 1304 1104 agros
1340 1044 1571 1104 accepturi
1596 1061 1772 1098 uxores,
1815 1052 1856 1093 δε

88 1110 254 1157 liberos
277 1109 426 1156 secum
449 1109 688 1157 trahebant
709 1108 871 1171 ingens
891 1106 1154 1153 multitudo·
1196 1107 1335 1151 Totae
1354 1119 1506 1152 autem
1526 1109 1640 1155 vires
1663 1109 1859 1170 opulen-

92 1172 239 1221 tiffimi
255 1173 404 1237 regni,
443 1174 598 1234 &jam
628 1173 709 1219 diu
730 1171 934 1219 florentis
956 1170 1118 1224 oculis,
1156 1168 1406 1232 animisque
1445 1170 1654 1232 subjeetae
1685 1184 1858 1221 tantam

87 1238 301 1286 omnibus
323 1237 538 1285 fiduciam
559 1237 814 1301 pariebant,
856 1247 906 1282 ut
926 1250 1020 1281 non
1042 1234 1099 1281 de
1118 1234 1241 1281 bello
1264 1234 1485 1297 gerendo,
1524 1235 1596 1283 sed
1626 1238 1684 1284 de
1704 1239 1859 1298 praeda

89 1302 338 1357 dividenda
356 1303 504 1349 omnis
526 1319 686 1349 eorum
708 1303 813 1349 esset
833 1300 993 1347 sermo.

156 1368 404 1414 XXXVII.
440 1366 632 1414 Brussius
657 1378 782 1414 tanto
800 1375 1020 1429 apparatu
1038 1363 1234 1410 hostium
1257 1363 1414 1410 audito
1439 1369 1478 1410 δι
1501 1363 1594 1427 ipse
1612 1363 1707 1413 suas
1730 1367 1858 1429 copi-

90 1446 139 1478 as
157 1444 302 1494 parat‚
325 1448 515 1478 numero
536 1431 722 1495 quidem
743 1429 950 1477 adversus
970 1441 1142 1476 tantam
1164 1428 1507 1476 multitudinem
1526 1429 1729 1493 exiguas.
1798 1433 1860 1479 E-

90 1509 193 1543 rant
212 1496 336 1543 enim
359 1495 416 1542 ad
439 1495 627 1559 triginta
648 1495 797 1542 millia
813 1494 1073 1549 hominum,
1095 1493 1169 1539 sed
1183 1493 1294 1539 belli
1310 1493 1403 1548 usu,
1430 1499 1470 1540 δε
1493 1494 1624 1541 malis
1646 1495 1859 1543 domesti=¹

92 1561 156 1607 cis
177 1560 512 1615 induratorum,
550 1566 589 1608 δε
611 1561 693 1623 qui
713 1559 838 1614 vitae,
863 1558 1171 1607 fortunarum.·
1192 1556 1494 1619 omniumque
1523 1575 1627 1620 quae
1655 1558 1755 1607 sunt
1777 1561 1858 1608 ho-

90 1624 292 1672 minibus
313 1641 432 1679 cara,
457 1625 581 1687 spem
599 1624 648 1670 in
666 1624 837 1670 dextris
858 1623 1092 1686 gerebant.
1139 1623 1261 1668 Cum
1283 1622 1368 1666 hac
1385 1639 1524 1669 manu
1549 1625 1619 1685 (3)
1646 1624 1861 1671 finistram

91 1689 241 1752 ripam
262 1688 466 1736 Bannoci
489 1687 690 1737 fluminis
712 1687 912 1735 tenebat.
996 1686 1071 1733 Est
1097 1688 1249 1731 autem
1272 1685 1309 1731 is
1328 1686 1473 1733 amnis
1496 1687 1693 1749 praealtis
1716 1689 1861 1746 utrin-

92 1770 184 1816 que
198 1752 331 1816 ripis,
350 1752 607 1815 paucosque
638 1758 679 1799 &
710 1751 920 1816 angustos
944 1750 1083 1796 habet
1105 1750 1328 1796 transitus,
1396 1753 1439 1797 A
1466 1751 1664 1798 Sterlino
1681 1753 1863 1800 circiter

75 1814 188 1863 'duo
207 1816 352 1863 millia
372 1818 574 1878 paffuum
596 1816 730 1864 abest.
798 1815 926 1861 Infra
945 1815 1102 1868 colles,
1127 1826 1372 1877 antequam
1395 1814 1442 1861 in
1465 1815 1682 1862 Fortham
1700 1816 1863 1865 influat

94 1898 178 1943 per
214 1881 317 1927 loca
355 1882 541 1942 paulum
586 1880 786 1942 aequiora
813 1879 982 1932 transit,
1021 1878 1096 1924 sed
1133 1877 1305 1924 alicubi
1343 1879 1586 1940 paludibus
1619 1880 1862 1943 impedita.

94 1945 267 1991 Hieme
300 1944 488 2007 quidem
519 1945 788 2007 plaerunque
809 1943 1012 2004 rapidus,
1054 1959 1106 1988 ac
1128 1954 1301 1989 torrens
1324 1942 1468 1990 fertur
1500 1963 1510 1990 z
1561 1955 1658 1991 tum
1681 1963 1789 1993 vero
1815 1960 1865 1994 ut
1899 1945 1903 1946 ⁷

93 2008 257 2056 mediis
275 2008 501 2056 caloribus
525 2006 867 2070 modicispaquis
891 2013 932 2054 δε
954 2005 1224 2068 pluribusin
1242 2006 1352 2053 locis
1373 2008 1553 2068 pervius
1576 2022 1686 2056 erat.
1753 2013 1862 2058 Sco-

97 2086 170 2120 tus
192 2085 365 2135 quanto
381 2071 554 2119 viribus
571 2072 776 2125 inferior,
802 2083 932 2119 tanto
954 2070 1011 2117 ad
1033 2071 1189 2117 omnia
1210 2070 1576 2132 circumspectior
1603 2086 1650 2120 ut
1671 2088 1785 2130 arte,
1822 2083 1864 2123 Sc

19 2139 24 2142 ’
91 2137 281 2184 consilio
300 2137 534 2184 transitum
555 2136 899 2200 impeditiorem
922 2135 1106 2197 Anglis„
1123 2135 1204 2198 qui
1222 2136 1427 2183 dextram
1442 2136 1863 2203 ripam‘occupave-

93 2213 213 2257 rant,
238 2201 464 2262 redderet,
489 2201 601 2250 locis
626 2199 902 2265 aequioribus
937 2199 1066 2246 foffas
1097 2200 1304 2263 praealtas
1340 2200 1489 2256 duxit,
1513 2202 1561 2248 in
1593 2204 1759 2265 quibus
1782 2223 1863 2267 pa·

94 2265 163 2312 los
187 2277 341 2312 acutos
364 2265 430 2312 ita
450 2265 616 2319 infixit,
640 2280 689 2314 ut
709 2264 899 2327 superne
916 2263 1286 2327 integumentum
1310 2265 1335 2311 ὲ
1357 2265 1447 2311 levi
1469 2266 1636 2328 cespite
1655 2268 1864 2317 fraudem

94 2330 289 2377 caelaret.
361 2331 430 2393 (4)
456 2330 659 2378 Murices
681 2331 792 2378 item
816 2328 1002 2384 ferreos,
1029 2329 1107 2375 ubi
1129 2328 1426 2377 commodum
1451 2330 1708 2388 videbatur,
1744 2334 1864 2397 spar-

127 2393 143 2440 i
167 2394 295 2441 'uffie
1380 2424 1386 2427 >
1726 2419 1729 2428 κ

92 2410 126 2457 g
157 2411 440 2508 itxxvm.
474 2460 624 2524 Igitur
645 2477 749 2508 cum
773 2460 911 2506 castra
933 2458 1080 2507 castris
1103 2458 1286 2507 modico
1310 2475 1442 2506 amne
1466 2459 1694 2525 dirempta
1714 2460 1762 2509 in
1783 2465 1866 2511 ad-

36 2538 42 2543 *
96 2524 228 2570 versis
257 2523 452 2570 collibus
475 2542 619 2588 prope
646 2526 814 2572 collata
833 2526 988 2579 essent,
1013 2526 1194 2588 Anglus
1217 2524 1504 2587 octingentos
1527 2528 1702 2588 equites
1727 2530 1866 2590 paulo

49 2610 52 2614 ·
95 2587 282 2651 longius
317 2587 344 2633 a
368 2590 520 2635 castris
545 2590 811 2637 transmissos
836 2588 1364 2651 Sterlinum-praemittit.
1431 2590 1534 2636 Hos
1557 2592 1785 2639 Robertus
1808 2594 1865 2640 ad

26 2690 29 2693 .
95 2647 238 2698 vicini
261 2651 357 2715 agri
379 2654 581 2715 praedam
605 2653 730 2701 mitti
752 2665 873 2700 ratus
897 2653 1174 2717 quingentos
1197 2653 1373 2716 equites
1408 2654 1487 2700 dat
1509 2655 1710 2702 Thomae
1743 2658 1867 2705 Ran-

0 2729 1 2739 ¹
67 2728 70 2729 ’
95 2716 245 2770 dulfo,
270 2732 373 2762 cum
398 2718 565 2779 quibus
587 2717 772 2765 effusam
794 2734 1009 2780 agrorum
1032 2719 1377 2780 populationem
1402 2718 1637 2767 cohiberet
1661 2738 1673 2766 :
1708 2726 1748 2766 ec
1772 2722 1802 2768 fi
1825 2722 1868 2768 se

38 2796 42 2800 ‘
83 2781 269 2835 *occasio
288 2781 526 2844 pugnandi
549 2783 693 2837 daret,
718 2799 818 2828 eam
840 2799 933 2828 non
960 2783 1208 2830 omitteret.
1277 2784 1531 2846 EosAngli
1551 2784 1798 2847 conspicati
1816 2802 1868 2832 o-

97 2843 242 2900 miss'o,
268 2861 361 2907 quo
383 2847 652 2909 pergebant,
688 2847 850 2893 itinere
879 2847 1024 2893 aciem
1054 2859 1341 2893 convertunt.
1411 2849 1672 2910 Pugnatum
1695 2850 1754 2894 est
1788 2850 1873 2897 dia

98 2908 260 2955 acriter
278 2912 441 2958 neutro
463 2911 713 2961 inclinante
736 2910 943 2958 victoria.
987 2912 1178 2959 Iacobus
1201 2911 1461 2973 Duglaffius
1485 2912 1588 2967 suis,
1607 2913 1688 2974 qui
1711 2914 1868 2975 pauci*

82 2987 196 3019 ⁴ores
218 2985 363 3029 erant,
383 2976 677 3023 vehementer
700 2986 904 3023 metuens
929 2976 1148 3024 Bruffium
1171 2989 1286 3031 orat,
1313 2989 1362 3022 ut
1378 2976 1536 3023 liceret
1556 2977 1869 3026 laborantibus

96 3135 97 3138 ,
153 3101 212 3150 (1)
241 3092 329 3140 The
359 3102 470 3151 kings
500 3105 724 3156 oftE'ngland
743 3119 838 3143 were
852 3107 954 3144 ¹Iords
1010 3106 1066 3143 for
1094 3105 1281 3154 supposmg
1299 3105 1577 3142 Bannockburn
1601 3114 1640 3142 to
1671 3106 1715 3143 be
1744 3119 1763 3143 a
1782 3120 1871 3146 man

99 3153 143 3190 of
156 3167 267 3203 many
279 3157 467 3205 provinces
483 3157 693 3204 in'France,
706 3173 751 3203 Vas
762 3156 955 3196 Norma'n-
1010 3159 1120 3206 going
1136 3162 1243 3195 down
1265 3170 1303 3195 to
1322 3159 1452 3203 forth,
1473 3158 1532 3195 his
1552 3159 1621 3195 left
1639 3159 1746 3199 hand
1757 3162 1786 3198 is
1806 3162 1870 3200 the

99 3208 159 3254 dy,
177 3209 316 3258 Anjou,
334 3210 527 3258 Turenne,
543 3211 689 3255 NIaine,
708 3212 880 3258 Ροὶέὶοιι,
897 3215 955 3248 Α-
1012 3212 1110 3256 west,
1132 3213 1289 3248 towards
1307 3211 1478 3260 Stirling.

79 3260 279 3307 quintine,
316 3275 335 3297 a
354 3267 454 3309 great
472 3271 551 3310 part
570 3263 613 3300 of
627 3263 753 3299 which
773 3277 869 3300 were
888 3266 956 3301 lost
1065 3263 1128 3312 (4)
1156 3263 1354 3312 Calthrops
1376 3277 1384 3299 :
1416 3265 1526 3313 They
1545 3278 1603 3302 are
1622 3265 1772 3315 engines
1788 3269 1875 3307 used

82 3311 147 3359 ‘by
165 3311 258 3361 king
271 3314 388 3366 John,
405 3314 469 3356 the
488 3316 555 3352 rest
573 3315 662 3363 they
680 3317 845 3364 poss'essed
864 3326 956 3354 unto
1010 3316 1049 3352 in
1081 3330 1155 3352 war
1185 3324 1223 3352 to
1253 3316 1389 3352 dist-urb
1416 3316 1611 3355 borsemen
1631 3333 1644 3367 3
1677 3320 1735 3357 for
1763 3322 1872 3371 being

85 3364 165 3403 =the
181 3367 264 3415 days
283 3368 327 3403 of
340 3367 433 3414 king
451 3369 577 3416 Henry
596 3369 678 3405 oth.
953 3405 955 3407 ,
1010 3371 1116 3405 made
1137 3369 1230 3406 with
1248 3370 1332 3406 four
1344 3369 1479 3418 points,
1493 3371 1614 3409 throw
1626 3373 1732 3410 them
1744 3375 1874 3414 which

155 3417 217 3468 (2)
237 3420 479 3467 Engliihmen
509 3430 548 3457 to
579 3421 620 3457 be
653 3423 800 3470 planted
831 3421 869 3458 in
890 3421 955 3458 the
1010 3435 1089 3469 way
1109 3435 1177 3470 you
1195 3422 1275 3458 will
1295 3423 1333 3459 in
1355 3422 1420 3459 the
1440 3423 1532 3470 grass
1550 3439 1591 3462 or
1607 3425 1707 3472 saud,
1736 3441 1807 3465 one
1833 3429 1879 3466 of

105 3468 206 3519 Scots
224 3484 330 3509 mens
348 3474 450 3509 lands
471 3488 482 3520 ;
518 3474 574 3510 for
593 3474 639 3510 he
658 3475 801 3511 divided
821 3475 870 3511 all
895 3475 959 3511 the
1015 3474 1079 3510 the
1098 3475 1218 3522 points
1237 3475 1372 3512 falleth
1392 3489 1476 3513 ever
1495 3481 1642 3526 upward
1664 3493 1676 3528 ;
1720 3484 1789 3518 and
1811 3483 1876 3520 be-

72 3538 85 3545 «
101 3521 204 3559 {ands
223 3525 266 3561 of
279 3527 453 3562 Scotlancl
472 3535 510 3562 to
528 3528 784 3574 Englishmen,
811 3526 959 3564 intend·
1014 3527 1078 3574 ing
1096 3529 1196 3564 trode
1214 3542 1276 3574 on,
1293 3529 1515 3571 cannotbut
1533 3534 1662 3570 wound
1684 3532 1750 3571 the
1769 3534 1875 3574 horse

80 3587 85 3589 ·
103 3573 166 3622 ing
195 3580 333 3626 utterly
352 3586 389 3614 to
408 3588 488 3615 root
506 3589 569 3615 out
588 3580 653 3616 the
673 3580 796 3616 whole
815 3581 957 3618 nation.
1016 3580 1055 3618 in
1072 3581 1136 3618 the
1158 3580 1245 3620 fect,
1818 3589 1825 3596 '

156 3628 222 3679 (3)
252 3630 339 3670 The
368 3632 544 3671 west-fide
578 3636 732 3672 towards
759 3633 914 3684 Stirling
946 3648 957 3683 3

1743 3707 1888 3754 opem
