2053 3822
485 163 815 233 Lxssssu
908 164 1402 235 Dromas.
1713 191 1841 259 279

7 289 11 291 “
78 269 205 326 feffi,
241 268 322 316 alii
352 266 487 316 liberi
509 267 671 313 domos
709 265 888 314 dimiffi.
922 267 992 314 Ita
1014 266 1298 330 principibus
1328 263 1577 314 fafflonum
1607 270 1681 315 vel
1703 273 1842 326 caei‘is,

77 335 150 382 vel
173 334 426 381 carceribus
449 331 676 386 coercitis,
700 330 883 393 plebem
905 330 1098 380 ducibus
1120 333 1325 380 orbatam
1348 330 1463 377 nihil
1491 331 1695 380 ausuram
1722 348 1844 382 ratus

81 398 299 462 benigne,
317 403 355 445 &
373 396 621 442 clementer
638 394 879 441 admonuit
897 409 1098 450 caeteros,
1120 409 1169 443 ut
1187 397 1446 460 aequitatem
1464 397 1682 452 colerent,
1699 415 1847 462 neque

77 464 319 511 certiorem
340 460 462 523 spem
485 459 636 506 salutis
655 459 750 504 ulla
768 457 817 504 in
840 474 904 511 re,
922 459 1059 521 quam
1077 461 1126 506 in
1146 460 1254 507 vitae
1273 459 1536 508 innocentia
1552 462 1846 510 collocarent.

82 528 140 574 Id
158 528 187 574 fi
211 526 356 573 facere
377 522 426 570 in
449 523 654 571 animum
674 523 961 577 inducerent,
987 525 1108 584 apud
1130 524 1170 571 se
1193 525 1430 579 honorem,
1450 528 1501 574 ,δε
1528 525 1714 588 praemia
1735 527 1848 574 sem-

84 608 166 654 per
186 590 249 637 eis
278 601 434 651 parata
463 588 560 635 fore
585 607 596 635 :
624 588 688 635 fin
710 587 878 642 minuS,
911 584 966 632 e'x
989 587 1183 634 aliorum
1206 589 1332 637 exitu
1353 592 1564 654 exempla
1586 589 1809 640 sumerent
1833 611 1848 640 ε

84 660 128 702 δε
149 653 263 716 quid
279 653 384 716 ipfis
407 651 526 700 foret
543 651 893 715 expectandum,
914 650 1150 698 discerent.

150 719 326 765 XXXI.
361 716 551 765 Caeteris
573 717 706 763 rebus
727 716 792 763 ita
813 715 1091 778 compofitis,
1115 717 1262 764 adhuc
1282 719 1480 768 habebat
1500 722 1623 784 apud
1643 722 1686 769 se
1709 721 1852 770 Alex-

83 783 278 831 andrum
300 781 578 835 Insulanum,
603 797 746 827 unum
769 781 865 843 post
887 795 1044 843 regem
1066 782 1204 844 longe
1226 785 1595 844 potentissimum.
1651 789 1855 852 Impera-

86 849 165 895 bat
186 847 309 895 enim
330 846 545 893 omnibus
564 845 782 899 AEbudis‚
804 861 856 891 ac
873 844 1033 891 Roffiae
1051 860 1267 908 praeterea
1284 846 1548 897 fertiliflima
1569 851 1755 914 regione
1771 864 1855 917 per

85 924 297 966 matrem,
325 911 393 972 (1)
411 909 591 956 Valteri
613 909 746 956 Lessii
769 910 986 956 Roffenfis
1011 927 1156 973 nuper
1178 912 1388 959 Comitis-
1404 913 1543 960 filiam
1566 918 1720 964 anetus
1742 933 1854 968 erat.

87 977 131 1024 Is
154 991 260 1023 cum
283 975 428 1022 multa
449 974 695 1038 flagitiose,
720 975 864 1027 multa
881 974 1125 1021 crudeliter
1148 978 1449 1037 perpetrasset,
1475 991 1611 1041 atque
1632 980 1680 1027 in
1712 984 1857 1030 maxi..

88 1057 167 1088 mo
189 1050 314 1086 metu
336 1040 583 1086 versaretur
604 1057 615 1086 ε
642 1052 792 1086 tamen
817 1056 896 1102 per
917 1040 1087 1086 amicos
1110 1041 1287 1103 Regem
1316 1042 1593 1090 exorabilem
1618 1046 1676 1091 est
1698 1063 1858 1109 exper-

90 1116 177 1152 tus.
225 1102 430 1168 Benigne
451 1104 594 1168 igitur
614 1105 886 1168 appellatus,
907 1109 948 1150 δε
969 1104 1300 1165 praeteritorum
1317 1105 1464 1168 gratia
1485 1105 1616 1163 faeta,
1638 1114 1677 1156 δε
1691 1110 1739 1157 in
1758 1112 1862 1174 pos-

90 1181 238 1217 terum
269 1169 344 1232 spe
367 1171 520 1232 ampla
541 1169 787 1232 proposita,
812 1169 843 1214 fi
865 1167 1061 1231 legibus,
1087 1171 1137 1217 δε
1166 1168 1443 1217 humanitati
1476 1172 1747 1229 assuesceret,
1772 1177 1857 1223 do-

89 1252 217 1282 mum
235 1234 498 1281 remittitur.
530 1234 617 1279 Ille
638 1250 747 1280 vero
769 1245 946 1279 tantum
969 1230 1132 1286 abfuit,
1159 1244 1208 1278 ut
1230 1233 1288 1278 ob
1318 1235 1518 1291 veniam,
1542 1252 1594 1282 ac
1615 1238 1780 1286 deinde
1802 1241 1861 1288 li-

84 1299 312 1346 bertatem
336 1298 362 1344 a
384 1300 514 1363 Rege
536 1310 782 1360 accaeptam
801 1294 994 1359 gratiam
1013 1295 1239 1352 habuerit,
1262 1310 1310 1344 ut
1331 1300 1575 1346 maximam
1595 1302 1676 1348 fibi
1694 1303 1858 1354 factam

89 1363 305 1418 iniuriam
339 1362 676 1416 existimaverit,
704 1363 830 1424 quod
852 1362 901 1407 in
926 1360 1126 1406 custodia
1155 1361 1250 1407 dies
1274 1362 1452 1424 aliquot
1485 1364 1624 1414 fuerit
1656 1367 1854 1417 habitus.

91 1428 242 1493 Igitur
261 1427 339 1476 ubi
355 1429 553 1492 primum
574 1424 629 1474 ad
648 1427 745 1473 suos
765 1426 916 1479 rediit,
940 1426 1132 1472 collecta
1153 1442 1284 1472 manu
1304 1426 1546 1487 hominum
1563 1443 1693 1493 rapto
1713 1433 1863 1481 vivere

86 1496 381 1548 assuetorum,
407 1493 726 1540 Ennerneffam
748 1489 966 1554 ingr-effus
989 1490 1172 1553 agmine
1191 1504 1369 1553 pacate,
1393 1492 1768 1559 hospitaliterque
1789 1515 1864 1545 ac-

94 1572 267 1622 caeptus
289 1558 516 1621 oppidum
546 1557 593 1603 in
621 1556 825 1620 praedam
846 1555 934 1602 suis
958 1553 1174 1615 permisit.
1242 1555 1426 1604 Deinde
1448 1559 1660 1622 expilatis
1690 1562 1865 1611 aedibus

92 1622 250 1683 ignem
273 1618 432 1684 injecit
453 1641 462 1669 :
485 1637 634 1668 arcem
657 1621 815 1667 frustra
835 1620 1067 1674 obsessam,
1094 1635 1196 1665 cum
1221 1618 1268 1666 in
1291 1620 1333 1666 se
1356 1621 1544 1670 resciss'et
1564 1625 1712 1686 parari
1727 1643 1868 1690 expe-

97 1680 342 1744 ditionem,
366 1686 629 1750 relinquens
654 1686 703 1731 in
728 1683 919 1731 Abriam
944 1700 1138 1745 propere
1161 1683 1363 1732 disceffit.
1408 1686 1482 1733 Ibi
1504 1703 1610 1734 cum
1633 1706 1703 1743 ee,
1728 1707 1868 1753 quem

96 1753 297 1799 habebat
317 1751 519 1799 exercitu
533 1749 751 1810 (habebat
764 1760 917 1794 autem
933 1747 989 1794 ad
1007 1748 1164 1794 decern
1186 1748 1332 1795 millia
1347 1749 1548 1798 virorum
1572 1751 1618 1798 in
1638 1756 1775 1801 armis
1797 1757 1867 1804 in-

97 1818 387 1875 duratorum)
403 1814 747 1877 opportunitate
764 1813 971 1860 locorum
994 1810 1134 1858 fretus
1157 1812 1386 1862 fortunam
1405 1816 1556 1876 praelii
1576 1819 1771 1879 experiri
1790 1822 1871 1871 de·-x
1945 1848 1947 1850 ·

99 1893 316 1929 creverat.
361 1882 538 1927 Verum
561 1878 717 1926 audito
740 1890 958 1940 apparatu
978 1877 1145 1940 Regio,
1171 1894 1227 1923 ex
1249 1877 1320 1932 iis,
1345 1877 1426 1942 qui
1446 1881 1657 1929 alacriter
1677 1885 1733 1931 ad
1755 1902 1870 1949 prae-

99 1946 304 1992 dandum
326 1942 464 1991 secuti
487 1942 684 1997 fuerant,
709 1943 811 1989 dur:
837 1940 979 1987 tribus
1003 1951 1113 1987 eum·
1131 1942 1437 1996 deseruerunt,
1471 1946 1664 1993 Catanei
1687 1966 1870 2012 nempe,

101 2016 144 2058 δε
177 2008 457 2064 Cameronii,
482 2022 597 2071 quos
638 2005 709 2053 illi
738 2007 816 2053 suo
839 2022 965 2053 more
995 2004 1298 2064 Clanchatan,
1335 2013 1377 2055 δε
1400 2009 1766 2061 Clanchameron
1789 2032 1871 2062 vo·-

102 2086 226 2122 cant.
811 2128 815 2130 Y
1044 2102 1047 2105 ·

166 2139 367 2187 XXXII.
401 2138 506 2185 Hac
527 2148 654 2200 parte
673 2135 837 2183 virium
859 2136 1115 2191 destitutus,
1141 2151 1225 2183 nec
1247 2136 1305 2184 de
1334 2148 1602 2189 caeterorum
1624 2159 1733 2206 erga
1754 2143 1795 2191 se
1825 2162 1874 2192 a.

100 2204 229 2252 nimo
251 2214 398 2250 certus
420 2202 586 2249 iterum
610 2201 955 2264 circumspicere
981 2200 1175 2249 latebras
1197 2201 1342 2263 coepit
1367 2222 1379 2249 2
1415 2219 1468 2250 ac
1498 2205 1675 2253 dimiffo
1696 2210 1875 2256 exerci-

60 2284 63 2288 ⁴
103 2282 154 2316 tu
185 2285 290 2314 cum
324 2266 481 2329 paucis
512 2267 561 2313 in
585 2264 793 2313 AEbudas
825 2265 1032 2329 profugit
1058 2283 1068 2311 :
1113 2277 1249 2329 atque
1270 2265 1338 2312 ibi
1359 2283 1464 2315 cum
1499 2269 1586 2318 suis
1617 2273 1674 2319 de
1696 2272 1804 2336 fuga
1825 2274 1875 2322 in

101 2332 376 2380 Hiberniam
399 2331 638 2379 consultat.
708 2331 796 2378 Sed
826 2346 931 2377 cum
963 2346 1046 2377 nec
1079 2329 1178 2376 illic
1209 2329 1237 2376 ὲ
1270 2332 1413 2395 Regis
1436 2333 1502 2380 ira
1533 2335 1575 2381 se
1599 2335 1694 2383 fore
1721 2349 1875 2386 tutum

100 2397 313 2461 speraret,
335 2395 550 2445 ultimum
582 2394 845 2459 perfugium
880 2394 1215 2457 experiundum
1238 2397 1323 2442 effe
1356 2409 1476 2444 ratus
1499 2399 1558 2445 ad
1592 2401 1734 2464 Regis
1752 2396 1877 2451 ‘ante

102 2462 381 2525 perspectam
403 2458 711 2508 clementiam.
779 2461 833 2506 In
857 2475 912 2505 eo
930 2474 1116 2522 quoque
1134 2459 1322 2506 confilio
1340 2476 1445 2508 cum
1468 2462 1586 2511 inter
1611 2464 1753 2528 spem,
1780 2484 1877 2514 me..

102 2527 296 2590 tumque
316 2524 492 2575 vdubius
525 2535 772 2588 reputaret,
797 2523 912 2587 quid
945 2523 1162 2573 scelerum
1197 2523 1346 2586 prima
1367 2525 1622 2575 defectione
1650 2533 1877 2593 patrasset,

101 2590 245 2654 quam
267 2590 522 2644 liberalem,
540 2593 587 2637 ὅτ
606 2589 923 2652 indulgentem
937 2588 1077 2652 Regis
1101 2587 1306 2636 animum
1328 2603 1540 2654 expertus
1563 2594 1682 2649 esset,
1704 2609 1876 2667 quanta

105 2654 319 2716 perfidia,
345 2660 385 2702 δε
408 2653 678 2701 crudelitate
702 2653 868 2700 iterum
887 2654 1100 2714 grassatus¹
1119 2653 1243 2714 spem
1266 2653 1472 2702 secundae
1489 2656 1636 2705 veniae
1656 2660 1737 2707 fibi
1758 2678 1877 2723 prae-

106 2718 298 2772 cidiffet,
322 2719 464 2782 Regis
486 2735 599 2782 erga
619 2717 661 2765 se
682 2718 760 2765 irae
783 2730 876 2764 tam
893 2717 1022 2777 justae
1046 2717 1249 2764 fortunas
1272 2735 1448 2774 ornnes,
1481 2727 1522 2768 ἃ
1545 2722 1731 2771 salutern
1753 2741 1881 2772 com-

106 2782 289 2830 mittere
307 2782 600 2830 formidabat.
669 2782 882 2829 Medium
904 2781 1049 2845 igitur
1069 2781 1189 2830 inter
1211 2782 1388 2846 fugam,
1407 2790 1446 2832 &
1463 2786 1747 2836 deditionem
1770 2806 1882 2837 con-

108 2846 257 2895 silium
279 2847 448 2911 exequi
465 2846 669 2894 decrevit
694 2865 704 2894 ε
742 2862 794 2894 ac
815 2847 1130 2909 deprecatores
1153 2846 1200 2892 in
1221 2848 1371 2895 aulam
1396 2848 1530 2905 misit,
1547 2869 1628 2913 per
1648 2869 1760 2914 quos
1783 2854 1883 2900 ani-

109 2926 239 2959 mum
255 2912 404 2975 ‘Regis
427 2912 484 2959 ad
513 2911 748 2959 lenitatem
773 2910 1038 2958 inflecteret.
1108 2912 1183 2958 Ad
1205 2910 1254 2958 id
1282 2928 1448 2961 munus
1474 2930 1737 2977 quanquam
1759 2918 1884 2964 dele-

109 2988 238 3038 gerat
275 2976 485 3024 homines
516 2975 713 3039 quietos,
736 2979 786 3025 δε
818 2974 844 3021 a
867 2975 1145 3040 contagione
1178 2975 1243 3022 sui
1266 2975 1442 3025 sceleris
1472 2978 1661 3033 alienOS,
1682 2973 1885 3044 ideoque

107 3040 311 3103 principi
340 3056 433 3087 non
453 3040 677 3105 ingratos,
701 3053 854 3088 tamen
876 3040 945 3088 illi
968 3040 1228 3104 responsum
1250 3040 1376 3088 aliud
1398 3042 1654 3105 exprimere
1675 3060 1768 3093 non
1799 3061 1884 3109 po·-

167 3193 228 3244 (1)
257 3192 354 3232 This
371 3193 579 3234 sii-Walter
588 3195 694 3245 Lessy
710 3195 891 3234 firnamed
908 3196 974 3234 the
1028 3196 1126 3241 Fife‚
1159 3194 1259 3242 duke
1277 3197 1323 3236 of
1335 3199 1487 3248 Albany
1506 3213 1697 3249 governor,
1729 3205 1798 3241 and
1818 3203 1889 3241 lest
1949 3199 1953 3203 ’

115 3247 223 3293 Boiu,
241 3246 301 3283 son
317 3259 365 3284 or
375 3247 612 3294 grand-child
630 3257 669 3286 to
687 3249 857 3286 Norman
871 3249 976 3298 Lessy
1030 3251 1077 3299 by
1104 3249 1171 3287 her
1193 3264 1264 3288 one
1282 3251 1463 3298 daughter
1489 3256 1561 3291 and
1588 3254 1673 3293 heir
1697 3257 1895 3306 Eupheme

111 3301 160 3339 of
176 3299 280 3348 Lessy
300 3299 340 3336 in
361 3299 543 3345 Garioch,
566 3300 627 3337 did
648 3310 747 3349 great
766 3301 916 3338 services
936 3301 975 3338 in
1029 3302 1162 3348 Leffle,
1182 3303 1239 3340 see
1256 3304 1321 3340 the
1340 3313 1446 3342 notes
1464 3317 1512 3344 on
1531 3319 1611 3358 cap.
1636 3309 1697 3347 18.
1719 3310 1806 3349 who
1825 3312 1891 3360 dy-

113 3354 181 3391 the
209 3364 302 3390 wars
327 3351 373 3388 of
384 3351 454 3399 the·
474 3353 643 3390 German
662 3365 858 3402 emperors
887 3368 896 3390 ε
926 3353 976 3391 he
1030 3354 1096 3402 ing
1115 3355 1339 3403 unmarried,
1370 3357 1437 3395 the
1457 3360 1626 3398 earldom
1644 3361 1689 3399 of
1694 3356 1804 3401 'R‘oss
1822 3376 1897 3401 was

116 3406 275 3443 married
294 3403 488 3451 Eupheme
507 3404 601 3449 Ross
619 3405 798 3452 daughter
817 3413 855 3442 to
867 3405 973 3443 Wil-
1028 3406 1146 3444 seized
1171 3408 1216 3456 by
1235 3409 1399 3456 Donald,
1433 3409 1540 3450 chief
1562 3414 1608 3450 of
1629 3414 1695 3453 the
1734 3417 1903 3454 Clando-

115 3460 208 3497 liam
226 3458 299 3494 earl
317 3456 362 3494 of
376 3455 485 3503 Ross,
504 3459 573 3494 and
587 3457 627 3494 in
645 3457 712 3494 her
728 3456 829 3505 right
843 3458 974 3506 poffesq
1029 3459 1130 3504 nald,
1158 3461 1238 3497 lord
1255 3461 1301 3498 of
1317 3461 1383 3500 the
1401 3463 1496 3511 isses,
1528 3466 1617 3504 who
1638 3467 1720 3507 >had
1738 3469 1898 3507 married

117 3511 176 3549 sed
194 3511 277 3547 that
306 3509 471 3547 earldom
500 3523 510 3546 :
549 3509 609 3547 his
639 3511 726 3558 only
758 3509 823 3547 son
841 3510 974 3548 Alexr.
1030 3511 1226 3561 Eupheme
1244 3514 1376 3561 Lessie,
1397 3517 1579 3565 daughter
1597 3529 1635 3557 to
1657 3523 1731 3559 earl
1752 3522 1900 3558 Walter

118 3563 281 3605 married
315 3575 336 3602 a
364 3560 543 3614 daughter
577 3563 622 3602 of
645 3564 790 3604 Probert
824 3563 898 3603 ear}
937 3563 982 3604 of
1032 3564 1163 3612 Lessie,
1183 3579 1232 3607 on
1244 3566 1432 3608 whomhe
1453 3571 1558 3621 begat
1572 3573 1647 3611 this
1666 3575 1744 3617 carl
1768 3575 1903 3620 Alcas.

1736 3743 1738 3745 ,
1812 3697 1909 3733 tue-
