2068 3868
435 132 765 201 L1BER
860 130 1532 214 UNDEcmvtus,
1724 156 1846 216 301

81 238 209 287 nium
232 232 355 283 enim
374 233 422 281 in
446 249 527 279 nos
549 232 672 278 oculi
697 232 894 294 conjecti
917 234 1016 280 sunt
1038 252 1047 280 :
1083 234 1284 282 scelerati
1305 234 1515 281 omnium
1539 248 1691 287 rerum
1715 237 1866 284 licen·

80 303 212 356 tiam,
246 297 469 346 ambitiosi
492 297 705 350 honores,
731 314 858 358 opes,
891 303 936 347 &
974 299 1200 346 crescendi
1225 299 1405 362 copiam
1439 299 1489 346 in
1524 299 1721 345 nostrum
1746 302 1862 348 duo·

80 383 184 414 rum
204 363 393 412 interitu
413 361 495 408 fibi
514 372 792 422 proponunt.
861 362 1178 411 Invidentium
1200 375 1324 410 tanta
1347 363 1595 411 multitudo
1614 364 1693 418 est,
1716 380 1864 426 quan·

81 441 177 478 tam
200 428 406 476 homines
429 441 573 471 novos
594 424 640 469 in
663 423 840 471 summo
859 428 1004 488 gradu
1017 430 1265 476 collocatos
1286 429 1452 476 habere
1474 428 1643 474 necesse
1666 430 1744 474 est.
1795 423 1866 475 Hi

88 511 247 541 omnes
286 490 350 537 uti
381 489 643 535 successibus
676 488 834 534 nostris
859 491 1035 546 dolent,
1072 496 1123 542 ὃς
1155 509 1223 538 res
1257 494 1488 556 prosperas
1510 492 1865 546 calumniantur,

85 558 154 604 ita
172 555 374 603 adversas
397 554 593 600 libenter
611 552 861 614 accipiunt,
901 559 939 600 &
965 555 1161 602 exitium
1186 559 1383 604 nostrum
1406 557 1599 619 sperant,
1624 562 1663 602 δε
1686 569 1864 620 optant.

83 624 193 684 Qo
235 619 378 682 magis
420 616 778 681 operaeprecium
803 619 879 671 est,
917 633 967 664 ut
992 625 1042 668 ὃς
1077 622 1234 666 nostrae
1265 621 1593 675 incolumitati,
1634 637 1737 683 quae
1759 637 1867 668 cum

79 684 269 749 publica
302 683 546 743 conjuneta
580 682 658 734 est,
704 681 1012 737 consulamus,
1052 688 1102 733 81
1144 685 1355 732 inimicos
1388 702 1492 732 cum
1515 686 1689 731 summa
1722 687 1871 732 nostra

80 749 231 813 gloria
254 747 537 794 ulciscamur.
600 745 709 792 Una
731 748 788 791 ad
818 745 866 792 id
893 747 1008 793 ratio
1029 750 1107 803 est,
1133 750 1162 795 fi
1185 749 1382 811 privatas
1406 748 1726 796 obliviscamur
1745 749 1869 811 inju-

80 815 167 860 rias
193 831 203 859 ε
237 812 392 858 omnia
423 812 569 858 nostra
591 810 793 863 consilia,
821 818 867 858 ἃ
891 813 1194 875 cogitationes
1232 814 1520 861 conferamus
1543 814 1602 859 ad
1632 814 1868 876 publicam

82 877 345 925 utilitatem.
395 874 745 922 Meminerimus
771 875 913 938 Regis
945 878 1308 924 incolumitatem
1333 879 1490 924 nostrae
1526 878 1633 924 fidei
1656 877 1869 924 commis-

85 943 195 996 sam,
217 941 348 1004 regni
365 941 552 986 salutem
578 940 641 985 ita
664 939 795 985 nobis
820 940 1058 996 creditam,
1081 956 1130 988 ut
1148 941 1399 988 rationibus
1419 942 1610 988 obnoxii
1627 944 1778 989 simus.
1822 944 1870 990 I-

87 1006 213 1069 gitur
235 1006 379 1051 veluti
398 1018 529 1050 antea
552 1020 690 1067 pravo
715 1003 861 1050 studio
883 1007 1172 1061 certavimus,
1199 1019 1297 1052 uter
1319 1007 1516 1052 nostrum
1538 1006 1807 1062 honoribus,
1828 1013 1871 1054 <Sc

94 1069 363 1117 auctoritate
379 1069 558 1115 ’auctior
580 1069 699 1121 effet,
725 1067 788 1114 ita
809 1069 855 1115 in
880 1072 1104 1131 posterum
1129 1072 1477 1125 contendamus,
1504 1082 1603 1116 uter
1626 1071 1872 1118 moderati·

86 1151 193 1189 one,
213 1133 434 1194 &justitia
458 1134 648 1179 alterum
668 1135 922 1180 antecedat.
950 1135 1019 1180 Ita
1040 1136 1226 1181 demum
1249 1135 1514 1198 efficiemuS,
1535 1147 1583 1181 ut
1604 1134 1751 1196 plebs,
1769 1152 1872 1198 quae

88 1215 212 1247 nunc
233 1198 415 1244 adversa
438 1200 515 1253 est,
549 1204 587 1243 δε
609 1197 739 1243 nobis
764 1199 1042 1245 calamitates
1060 1198 1260 1259 imputat
1281 1200 1395 1253 sua5‚
1420 1215 1500 1244 nos
1525 1212 1663 1254 amet,
1685 1204 1723 1245 ἃς
1742 1217 1871 1246 reve-

88 1276 264 1310 reatur:
291 1262 523 1316 nobilitas,
549 1278 652 1323 quae
680 1261 836 1308 nostris
860 1262 1094 1308 discordiis
1117 1262 1231 1309 freta
1249 1262 1297 1308 in
1320 1265 1548 1309 effraenem
1581 1264 1792 1325 prorupit
1813 1264 1872 1310 li-

86 1328 302 1381 centiam,
324 1327 382 1373 ad
406 1326 667 1372 modestiam
692 1341 929 1372 revocetur
953 1344 964 1373 :
1001 1328 1298 1388 potentiores,
1325 1329 1407 1390 qui
1429 1326 1736 1373 diffidentium
1759 1343 1872 1375 con-

88 1405 301 1438 temnunt
322 1388 652 1444 infirmitatem,
678 1403 802 1437 metu
825 1390 1205 1438 consentientium
1231 1393 1288 1438 ad
1309 1392 1543 1438 sanitatem
1567 1404 1870 1440 revertantur.

90 1457 231 1519 Qiod
254 1456 311 1502 ad
334 1473 406 1502 me
430 1455 609 1509 attinet,
644 1454 786 1518 Regis
810 1457 1026 1502 tenellam
1051 1468 1248 1511 aetatem,
1274 1473 1413 1519 quam
1440 1469 1567 1519 pater
1596 1455 1752 1503 vivens
1784 1456 1874 1504 tibi

88 1521 336 1584 regendam
362 1520 567 1574 tradidit,
588 1520 784 1566 libenter
808 1519 1043 1582 permittO.
1104 1522 1218 1567 Eam
1242 1521 1364 1567 enirn
1385 1519 1667 1567 functionem
1690 1520 1874 1583 quoties

90 1601 273 1631 mecum
297 1584 567 1647 diligentius
588 1584 818 1647 expendo,
848 1601 940 1631 non
965 1602 1036 1631 me
1059 1585 1239 1631 honore
1253 1585 1513 1647 spoliatum,
1540 1585 1615 1632 sed
1645 1600 1782 1632 onere
1804 1585 1873 1632 le-

89 1662 246 1696 vatum
269 1650 491 1694 existimo.
560 1648 777 1695 Privatim
802 1650 828 1694 fi
851 1665 989 1710 quam
1012 1649 1091 1695 abs
1115 1662 1159 1695 te
1181 1649 1350 1711 accaepi
1373 1649 1606 1709 injuriam,
1631 1665 1731 1695 eam
1752 1650 1873 1711 pub-

33 1708 35 1710 *
89 1714 192 1760 licae
215 1712 366 1759 salutis
389 1711 517 1772 causa
546 1713 743 1759 libenter
771 1716 984 1759 condono
1011 1732 1021 1759 z
1059 1714 1089 1759 fi
1113 1730 1251 1775 quam
1274 1713 1380 1767 feci,
1408 1714 1632 1760 bonorum
1667 1714 1874 1761 virorum

91 1777 312 1823 arbitratu
331 1775 616 1822 satisfaciam.
685 1777 854 1839 Neque
876 1777 1163 1824 committam
1185 1779 1387 1841 posthac,
1411 1790 1459 1824 ut
1477 1795 1578 1824 mea
1593 1778 1666 1824 vel
1684 1778 1870 1835 damna,

91 1842 168 1888 vel
196 1842 506 1887 emolumenta
528 1840 759 1903 publicam
786 1841 1029 1888 utilitatem
1051 1855 1353 1889 remorentur.
1420 1843 1555 1890 Idem
1572 1843 1603 1888 fi
1626 1842 1712 1888 tibi
1742 1843 1872 1890 vide-

95 1905 237 1958 bitur,
272 1901 467 1951 securius
490 1907 537 1950 in
560 1904 796 1967 praesentia
823 1919 1013 1968 uterque
1036 1924 1243 1968 agemus,
1272 1909 1323 1956 &
1346 1907 1615 1954 memoriam
1641 1907 1873 1968 nostriju-

94 1969 361 2016 cundiorem
385 1969 634 2031 posteritati
651 1970 978 2031 relinquemus.
1048 1972 1126 2017 Sin
1150 1970 1281 2016 aliter
1303 1971 1457 2026 sentis,
1486 1987 1644 2017 omnes
1662 1971 1873 2018 homines

97 2037 147 2082 ὃς
171 2033 427 2095 praesenteS,
455 2036 511 2083 ⁴&
534 2032 711 2081 futuros
734 2036 860 2081 testes
884 2034 1022 2089 facio,
1059 2052 1142 2098 per
1164 2052 1237 2081 me
1261 2053 1351 2082 non
1377 2036 1551 2090 stetisse,
1583 2051 1676 2097 quo
1700 2036 1870 2092 minus,

92 2097 259 2160 quibus
283 2113 404 2145 nunc
429 2098 705 2154 laboramus,
731 2099 849 2145 mala
871 2100 943 2146 vel
966 2099 1191 2155 sanentur,
1215 2100 1289 2147 vel
1311 2100 1465 2164 aliqua
1486 2099 1639 2148 saltem
1663 2116 1720 2147 ex
1741 2115 1872 2164 parte

90 2163 320 2210 leventur.

157 2228 290 2273 XIV.
327 2227 402 2274 Ad
423 2243 475 2273 ea
499 2226 727 2289 respondit
750 2226 1080 2275 Cancellarius.
1111 2230 1232 2293 Ego,
1261 2241 1310 2277 ut
1333 2229 1504 2276 invitus
1527 2230 1584 2276 ad
1605 2230 1694 2278 hoc
1723 2242 1872 2277 certa·

88 2294 201 2337 'men
224 2291 450 2345 descendi,
475 2292 539 2339 ita
570 2294 766 2338 honestae
788 2294 1045 2339 concordiae
1070 2295 1351 2342 mentionem
1376 2307 1467 2340 no'n
1499 2293 1671 2341 invitus
1692 2295 1831 2340 audio
1856 2313 1870 2342 τ

91 2359 146 2405 &
166 2356 559 2419 quemadmodum
581 2373 706 2403 arma
733 2373 826 2402 non
857 2357 938 2403 nifi
958 2358 1124 2420 injuria
1145 2359 1365 2405 lacessitus
1390 2358 1536 2414 indui,
1559 2358 1625 2406 ita
1654 2359 1873 2406 modestia

43 2445 53 2454 -
89 2433 363 2483 provocatus
388 2438 481 2468 non
505 2421 809 2476 committam,
833 2433 881 2468 ut
901 2439 1001 2468 mea
1021 2423 1270 2485 pertinacia
1291 2424 1547 2470 commodis
1566 2423 1764 2486 publicis
1787 2424 1873 2469 ob-

93 2485 203 2531 stare
226 2486 449 2531 videatur.
517 2486 670 2532 Video
703 2486 826 2532 enim
850 2487 936 2532 hac
966 2489 1112 2533 nostra
1140 2487 1363 2535 discordia
1395 2489 1623 2550 optimum
1654 2487 1873 2551 querique

91 2565 337 2611 pravorum
369 2548 546 2611 injuriis
568 2549 842 2612 expositum,
878 2551 1190 2598 seditiosorum
1225 2553 1402 2599 animos
1425 2553 1470 2597 in
1495 2552 1618 2615 spem
1649 2569 1873 2599 novarum

28 2631 29 2635 ¹
93 2629 244 2660 rerum
263 2616 452 2668 erectos,
478 2614 672 2676 patriam
693 2614 739 2660 in
761 2615 915 2661 medio
939 2617 1104 2677 praedae
1127 2615 1347 2673 relictam,
1373 2617 1568 2680 Regiam
1591 2616 1867 2680 dignitatem

94 2677 330 2733 imminui,
351 2678 537 2723 salutern
557 2678 708 2740 prodi,
733 2680 1047 2727 auctoritatem
1069 2682 1229 2727 infimo
1249 2683 1418 2744 cuique
1439 2682 1524 2728 esse
1540 2680 1772 2738 ludibrio3
1793 2698 1878 2728 ne-

93 2755 186 2805 que
208 2743 318 2789 dum
348 2758 641 2788 communem
674 2744 930 2805 prodimus,
968 2745 1155 2806 privatae
1190 2747 1347 2793 nostrae
1382 2764 1450 2793 res
1486 2747 1676 2793 meliore
1695 2745 1742 2791 in
1767 2745 1874 2792 loco

97 2808 215 2854 sunt.
283 2806 475 2865 Interim
510 2806 629 2852 enim
660 2811 711 2857 δί
736 2825 816 2854 nos
847 2808 1112 2856 hominibus
1148 2811 1476 2858 turb'andarum
1506 2826 1658 2868 rerum
1692 2810 1873 2872 cupidis

100 2855 480 2932 quaestuiiumus,
507 2877 545 2917 &
567 2870 769 2918 inimicis
785 2873 1159 2932 jucundiffimum
1182 2875 1438 2937 praebemus
1469 2874 1773 2937 spectaculum
1799 2876 1878 2934 (u-

94 2945 290 2997 trunque
314 2953 438 2982 emm
459 2937 657 2982 oderunt
671 2953 727 2982 ex
751 2939 904 2999 aequo)
925 2955 936 2984 ;
955 2944 994 2984 &
1009 2930 1418 3003 quantumcsinque
1437 2938 1642 2986 alterutri
1660 2937 1873 2993 decedat,

98 3010 273 3045 tantam
296 3000 354 3046 ad
376 3000 471 3046 suas
502 3016 612 3062 opes
634 3000 925 3047 acceffionem
958 3002 1055 3048 fieri
1077 3000 1367 3050 arbitrantur.
1436 3005 1598 3064 Itaque
1627 3017 1720 3047 non
1744 3018 1875 3064 repe-

97 3062 192 3108 tam
215 3063 350 3109 altius
373 3064 653 3110 simultatum
670 3065 839 3123 causas,
859 3082 918 3113 ne
937 3065 1221 3113 retractando
1239 3067 1430 3129 antiqua
1443 3064 1756 3113 recrudescant
1773 3065 1876 3112 vul-

20 3140 29 3155 *
66 3141 204 3171 xnera
227 3142 239 3171 ε
265 3126 381 3172 illud
405 3128 602 3173 breviter
621 3128 887 3189 profitebor,
914 3147 1016 3176 mea
1034 3147 1108 3176 me
1123 3130 1280 3176 omnia
1300 3134 1476 3192 privata
1495 3129 1806 3183 incommoda,
1832 3137 1876 3178 δε

94 3187 159 3250 inj
169 3191 283 3244 urias
307 3190 464 3251 patriae
486 3191 718 3238 remittere
740 3211 749 3238 ;
775 3193 946 3240 civium
969 3194 1286 3240 incolumitate
1309 3193 1424 3240 nihil
1448 3209 1646 3257 unquam
1669 3206 1747 3240 aut
1765 3193 1874 3250 fuit,

89 3267 178 3317 *aut
200 3253 285 3300 erit
308 3252 422 3299 mihi
439 3254 688 3315 antiquius.
756 3257 874 3303 Haec
902 3257 983 3320 qui
1004 3258 1192 3304 aderant
1218 3257 1527 3311 laudantibus,
1553 3273 1604 3304 ac
1629 3258 1686 3304 de
1710 3258 1873 3305 utrius-

90 3333 188 3379 que
218 3316 429 3364 consensu
459 3317 645 3364 delestis
677 3316 735 3364 ad
757 3321 1096 3383 componendas
1126 3322 1450 3368 controversias
1471 3320 1671 3378 arbitris,
1706 3338 1877 3387 magna

93 3379 206 3427 'cum
229 3381 437 3428 omnium
468 3380 639 3432 laeticia
658 3394 864 3429 veterum
887 3383 1211 3431 discordiarum
1234 3385 1386 3432 accisis
1409 3385 1657 3443 radicibus,
1681 3390 1722 3434 &
1743 3387 1874 3434 novis

94 3446 310 3492 amicitia}
333 3445 467 3504 jactis
489 3444 806 3495 fundamentis.
824 3447 973 3497 rursus
994 3448 1232 3497 communi
1255 3449 1445 3498 consilio
1464 3451 1596 3516 regni
1617 3450 1875 3517 procurati-

25 3527 30 3529 ·
98 3522 238 3560 onem
257 3509 523 3579 suscipiunt*

1018 3614 1041 3632 ..-
1235 3579 1239 3583 ⁴
1523 3584 1530 3590 '
1653 3579 1765 3630 XV.
1796 3580 1876 3627 Se·
