2025 3833
181 179 310 244 342
529 162 894 228 RERUM
984 159 1668 234 S‘co‘r1cARu-1vr

177 256 272 322 jam
302 259 430 319 Rege
454 259 570 304 clam
593 258 640 303 in
669 257 764 302 suas
787 269 935 319 partes
955 257 1168 311 abduc'tm
1201 262 1241 303 Sc
1275 258 1462 305 Thoma
1493 260 1678 308 Comite
1701 262 1949 318 Araniaeini

184 322 382 371 Daniam
407 323 633 382 ablegam,
657 323 775 367 unde
796 335 981 383 propter
996 321 1171 368 Oceani
1189 320 1567 385 Septentrionalis
1585 325 1795 372 saevitiam
1814 323 1947 393 mag-¹

182 403 243 433 na
275 386 381 433 anni
406 398 530 447 parte
552 384 920 445 navigationibus
942 379 1175 447 imperiii,
1201 386 1370 432 reditus
1393 402 1498 433 ante
1519 405 1596 434 ver
1616 388 1820 435 adultum
1851 409 1940 440 non

181 464 373 514 pateret.
401 451 470 509 (i)
540 449 676 494 Senes
697 453 735 495 Sc
761 462 907 502 aetate,
934 455 972 496 δε
997 450 1166 497 morbis
1190 450 1429 504 invalidos,
1456 458 1495 497 Sc
1515 468 1612 498 raro
1635 468 1871 515 propterea
1891 443 1948 502 iri’

182 514 330 561 aulam
355 511 644 564 ventitantes,
668 517 709 558 δε
733 512 939 575 praesidio
955 513 1201 560 multorum
1225 514 1646 578 amicorum,quiin
1667 518 1943 581 legationem

179 591 308 625 erant
328 575 538 639 profecti,
563 576 796 623 destitutos
820 590 1045 624 maturum
1066 580 1254 645 aggredi
1278 572 1497 634 arbitrati,
1522 580 1720 643 primum
1742 575 1946 629 convenss

181 655 277 687 tum
298 639 535 702 publicum
552 639 646 700 jam
667 641 747 686 diu
766 640 792 686 Ξι
816 641 968 687 multis
994 642 1243 706 flagitatum
1265 642 1311 688 in
1331 642 1592 689 vicesimum
1611 643 1853 692 secundnm
1874 645 1945 693 di-

179 722 251 752 em
275 704 432 750 mensis
452 703 748 758 Novembris,
769 706 875 751 anni
895 704 1119 752 millesimi
1137 706 1568 769 quadringentesimi
1586 707 1844 773 sexagesimi
1863 726 1945 757 no-

179 768 226 816 ni
249 767 586 830 Edimburgum
609 785 690 828 per
712 770 886 833 Regem
907 770 1203 817 indicendum
1226 784 1401 819 curant.

242 833 417 878 XXIX.
452 834 521 879 Εὸ
540 832 695 879 Rodiis
713 833 924 879 tratribus
943 833 1085 883 adesse
1100 835 1239 894 juliis,
1256 835 1376 882 varie}
1396 850 1463 880 res
1481 851 1564 898 pro
1582 836 1794 900 cujusque
1811 836 1940 892 odio,

179 910 256 944 aut
277 897 432 943 favore
453 913 561 960 erga
582 913 660 943 eos
683 898 742 944 est
764 898 1004 944 celebrata.
1074 900 1160 962 Ipsi
1192 899 1312 946 certe¹
1335 912 1426 946 tam
1458 898 1692 962 inopinato
1715 902 1812 947 casu
1839 895 1942 964 per-

176 961 456 1016 culfi,·nullo
478 960 651 1007 auxilio
668 961 874 1008 adversus
897 961 1141 1009 imminens
1164 964 1333 1010 malum
1357 976 1460 1009 ante
1484 978 1654 1026 parato,
1678 965 1826 1012 fractis
1844 966 1944 1012 ani-

176 1027 263 1073 mis
288 1042 378 1072 non
398 1037 490 1071 tam
509 1023 715 1072 fac'tionis
735 1025 928 1073 adversae
947 1027 1167 1088 potentia,
1188 1027 1326 1090 quarn
1347 1026 1492 1074 subita
1515 1030 1650 1094 Regis
1668 1029 1942 1079 alienatione

177 1089 431 1153 perturbati
453 1090 681 1140 Robertus
704 1091 830 1136 omni
854 1091 927 1153 spe
951 1087 1288 1138 incolumitatis
1309 1091 1497 1153 abjefiM,
1523 1092 1568 1138 in
1596 1094 1813 1156 Angliam
1837 1110 1946 1156 pro-

177 1154 313 1218 fugit.
376 1154 652 1207 Alexander,
673 1171 809 1217 quem
835 1154 1016 1201 adversa
1037 1155 1253 1204 valetudo
1276 1155 1301 1202 ἐι
1325 1155 1434 1220 suga
1456 1157 1680 1211 cohibuit,
1705 1157 1751 1203 in
1768 1158 1842 1217 jus
1864 1174 1950 1205 ve.

176 1218 261 1266 nit.
316 1217 514 1267 Crimini
544 1217 759 1266 fratribus
789 1216 1096 1266 communiter
1128 1222 1304 1275 datum,
1336 1221 1463 1282 quod
1499 1220 1544 1266 in
1571 1222 1743 1285 Regem
1778 1222 1945 1283 injecta

175 1298 315 1337 manu
332 1281 508 1346 privato
521 1283 708 1344 consilio
726 1300 828 1332 eum
849 1283 1185 1348 Edirnburgum
1205 1283 1441 1332 duxissent.
1467 1286 1586 1332 Cum
1604 1288 1862 1332 Alexander
1879 1280 1948 1348 εἰς’

176 1348 374 1409 firmaret
387 1346 481 1407 ejus
504 1347 652 1411 culpoe
673 1347 852 1406 veniam
883 1347 931 1394 in
953 1364 1180 1395 conventu
1204 1348 1391 1410 publico
1407 1350 1711 1412 impetratam,
1729 1350 1942 1413 supplex-

176 1428 267 1476 que
299 1424 489 1474 peteret‚
516 1423 564 1458 ut
594 1411 689 1472 ejus
713 1412 856 1458 venia:
878 1428 934 1459 ex
957 1411 1064 1458 affls
1096 1413 1292 1474 publicis
1329 1415 1429 1460 Rex
1459 1417 1721 1478 exemplum
1753 1413 1944 1461 describi

239 1488 421 1528 teretur,
447 1475 495 1528 id
516 1475 560 1522 ei
581 1487 813 1539 negatum.
882 1477 1008 1539 Qid
1039 1477 1244 1523 adversus
1268 1477 1317 1524 id
1337 1478 1569 1539 decretum
1593 1479 1650 1525 ab
1672 1477 1939 1541 accusatori-

173 1492 261 1587 εἰς
291 1540 521 1602 objectum
544 1540 612 1594 fit,
644 1540 702 1586 ab
726 1539 845 1586 illius
869 1539 1086 1603 temporis
1121 1541 1410 1604 scriptoribus
1434 1559 1524 1588 non
1548 1540 1768 1606 proditur.
1837 1543 1942 1606 Ego

175 1620 381 1667 quoque,
415 1619 677 1667 quanquam
709 1605 967 1663 conjeEtura
996 1604 1192 1651 difficilis
1216 1622 1305 1651 non
1331 1605 1399 1659 sit,
1434 1607 1554 1652 malo
1583 1605 1940 1670 cogitationibus

175 1668 430 1732 legentium
453 1683 546 1714 rem
573 1681 713 1714 totam
736 1668 1009 1730 relinquere,
1043 1668 1182 1730 quam
1208 1671 1277 1729 (z)
1303 1669 1474 1715 incerta
1496 1685 1579 1731 pro
1601 1683 1724 1715 certo
1746 1670 1940 1716 affirma-

173 1749 239 1780 re.
308 1734 360 1779 In
390 1731 639 1792 eojudicio
669 1732 927 1778 Alexander
949 1733 1186 1779 damnatus
1210 1732 1357 1795 capite
1387 1733 1490 1785 luit.
1535 1733 1760 1780 Robertus
1782 1733 1939 1796 paucis

174 1797 271 1871 post
293 1796 421 1844 annis
445 1796 670 1844 Annevici
694 1796 741 1842 in
774 1796 946 1860 Anglia
966 1794 1092 1843 exilii
1115 1797 1251 1843 taedio
1273 1798 1328 1843 ad
1352 1813 1631 1860 praegravem
1660 1811 1835 1844 aetatem
1861 1798 1941 1861 ad7

169 1863 346 1923 Junfto.
372 1861 567 1908 deceffit.
634 1860 775 1908 Filius
798 1860 894 1920 ejus
917 1861 1089 1915 absenS,
1109 1860 1357 1916 inauditus,
1383 1867 1421 1908 Sc
1445 1862 1683 1924 negotium
1702 1863 1941 1924 publicum

211 1942 338 1972 erens
361 1925 496 1973 hostis
519 1924 728 1987 publicus
747 1925 994 1985 judicatus.
1028 1923 1257 1973 Omnium
1275 1926 1395 1972 bona
1418 1926 1663 1989 publicata.
1696 1927 1811 1973 Haec
1833 1926 1940 1989 qui-

237 2007 279 2037 m
310 1989 375 2051 ita
402 1990 523 2055 gesta
544 1988 656 2040 sunt.
691 1991 808 2052 Qiae
829 2002 981 2035 autem
1003 2005 1060 2035 ex
1081 1990 1187 2037 viris
1212 1990 1360 2045 bonis,
1393 1995 1441 2040 δε
1463 1985 1647 2053 illorum
1679 2005 1942 2053 temporum

175 2070 267 2101 non
290 2053 459 2119 ignaris
481 2054 655 2117 accepi,
679 2069 770 2100 non
798 2054 1047 2100 existimavi
1066 2054 1398 2101 dissimulanda.
1465 2054 1612 2103 Aiunt
1632 2055 1752 2118 enim
1782 2054 1941 2102 decre·

175 2131 291 2173 turn,
316 2134 410 2182 quo
440 2116 575 2166 Bodii
597 2130 699 2164 ante
720 2119 922 2171 aetorum
946 2119 1079 2165 venia
1105 2119 1192 2165 fuit
1214 2119 1334 2171 data,
1366 2119 1411 2165 in
1436 2118 1544 2166 actis
1570 2131 1720 2166 extare
1742 2119 1788 2166 in
1820 2119 1937 2167 hanc

175 2182 270 2230 fere
292 2182 576 2236 sententiam,
603 2194 652 2228 ut
674 2182 773 2229 Rex
795 2179 981 2229 ornnem
1003 2183 1312 2237 offensionem,
1333 2189 1373 2230 δι
1399 2187 1470 2243 (ut
1494 2196 1588 2230 tum
1612 2183 1936 2247 loquebantur)

175 2247 575 2303 animirancorern
608 2248 870 2293 remitteret.
941 2241 1081 2309 Q'pod
1110 2246 1316 2309 quidem,
1347 2247 1427 2310 qui
1451 2248 1569 2311 Regi
1590 2247 1833 2312 gratificari
1856 2264 1956 2319 iso·-

171 2310 476 2374 lebantjuxta
494 2310 756 2359 remiffionis
778 2312 834 2357 de
856 2312 1006 2375 culpa,
1033 2317 1072 2358 δι
1094 2328 1231 2373 poena
1251 2310 1724 2374 distinffionem,'qua›
1745 2325 1841 2373 tum
1865 2328 1938 2362 ln-

171 2386 242 2422 ter
263 2375 534 2440 Theologos
556 2371 885 2429 celebrabatur,
909 2374 1311 2440 interpretarentur
1334 2394 1344 2422 z
1371 2375 1439 2422 his
1461 2375 1674 2423 videlicet
1695 2374 1843 2422 verbis
1865 2375 1941 2421 in..

172 2440 322 2504 telligi
347 2455 513 2488 noxam
535 2439 742 2504 quidem,
766 2444 813 2488 &
837 2457 892 2485 ex
915 2441 1055 2487 animi
1081 2440 1285 2503 nequitia
1306 2452 1573 2504 conceptam
1605 2441 1756 2487 labem
1781 2440 1937 2488 abole-

171 2502 212 2550 ri
236 2522 248 2551 ε
273 2517 488 2552 caeterum
509 2504 665 2568 legum
689 2502 836 2566 poenis
857 2520 956 2550 reos
979 2521 1070 2551 non
1093 2503 1251 2551 eximi.
1429 2503 1431 2505 ’

237 2568 388 2615 ΧΧΧ.
405 2567 618 2616 Proximo
631 2585 735 2615 vere
750 2568 929 2614 Danica
942 2570 1079 2615 classis
1093 2568 1318 2633 Reginam
1330 2568 1528 2616 advexit.
1546 2565 1752 2630 Thomas
1765 2567 1936 2616 Bodius

171 2632 328 2681 audita
348 2632 606 2681 calamitate
631 2632 766 2679 totius
790 2632 995 2686 familiae,
1020 2649 1279 2696 quanquam
1297 2629 1395 2680 'non
1415 2634 1626 2697 deessent,
1646 2633 1726 2696 qui
1747 2632 1793 2679 in
1817 2633 1938 2695 pub·

170 2695 262 2744 lica
285 2696 492 2744 omnium
521 2695 688 2746 laedcia
708 2696 829 2758 spem
861 2697 1007 2743 veniae
1029 2699 1070 2759 ei
1100 2697 1387 2752 ostentarent,
1422 2715 1513 2745 non
1536 2695 1603 2745 est
1624 2695 1753 2746 ausus
1782 2708 1938 2759 tamen

169 2757 444 2809 descendere
469 2778 480 2808 :
506 2776 661 2813 verum
687 2759 744 2806 ab
769 2775 923 2814 uxore,
955 2762 1138 2824 quae‘ad
1163 2778 1392 2809 rumorem
1421 2761 1611 2809 Danicae
1633 2760 1770 2807 claffis
1792 2761 1942 2807 advo-

171 2825 359 2880 laverat,
383 2825 569 2872 edoc'tus
591 2824 767 2870 nullum
791 2824 987 2882 reditum
1011 2826 1068 2871 ad
1086 2826 1228 2890 Regis
1248 2826 1441 2890 gratiam
1464 2839 1634 2890 patere,
1659 2824 1785 2884 omni
1807 2824 1935 2871 aditu
1994 2846 2023 2883 5.

169 2888 230 2936 ab
250 2887 450 2937 inimicis
472 2888 707 2953 pra-cluso,
739 2887 884 2934 statim
911 2888 957 2934 in
985 2889 1203 2944 Daniam,
1229 2891 1349 2937 unde
1371 2905 1570 2946 venerat,
1602 2890 1806 2944 revectus
1832 2889 1892 2935 est
1917 2906 1933 2940 ι
1996 2898 2025 2919 ”

168 2955 223 3004 8:
241 2966 480 3018 peragrata
501 2951 836 3010 Germaniastn
858 2950 1062 3000 Galliam
1085 2952 1225 3000 venit.
1293 2955 1313 3000 Ι
1320 2953 1366 3000 bi
1388 2955 1532 3010 multa
1548 2954 1705 3008 frustra
1724 2947 1931 3017 conatus„

1985 2700 2025 2793 Ξ

1997 2801 2025 2842 e.-

2000 2913 2019 2953 Β

1991 2961 2025 3012 54,

170 3028 223 3064 ut
245 3018 316 3081 (3)
340 3016 580 3066 Ludovico
603 3016 845 3065 undecimo
868 3016 969 3078 (qui
991 3033 1179 3080 regnum
1203 3016 1464 3081 legitimum
1484 3019 1765 3083 Francorum
1785 3015 1839 3064 in
1861 3029 1932 3079 ty-
1988 3023 2025 3081 ,ζ

168 3082 404 3131 rannidem
420 3080 1018 3144 converterat)deprecatore
1032 3082 1246 3138 uteretur-l,
1263 3082 1621 3151 ad{4)Carolum
1633 3080 1933 3153 Burgundum
2007 3081 2020 3115 '⁴'

224 3197 287 3250 (ι)
314 3199 458 3240 Robett
473 3200 552 3244 lord
571 3199 677 3247 Boid,
698 3200 768 3237 and
792 3198 853 3236 his
880 3197 1031 3237 brother
1135 3199 1202 3251 (3)
1229 3200 1352 3239 Lewis
1370 3201 1442 3238 XI.
1462 3199 1509 3238 of
1519 3201 1656 3238 France
1672 3198 1745 3237 had
1771 3197 1929 3245 married
1977 3176 1980 3177 γ
1999 3195 2016 3233 ἶ

172 3250 251 3289 Mr-
272 3254 498 3292 Alexander.
1079 3252 1268 3302 Margaret
1292 3255 1464 3309 stewart,
1490 3253 1644 3291 r‘a'ther's
1662 3250 1758 3290 sister
1779 3260 1818 3290 to
1835 3251 1939 3307 kin}
2008 3249 2011 3254 ’

227 3302 292 3356 (2)
321 3306 411 3344 Ter.
431 3305 544 3344 Adel.
580 3318 618 3357 3.
641 3316 678 3343 ι.
698 3317 760 3356 32.
789 3318 854 3355 pro
883 3305 1024 3343 certon'
1077 3307 1204 3358 James
1222 3306 1295 3344 111.
1320 3308 1390 3344 and
1407 3314 1448 3344 to
1464 3302 1714 3365 thieh'countess
1731 3301 1776 3344 of
1788 3302 1928 3361 Art-h(
2006 3344 2008 3346 ,

168 3361 210 3393 tu
225 3355 350 3394 isshaec
368 3357 492 3397 dicia?
530 3358 613 3398 Cic.
633 3358 754 3397 Attic.
775 3371 813 3408 9.
838 3359 897 3396 18.
931 3359 1026 3396 Haec
1079 3360 1147 3396 See
1167 3360 1234 3397 lib.
1255 3371 1314 3397 ιο.
1335 3372 1414 3408 cap.
1432 3370 1499 3409 29.

171 3420 238 3463 pro
256 3416 356 3446 certo
371 3419 556 3459 putamus.
619 3411 710 3449 Sall.
726 3411 813 3463 Jug.
835 3411 897 3461 36.
930 3411 1026 3462 Qae
1134 3411 1196 3461 (4)
1226 3412 1354 3462 Philip
1372 3410 1495 3450 father
1511 3419 1550 3450 to
1567 3404 1926 3461 thisfiukesshffle·

169 3469 380 3511 quanquam
394 3463 660 3509 gravia‚tamen
670 3462 931 3502 consuetudine
939 3464 1020 3513 jam
1073 3476 1149 3502 was
1162 3466 1270 3503 uncle
1286 3473 1329 3503 to
1340 3459 1452 3514 Mai-y
1463 3464 1509 3502 of
1521 3463 1787 3509 Guelderlamt,
1803 3471 1930 3510 queen,

168 3525 236 3569 pro
255 3511 378 3551 nihilo
395 3512 593 3554 habentur.
620 3515 704 3557 Liv.
721 3527 762 3564 4.
784 3527 846 3567 5¹·
867 3517 940 3553 Illa
956 3528 1021 3566 pro
1073 3516 1119 3554 of
1131 3517 1250 3565 Scots,
1282 3519 1351 3555 and
1370 3516 1521 3555 mother
1542 3526 1583 3559 to
1608 3515 1677 3556 the
1701 3509 1864 3558 σοφαῖς
1881 3508 1928 3565 οξ

169 3573 271 3603 certo
298 3563 480 3611 habenda,
499 3565 539 3604 in
558 3566 690 3617 quibus
707 3568 1020 3613 diaerfimue‘tuaea
1073 3574 1213 3608 Acran.
1268 3572 1336 3612 See
1363 3569 1431 3613 lib.
1466 3579 1527 3613 10.
1558 3559 1825 3620 &rivam-
1850 3575 1923 3622 ³²5

169 3616 492 3683 nonodiu‘entiunt.
630 3640 633 3642 -
1074 3633 1150 3674 cap.
1172 3635 1215 3687 3..
1233 3677 1239 3681 φ
1818 3627 1934 3679 prag
1942 3662 1951 3671 ,
2014 3641 2025 3658 =.
