2006 3858
365 109 662 179 LIBER
728 105 1154 171 DECIMUS
1199 121 1496 166 Nonus
1673 98 1807 182 565

20 251 23 253 .
50 211 173 260 ciare
194 207 351 272 posset,
375 209 469 268 quo
495 207 641 253 minus
665 203 804 252 causae
835 202 1040 250 nondum
1078 199 1341 261 dijudicatae
1363 197 1555 262 speciem
1580 196 1809 259 relinque·

47 281 140 328 ret,
161 271 316 319 omnia
336 271 580 333 satagebat.
627 270 674 316 Si
695 268 810 330 quid
831 268 952 314 enim
978 265 1154 312 inimici
1176 265 1381 312 adversus
1404 263 1548 326 ipsum
1572 261 1813 315 haberent.

50 338 226 401 aequius
260 337 342 383 effe
366 334 592 389 homines,
637 335 788 394 &jam
829 332 909 377 diu
951 331 1007 376 ad
1031 330 1333 377 accusandum
1352 326 1688 392 praemeditatos
1712 340 1814 373 tum

55 402 276 465 proferre,
302 414 451 461 neque
474 410 654 460 tempus
681 394 907 443 absentem
953 394 1265 441 calumniandi
1285 390 1484 457 captare,
1507 407 1613 437 cum
1637 390 1814 454 discep-

54 467 273 512 tationem
297 481 401 510 cum
425 475 641 525 praeente
664 461 951 523 defugissent.
1020 462 1076 506 Se
1115 476 1206 506 non
1227 459 1455 522 ignorare,
1478 473 1594 521 quos
1615 471 1820 503 rumores

54 530 232 577 inimici
255 545 346 574 non
370 528 509 573 modo
532 527 672 588 vulgo
694 526 966 587 spargendos
990 536 1217 578 curarent,
1250 525 1324 570 sed
1347 523 1460 584 quid
1481 520 1754 584 quibusdam
1790 522 1819 568 ὲ

57 593 264 646 consilio,
289 591 402 654 quid
424 593 576 655 legato
602 590 744 635 Gallo
764 602 916 651 aperte
939 589 1227 634 affirmarent.
1296 590 1446 650 Igitur
1467 604 1493 633 a
1532 584 1719 633 consilio
1743 601 1823 631 ve-

57 660 295 704 hementer
340 655 471 717 petit,
516 668 562 701 ut
578 654 770 715 jubeant
792 669 868 700 eos
898 654 993 707 ista,
1018 670 1121 716 quae
1145 655 1261 698 clam
1284 653 1647 705 demurmurent‚
1671 651 1825 712 palam

58 723 209 768 edere.
277 722 447 783 Neque
492 721 532 765 se
571 720 761 765 domum
785 717 1007 764 redeundi
1037 731 1127 763 tam
1151 716 1371 779 cupidum
1396 718 1497 770 effe,
1521 731 1570 762 ut
1606 732 1697 761 non
1717 731 1828 762 cum

61 801 232 849 magno
254 785 330 832 suo
355 786 552 846 privato,
584 790 622 830 ἂ
647 783 835 846 publico
853 784 1022 829 damno
1044 782 1085 828 se
1109 797 1262 828 coram
1286 783 1431 828 libens
1455 793 1686 844 purgaret.

125 851 304 909 XXIV.
338 849 551 896 Tandem
576 847 775 899 accersiti
798 847 990 910 Reginae
1013 846 1157 892 exulis
1181 859 1510 909 procuratores,
1554 861 1605 892 ac
1626 843 1777 908 rogati
1796 844 1829 895 fi

63 916 174 978 quid
194 914 429 971 haberent,
449 915 576 975 quod
601 913 807 963 advertus
839 915 1084 973 Proregem
1124 925 1203 958 aut
1239 911 1336 974 ejus
1358 910 1566 963 comites,
1590 926 1668 956 cur
1690 909 1831 955 caedis

63 978 225 1041 Regiae
248 977 413 1032 conscii
439 979 583 1025 videri
608 978 797 1039 possent,
822 991 918 1024 tum
945 976 1214 1038 proferrent.
1282 975 1359 1021 llli
1391 975 1505 1022 nihil
1526 975 1573 1021 in
1596 975 1832 1034 praesentia

60 1045 106 1089 se
130 1043 294 1089 habere
315 1043 590 1104 respondent
615 1060 625 1089 ε
663 1042 736 1088 sed
760 1054 857 1087 tum
883 1042 1165 1087 accusaturos
1187 1057 1294 1086 cum
1336 1057 1362 1085 a
1384 1041 1563 1101 Regina
1586 1038 1660 1084 sua
1694 1038 1832 1099 jube-

61 1121 235 1153 rentur.
308 1109 381 1153 Ad
406 1125 458 1153 ea
479 1108 666 1162 Prorex,
692 1109 732 1153 se
755 1121 962 1168 paratum
985 1105 1159 1167 semper
1188 1104 1285 1151 fore
1326 1105 1548 1151 rationem
1572 1120 1720 1150 rerum
1744 1120 1769 1149 a
1789 1103 1832 1150 se

66 1173 289 1235 gestarum
314 1171 534 1218 reddere:
570 1188 719 1234 neque
743 1171 886 1217 ullum
907 1182 985 1216 aut
1004 1182 1295 1232 tempus,aut
1317 1170 1471 1214 locum
1498 1169 1831 1231 defugitururn.

68 1237 158 1294 Sed
179 1236 352 1282 interea
373 1237 482 1282 dum
507 1236 689 1300 Regina
710 1234 936 1281 ordiretur
951 1235 1077 1281 istam
1092 1232 1441 1287 accusationem,
1467 1233 1508 1279 se
1526 1235 1584 1279 ab
1606 1232 1835 1279 accusato-

71 1302 197 1348 ribus
220 1301 306 1347 suis
324 1301 420 1362 jam
443 1300 736 1363 praesentibus
755 1312 926 1361 petere,
944 1311 994 1344 ut
1013 1299 1041 1344 fi
1063 1298 1168 1360 quis
1190 1314 1348 1344 eorum
1369 1298 1616 1360 quicquam
1629 1297 1833 1350 haberet,

70 1365 197 1428 quod
221 1364 260 1411 ei
284 1365 483 1423 objicere
506 1366 663 1426 posset,
686 1363 736 1409 id
758 1379 880 1410 nunc
904 1362 1147 1425 proferret.
1209 1358 1320 1409 Hoc
1364 1363 1510 1408 multo
1534 1360 1710 1423 aequius
1731 1362 1836 1416 effe,

68 1445 123 1486 ac
145 1429 370 1476 honestius
391 1429 437 1476 in
474 1428 635 1477 illustri
652 1441 774 1475 coetu
797 1428 947 1490 palam
970 1443 1199 1490 promere,
1221 1443 1360 1491 quam
1383 1426 1576 1474 absentis
1597 1427 1765 1473 famam
1787 1428 1838 1474 in

69 1493 385 1554 conciliabulis
407 1494 682 1542 convellere.
747 1494 804 1540 Id
826 1509 1011 1555 quoque
1031 1509 1134 1539 cum
1155 1492 1234 1538 diu
1255 1492 1536 1547 recusassent,
1559 1491 1742 1538 tandem
1766 1504 1838 1538 to·

74 1558 166 1605 tius
189 1558 359 1604 consilii
404 1558 774 1612 succlamatione,
818 1573 870 1603 ac
911 1574 1028 1620 pene
1050 1555 1263 1604 convitiis
1307 1557 1504 1620 excepti,
1536 1556 1718 1603 confesti
1740 1556 1842 1605 sunt

74 1624 240 1686 singuli
265 1623 307 1670 se
327 1623 441 1670 nihil
464 1625 682 1687 privatim
723 1622 850 1677 scire,
895 1639 974 1668 cur
997 1621 1256 1676 Moravius,
1280 1634 1359 1667 aut
1379 1622 1621 1684 quisquam
1645 1621 1739 1683 ejus
1761 1637 1842 1668 co-

75 1687 244 1734 mitum
287 1688 425 1736 caedis
466 1688 669 1734 conscius
713 1686 860 1734 videri
882 1688 1040 1748 pofl'et.
1087 1688 1178 1732 vIta
1199 1687 1294 1749 post
1335 1687 1522 1750 longam
1553 1687 1673 1733 inter
1695 1697 1843 1750 partes

77 1751 423 1800 altercationem
449 1753 686 1799 consilium
711 1752 771 1797 est
793 1751 1039 1798 dimissum.
1091 1751 1261 1813 Neque
1283 1767 1339 1797 ex
1362 1768 1417 1797 eo
1439 1753 1531 1797 ulla
1548 1754 1605 1798 de
1628 1754 1845 1814 Prorege,

77 1830 156 1863 aut
179 1819 274 1879 ejus
297 1817 541 1863 comitibus
561 1815 824 1863 accusandis
847 1816 1022 1863 mentio
1061 1817 1120 1863 est
1143 1816 1275 1862 facta.
1343 1817 1468 1863 Inter
1491 1815 1569 1863 has
1588 1815 1648 1862 ob
1670 1816 1849 1863 causam

82 1883 316 1944 publicam
339 1881 385 1927 in
411 1881 584 1952 Anglia
617 1898 765 1928 moras
787 1882 1000 1944 quaedam
1023 1898 1048 1927 a
1065 1881 1258 1943 Reginae
1282 1880 1478 1927 factione
1501 1880 1644 1936 domi,
1669 1884 1716 1929 δε
1740 1880 1850 1928 foris

80 1952 250 2009 magno
273 1960 456 2000 conatu,
481 1947 555 1994 led
578 1947 667 1992 fine
691 1947 786 1992 ullo
809 1946 972 1992 effeEtu
995 1946 1096 1991 sunt
1121 1957 1303 1991 tentata.
1346 1946 1543 1993 Iacobus
1564 1944 1850 1993 Hamiltoni·

83 2027 157 2066 us,
179 2010 260 2073 qui
283 2012 452 2059 Prorex
474 2025 578 2057 ante
609 2011 789 2072 aliquot
805 2027 946 2056 annos
970 2010 1134 2065 fuerat,
1161 2010 1297 2056 taedio
1318 2026 1470 2056 rerum
1501 2010 1851 2058 domesticarum

81 2092 244 2146 parum
269 2091 325 2123 ex
347 2075 500 2121 animo
520 2075 859 2122 succedentium
883 2074 930 2121 in
950 2074 1153 2121 Galliam
1179 2076 1466 2123 concefl'erat.
1516 2075 1589 2123 Ibi
1613 2092 1717 2122 cum
1738 2092 1853 2139 pau-

85 2140 264 2187 cissimis
287 2138 533 2187 comitibus
557 2141 613 2186 ab
642 2138 772 2186 omni
793 2139 1085 2203 negotiorum
1110 2138 1399 2202 publicorum
1431 2142 1632 2187 tumultu
1659 2139 1855 2188 semotus

12 2262 14 2264 V
85 2221 192 2252 cum
218 2221 326 2259 uno,
353 2210 392 2252 δε
415 2205 557 2252 altero
578 2204 778 2251 ministro
799 2204 986 2251 latebat.
1025 2205 1115 2250 Sed
1135 2204 1315 2267 Regina
1335 2207 1576 2252 Scotorum
1598 2205 1622 2251 ὲ
1657 2206 1858 2254 custodia

87 2271 258 2324 emissa,
282 2270 449 2316 deinde
471 2270 631 2332 praelio
653 2270 875 2331 superata,
899 2284 951 2315 ac
970 2269 1154 2315 tandem
1179 2269 1296 2315 intra
1313 2286 1481 2332 paucos
1504 2270 1599 2316 dies
1619 2270 1666 2316 in
1689 2271 1860 2333 Angli-

90 2351 164 2381 am
187 2334 437 2397 compulsa,
459 2334 608 2388 Galli,
637 2337 718 2398 qui
742 2335 967 2380 Moraviae
991 2334 1224 2380 Comitem
1247 2348 1508 2380 revocatum
1534 2351 1557 2379 a
1576 2334 1678 2389 suis,
1704 2350 1757 2380 ac
1779 2351 1860 2398 per

92 2399 297 2446 Galliam
321 2399 587 2446 redeuntem
609 2398 657 2445 in
681 2399 777 2444 suas
797 2411 944 2460 partes
968 2399 1204 2444 traducere
1226 2415 1318 2444 non
1342 2403 1569 2460 poterant,
1588 2401 1866 2447 commodis·-

93 2463 255 2519 fimum
291 2463 378 2509 suis
416 2463 670 2510 rationibus
687 2462 968 2523 judicarunt,
1009 2464 1113 2508 cum
1138 2463 1221 2524 ipsi
1259 2463 1392 2509 rebus
1416 2463 1543 2510 domi
1567 2464 1757 2510 turbatis
1780 2480 1864 2512 nec

94 2528 310 2582 militem,
335 2543 420 2574 nec
442 2528 684 2590 pecuniam
706 2527 754 2572 in
779 2527 979 2572 Scotiam
1010 2528 1192 2574 mittere
1229 2528 1418 2589 possent,
1451 2527 1793 2575 Hamiltonium
1821 2530 1866 2577 ei

97 2593 315 2639 aemulum
338 2592 544 2648 excitari,
567 2608 621 2639 ac
641 2609 696 2639 eo
719 2591 919 2637 maxime
943 2603 1166 2654 tempore,
1187 2591 1298 2639 dum
1321 2593 1490 2642 Prorex
1509 2608 1615 2640 cum
1632 2607 1762 2656 parte
1782 2611 1867 2646 no.

96 2657 290 2704 bilitatis
313 2658 493 2704 abess'et.

165 2723 320 2769 XXV.
351 2723 438 2768 Ille
459 2720 602 2786 igitur
627 2720 654 2768 ὲ
677 2719 764 2768 suis
785 2720 971 2768 latebris
999 2723 1246 2776 extractus,
1270 2738 1323 2768 ac
1346 2720 1552 2785 pauculis
1575 2722 1752 2788 aliquot
1772 2725 1870 2773 scu·

99 2786 206 2834 tatis
228 2786 375 2833 aureis
398 2788 611 2842 donatus,
635 2785 880 2849 multisque
901 2784 1122 2848 promislis
1143 2800 1373 2840 oneratus,
1409 2787 1521 2833 dum
1549 2804 1628 2851 per
1651 2790 1873 2854 Angliam

100 2852 292 2897 domum
316 2864 548 2914 properat,
571 2852 629 2897 ab
651 2850 829 2907 amicis,
855 2857 894 2898 δε
919 2851 1190 2913 propinquis
1209 2851 1448 2914 impulsuS,
1486 2865 1535 2898 ut
1563 2851 1745 2901 favente
1765 2870 1873 2905 cum

102 2915 180 2962 sua
200 2914 398 2962 fafitione
417 2917 599 2980 Regina
619 2917 771 2969 Scota,
798 2931 881 2962 nec
900 2916 1056 2978 Angla
1077 2914 1241 2970 aliena,
1262 2932 1369 2963 cum
1387 2932 1442 2963 ea
1455 2931 1630 2978 ageret,
1653 2931 1702 2964 ut
1716 2921 1877 2968 Mora.

43 3000 47 3002 “
101 2979 229 3027 vium
253 2980 329 3026 sua
349 2981 622 3028 auctoritate
638 2980 894 3035 induceret,
930 2992 979 3025 ut
1012 2979 1095 3026 fibi
1116 2980 1180 3027 rei
1203 2981 1396 3040 Scoticae
1416 2980 1776 3044 gubernaculum
1801 3001 1878 3032 ce.

102 3045 256 3091 deret:
279 3044 358 3107 qui
371 3046 498 3092 locus
511 3044 719 3092 omnium
738 3060 882 3108 prope
903 3045 1113 3108 gentium
1133 3045 1355 3100 moribuS,
1372 3051 1412 3091 δε
1435 3045 1636 3108 legibus,
1660 3063 1713 3093 ac
1736 3050 1877 3111 potis..

105 3109 271 3155 fimum
292 3109 498 3156 instituto
527 3109 677 3172 patrio
700 3109 782 3156 fibi
804 3116 854 3160 &
887 3125 1056 3172 genere
1079 3107 1308 3171 proximo,
1345 3115 1386 3156 &
1408 3108 1582 3156 haeredi
1605 3112 1873 3163 debebatur.

107 3180 143 3202 “
168 3174 337 3235 Neque
359 3175 530 3220 necefl‘e
559 3175 644 3220 effe
675 3173 724 3220 in
746 3190 801 3220 eo
824 3172 881 3219 ab
917 3172 1092 3219 ultimis
1131 3173 1270 3238 usque
1298 3173 1584 3237 temporibus
1607 3178 1878 3226 memoriam

107 3238 343 3284 annalium
376 3250 599 3299 repetere,
643 3239 748 3284 cum
784 3237 999 3285 omnibus
1021 3237 1174 3284 adhuc
1209 3254 1354 3302 regno
1386 3238 1644 3287 immaturis
1664 3240 1880 3306 e'genere

105 3301 332 3364 proximis
353 3304 549 3349 rectores
568 3302 668 3350 sunt
685 3301 780 3349 dati
806 3319 818 3349 ε
850 3302 915 3348 ita
930 3314 1112 3349 mortuo
1134 3302 1341 3349 Roberto
1360 3301 1515 3358 tertio,
1538 3303 1674 3351 rebus
1699 3323 1779 3370 per
1799 3309 1897 3371 ab·¹

110 3364 302 3412 sentiam
322 3366 480 3412 Iacobi
503 3365 642 3428 primi
662 3364 850 3427 praefuit
867 3366 966 3428 ejus
987 3378 1174 3429 patruus
1195 3367 1424 3414 Robertus
1446 3385 1458 3414 ε
1479 3371 1529 3419 δε
1554 3369 1758 3418 Roberto
1770 3373 1890 3423 filius

40 3446 43 3453 ¹
75 3453 79 3456 ·
109 3428 366 3482 Mur-dacus
390 3429 664 3476 success'erat.
717 3430 777 3476 Et
797 3429 971 3478 recenti
991 3431 1215 3478 memoria
1235 3432 1428 3479 Ioannes
1451 3432 1651 3480 Albinus
1674 3436 1785 3483 Dux
1810 3440 1882 3486 l'a-

112 3492 222 3544 cobi
259 3492 412 3555 quinti
442 3492 794 3541 adolescentiam
817 3494 1003 3551 rexerit,
1040 3498 1091 3545 &
1121 3494 1215 3558 ipse
1249 3496 1567 3544 Hamiltonius
1589 3488 1758 3556 Maria,
1777 3520 1884 3565 quae

111 3571 237 3614 nunc
257 3557 318 3607 est
338 3557 539 3623 Regina,
570 3557 778 3608 nondum
799 3572 880 3610 aut
898 3559 1050 3626 regni,
1085 3574 1164 3610 aut
1184 3558 1272 3626 viri
1293 3571 1483 3627 potente
1505 3561 1573 3612 rei
1594 3563 1780 3624 summae
1801 3584 1886 3614 an-

1837 3640 1888 3682 te
