2035 3833
186 187 313 251 332
533 167 891 233 Renum
983 158 1664 226 Scor-reanum

187 257 380 318 majores
390 253 524 302 nostri
537 251 671 300 nullis
688 247 886 296 obstr-iffi
899 247 1078 310 legibus
1092 258 1183 293 tam
1204 245 1757 305 constanterobservarint,
1771 259 1945 299 natur:
2034 274 2035 283 κ

189 330 365 368 tantum
381 313 801 376 instinfluimpulsr,
823 312 853 358 fi
877 327 957 358 nos
979 328 1135 358 eorum
1161 309 1322 373 posteri
1341 310 1547 356 adversus
1570 311 1719 374 legem
1732 315 1942 367 omnium

188 383 412 446 suffragiis
435 392 680 441 acceptam,
705 382 745 422 &
766 390 856 424 tam
879 377 1019 439 longo
1043 374 1120 422 usu
1144 374 1375 438 probatam
1395 373 1441 419 in
1460 373 1743 422 manifestum
1767 378 1945 440 pericu-

188 449 289 495 lum
315 449 470 494 statum
497 441 735 505 publicum
757 440 1113 503 praecipitemus,
1135 438 1257 502 quiS,
1279 453 1369 486 non
1389 436 1414 482 a
1436 437 1702 487 temeritatis
1723 440 1846 494 dico,
1869 440 1946 488 sed

190 511 370 559 insaniae
395 524 475 553 nos
497 503 686 552 infamia
705 503 957 550 vindicabit
980 507 998 549 ?
1029 501 1273 565 praesertim
1308 503 1411 548 cum
1433 502 1653 564 exemplis
1677 504 1945 567 propinquit

193 576 533 623 admoneamur.
601 571 800 614 Saxones
833 566 954 614 enim
977 568 1040 614 ob
1063 567 1193 613 unius
1215 566 1509 628 Ethelburgae
1531 565 1670 613 scelus
1693 568 1796 631 lege
1816 584 1947 616 cave·

192 650 316 691 runt,
341 652 398 682 ne
420 635 511 681 ulla
533 633 747 695 deinceps
768 630 911 694 Regis
936 647 1045 678 uxor
1067 630 1246 693 Regina
1265 644 1502 676 vocaretur
1526 648 1537 675 ε
1574 643 1652 677 aut
1672 631 1718 677 in
1741 632 1841 678 sede
1862 632 1948 679 ho-

193 700 316 749 noris
337 700 383 746 in
414 697 601 762 publico
622 696 746 760 Regi
774 695 990 742 affideret.
1058 694 1223 757 Qaeso
1243 693 1385 756 igitur
1416 692 1661 757 diligenter
1683 695 1946 758 expendite,

191 778 416 827 quantum
438 762 496 809 ab
514 777 670 808 eorum
693 759 933 823 prudentia
953 760 1245 835 degenerent,
1265 757 1345 820 qui
1362 758 1568 805 adversus
1585 759 1736 822 legem
1755 772 1846 806 tam
1869 775 1947 808 να

190 830 371 881 tustam,
407 840 498 874 tam
521 824 721 872 foeminis
744 823 919 877 utilem,
947 839 1084 886 quarn
1106 822 1213 869 viris
1234 822 1528 874 honorificam
1559 821 1739 870 clavum
1761 822 1948 886 reipub·

190 893 294 940 licae
315 892 379 939 eis
401 890 709 943 committant,
739 887 905 951 quibus
935 888 1124 949 majores
1148 887 1282 934 nostri
1304 902 1535 949 nunquam
1559 902 1726 935 nomen
1748 888 1949 952 Regium

190 956 474 1005 indulserunt
494 972 506 1002 :
526 952 666 1000 vicini
685 954 825 999 etiam
848 952 1011 998 honori
1050 950 1172 997 illius
1189 950 1461 996 vocabulum
1483 952 1765 998 ademerunt.
1827 951 1948 999 Alia

190 1020 399 1068 nationes
416 1018 546 1066 aliter
561 1017 841 1064 censuerunt.
877 1018 985 1078 Qo
1005 1014 1195 1062 succeffu
1216 1015 1365 1061 dicam
1392 1014 1554 1076 postea,
1580 1015 1720 1063 modo
1741 1015 1865 1079 prius
1883 1015 1948 1063 eis

189 1084 503 1148 respondeam,
526 1082 608 1145 qui
625 1081 741 1128 hanc
764 1081 914 1144 legem
937 1096 1028 1126 non
1047 1080 1215 1127 audent
1232 1076 1417 1141 publice
1438 1078 1724 1134 calumniari,
1741 1080 1790 1126 in
1811 1078 1949 1128 muli·

188 1165 318 1198 erum
340 1160 491 1196 autem
511 1145 842 1193 conventtculis
861 1157 1076 1208 tanquam
1098 1143 1303 1206 iniquam
1323 1155 1540 1207 arguunt.

258 1214 369 1261 XII.
404 1220 438 1241 “
470 1212 645 1258 Verum
663 1209 863 1273 quisquis
885 1210 962 1263 cst,
985 1207 1070 1270 qui
1089 1224 1188 1254 eam
1206 1207 1514 1270 reprehendit,
1541 1221 1632 1255 non
1658 1207 1736 1255 ille
1758 1208 1949 1258 sanctio·

190 1295 295 1326 nem
312 1275 766 1341 aliquamhominum
785 1274 925 1320 modo
941 1271 1164 1336 suffragiis
1181 1271 1544 1335 comprobatam,
1562 1272 1634 1318 sed
1653 1285 1857 1321 naturam
1874 1273 1948 1338 ip-

190 1342 301 1396 fim,
325 1342 412 1388 hoc
433 1341 495 1387 est
510 1341 659 1404 legem
689 1337 817 1386 illam
851 1336 1110 1400 primariam
1135 1336 1162 1382 a
1182 1338 1286 1384 Deo
1306 1337 1354 1383 in
1375 1336 1551 1383 animos
1573 1337 1741 1383 nostros
1763 1337 1947 1386 incisam
2004 1386 2009 1388 .

189 1408 310 1455 velle
340 1401 876 1469 reprehendet-evidetur.
908 1402 1134 1449 Naturam
1157 1401 1515 1464 inquam,quam
1546 1401 1690 1447 noster
1720 1401 1947 1475 legissator

190 1471 239 1518 in
262 1472 347 1517 hac
368 1469 570 1533 roganda
590 1469 776 1522 ducem,
798 1473 844 1515 ὅ(
869 1464 1156 1512 consiliorum
1180 1465 1358 1511 suorum
1378 1464 1613 1512 rectricem
1636 1465 1812 1512 habunt.
1846 1468 1947 1514 Na·

191 1548 292 1584 tura
313 1535 434 1581 enirn
459 1533 516 1578 ab
537 1531 669 1578 initio
691 1544 782 1576 non
812 1530 950 1576 modo
971 1528 1090 1575 viros
1113 1528 1139 1574 a
1162 1527 1362 1575 flaminis
1379 1528 1541 1583 animi,
1565 1528 1857 1593 corporisque
1875 1530 1948 1579 vi-

187 1599 316 1647 sibus
339 1595 565 1650 discrevit,
583 1595 655 1641 sed
680 1594 755 1641 sua
775 1594 940 1656 cuique
969 1593 1092 1639 sexui
1122 1593 1296 1646 munia,
1320 1592 1415 1638 suas
1437 1592 1626 1640 virtutes
1647 1609 1813 1656 genere
1834 1595 1948 1657 qui·
1987 1606 1993 1620 ‘

188 1664 295 1711 dem
310 1661 503 1714 easdem,
568 1659 677 1705 radu
697 1673 807 1704 vero
829 1657 967 1720 longe
989 1655 1180 1703 diversas
1204 1656 1411 1702 attribuit
1433 1674 1444 1703 z
1476 1673 1579 1703 nam
1602 1658 1682 1718 qui
1706 1658 1856 1704 minus
1875 1659 1947 1706 in-

189 1728 408 1774 decorum
432 1726 491 1771 est
541 1722 721 1770 oeminis
740 1723 812 1782 jus
835 1721 1004 1772 dicere,
1039 1721 1263 1766 delectum
1283 1720 1466 1774 habere,
1489 1721 1736 1767 exercitum
1760 1723 1944 1780 ducere,

189 1792 368 1849 §gnum
391 1805 560 1853 pugnae
576 1799 847 1850 proponere,
868 1784 1005 1847 quam
1030 1784 1126 1831 vito
1149 1785 1318 1837 lanam,
1333 1785 1504 1839 colum,
1520 1785 1675 1839 telam,
1694 1799 1946 1851 caeteraque

187 1843 427 1904 muliebris
463 1848 740 1899 infirmitatis
777 1852 962 1896 tractare
1001 1848 1259 1895 ministeria.
1329 1849 1447 1911 Qae
1483 1849 1529 1896 in
1554 1848 1662 1896 viris
1679 1850 1944 1909 liberalitas,
2006 1855 2008 1863 “

188 1919 433 1971 fortitudo,
456 1916 680 1968 severitas,
705 1915 750 1961 in
772 1913 959 1960 muliere
982 1913 1198 1976 profusio,
1222 1912 1416 1967 vesania,
1441 1913 1682 1961 crudelitas
1705 1914 1905 1965 habetut
1926 1934 1940 1965 ε

188 1982 350 2031 contra
367 1982 493 2045 quod
511 1981 555 2027 in
581 1979 770 2025 foemina
790 1979 991 2042 elegans,
1013 1993 1160 2032 come,
1183 1979 1437 2030 venustum,
1461 1977 1508 2025 in
1538 1978 1646 2024 viris
1666 1978 1873 2035 stadum,
1895 1997 1944 2028 e·
1969 2019 1988 2031 .

188 2048 365 2098 lumbe,
402 2045 614 2109 putidum
639 2042 887 2104 judicatur.
955 2043 1073 2090 Haec
1111 2054 1282 2088 naturae
1324 2040 1480 2104 sponte
1516 2041 1720 2090 distincta
1740 2043 1821 2107 qui
1843 2060 1945 2107 per·

188 2111 392 2163 miscere,
413 2112 460 2159 &
484 2107 763 2156 confundere
788 2117 1026 2160 conantur,
1050 2121 1201 2152 nonne
1220 2104 1353 2152 vobis
1374 2105 1586 2153 videntur
1608 2122 1794 2154 omnem
1816 2109 1946 2174 regni

187 2176 347 2226 statum
370 2172 568 2237 legibus,
588 2177 627 2218 δι
652 2169 863 2218 institutis
875 2169 1049 2233 optime*
1082 2169 1326 2217 formatum
1342 2185 1433 2216 non
1454 2170 1735 2233 perturbare,
1758 2172 1831 2219 sed
1844 2188 1948 2221 om·

188 2241 302 2288 nino
320 2251 520 2286 evertere
539 2240 557 2283 ?
580 2238 685 2283 cum
730 2234 951 2282 muliebre
992 2234 1236 2296 imperium
1279 2233 1411 2283 nobis
1432 2234 1623 2296 probare
1643 2238 1945 2294 contendunt,
2010 2275 2014 2281 ,

186 2305 315 2366 cujus
338 2320 393 2350 ue
415 2317 582 2349 nomen
603 2300 790 2363 quidem
813 2299 956 2345 ullum
975 2298 1109 2346 nostr-i
1127 2298 1318 2360 majores
1339 2298 1583 2345 habebant.
1650 2300 1804 2360 Hujus
1821 2301 1944 2349 enim
1996 2351 1998 2354 ,

188 2373 264 2431 (ut
281 2368 399 2426 dixi)
438 2365 552 2429 legis
575 2366 692 2411 lator
713 2379 806 2410 non
827 2376 917 2410 tam
940 2363 986 2410 in
1005 2378 1059 2409 ea
1079 2362 1318 2409 condenda
1334 2377 1502 2408 novum
1520 2362 1594 2424 jus
1606 2365 1800 2411 attuliss‘e
1816 2366 1945 2413 vide·

187 2445 280 2487 tur,
303 2430 442 2495 quam
477 2442 744 2492 perpetuam
782 2428 1005 2489 majorum
1026 2427 1398 2475 consuetudinem
1422 2425 1563 2473 literis
1596 2427 1655 2474 ad
1676 2429 1945 2490 posteritatis
1983 2460 1991 2478 l

186 2493 457 2543 memoriam
479 2494 767 2557 confignaffe.
836 2493 895 2539 Et
910 2491 1036 2554 quod
1068 2490 1116 2538 in
1140 2491 1269 2555 Rege
1302 2490 1498 2538 creando
1519 2503 1678 2539 natura
1693 2492 1810 2539 duce
1829 2494 1945 2542 sem·

187 2576 271 2624 per
303 2559 449 2605 fuerat
487 2557 763 2619 usurpatum,
805 2554 854 2603 id
872 2556 919 2602 in
957 2557 1027 2603 Re
1062 2555 1109 2602 io
1149 2571 1336 2618 qunque
1371 2566 1524 2601 tutore
1541 2556 1740 2603 creando
1760 2557 1947 2620 publica
1995 2563 2017 2612 ’,

186 2623 455 2672 auctoritate
473 2620 801 2668 observandum
819 2619 1001 2667 consecr
1062 2636 1100 2666 e.
1167 2620 1306 2668 Hanc
1320 2618 1402 2683 qui
1418 2617 1687 2667 labefactare
1706 2633 1952 2679 conantur..

186 2687 304 2752 quid
326 2685 452 2734 aliud
468 2684 737 2738 moliuntur,
759 2683 898 2747 quam
920 2695 969 2731 ut
985 2699 1143 2731 omnes
1161 2685 1303 2749 leges,
1326 2683 1458 2739 ritus,
1480 2682 1826 2734 consuetudines
1848 2702 1945 2734 mn·

181 2752 337 2815 §orum
365 2766 454 2796 una
475 2750 577 2812 lege
595 2747 811 2795 violanda
831 2747 967 2795 semel
983 2759 1204 2796 evertant.
1273 2748 1441 2811 Neque
1461 2763 1551 2820 ego
1577 2751 1655 2810 (ne
1676 2748 1779 2811 quis
1799 2749 1849 2798 id
1868 2766 1944 2800 cn·
1998 2797 2015 2808 ,,

185 2814 457 2873 lumnietur)
481 2813 605 2876 leges
621 2827 799 2867 omnes,
817 2811 943 2859 velut
962 2811 1010 2859 in
1032 2823 1252 2859 aeternum
1272 2811 1385 2859 latas
1405 2811 1600 2859 arbitror
1618 2810 1945 2865 immutabiles.

186 2878 299 2928 Alia
314 2878 503 2925 aliarum
524 2877 585 2924 est
601 2875 734 2930 ratio,
752 2876 842 2923 alia
861 2873 946 2930 vis,
969 2874 1059 2923 alia
1074 2875 1295 2923 conditio.
1327 2877 1446 2938 Qae
1462 2878 1583 2923 enim
1606 2876 1666 2924 ad
1685 2888 1943 2942 temporum
1964 2890 1970 2895 '

182 2942 509 2991 viciffitudines
528 2938 949 2994 accommodantur,
964 2955 1030 2986 ear
1047 2938 1242 2986 sortunae
1257 2938 1570 2987 inconstantiae
1580 2939 1681 2989 sum
1699 2941 1941 2993 obnoxia:

186 3006 366 3055 tamdiu
386 3007 547 3052 durare
565 3003 729 3059 solent,
751 3002 956 3066 quandiu
978 3013 1147 3057 manet,
1169 3018 1273 3067 quae
1293 3019 1368 3050 eas
1387 3003 1604 3066 imposuit
1623 3004 1848 3054 necestitae
1863 3018 1884 3055 τ
1899 3010 2028 3066 b..

186 3087 293 3135 qua:
320 3086 403 3134 per
421 3068 517 3116 vim
540 3080 834 3130 tyrannorum
860 3067 1186 3123 obtruduntur,
1215 3082 1319 3115 cum
1341 3065 1429 3115 suis
1449 3068 1708 3116 auetoribun
1731 3068 1828 3118 fere
1855 3085 1966 3119 unm

186 3136 429 3182 tolluntur.
495 3133 560 3179 At
583 3143 759 3179 naturae
775 3131 871 3179 vim
893 3129 1036 3186 illam,
1058 3147 1163 3193 quae
1189 3131 1294 3179 viva
1313 3131 1513 3194 quodam
1535 3133 1677 3180 modo
1695 3133 1773 3180 lex
1789 3133 1868 3190 est,
1887 3136 1942 3186 st

188 3197 218 3244 i
238 3198 343 3245 Deo
358 3196 563 3251 condita,
578 3197 627 3243 in
640 3194 906 3260 animosque
918 3195 1157 3243 hominum
1174 3195 1329 3251 ineisa,
1349 3195 1585 3259 &penitus
1598 3196 1825 3261 impressh,
1837 3195 1940 3246 nnl-

187 3261 278 3308 lius
307 3259 613 3309 multitudinis
634 3259 890 3315 consensus,
915 3259 1299 3307 nullahominum
1332 3260 1516 3307 decr-en
1543 3260 1727 3309 abelae
1808 3261 1937 3309 fl’nnt-
1969 3306 1974 3315 ,

188 3322 301 3371 Non
323 3325 445 3372 enim
479 3327 556 3387 (ut
569 3325 808 3388 egregium
838 3325 1022 3386 poe‘tam
1052 3322 1208 3373 dixisse
1237 3323 1423 3383 ferunt).
1441 3323 1557 3379 heri,
1578 3336 1659 3373 aut
1677 3324 1708 3372 h
1775 3323 1787 3334 ⁰
1835 3335 1940 3375 ιιι

186 3387 359 3440 est„sed
381 3404 484 3434 cum
502 3387 597 3450 ipsa
612 3404 760 3434 rerum
784 3400 942 3434 natura
963 3403 1051 3434 una
1073 3387 1215 3452 viget,
1235 3387 1530 3443 consenescit,
1548 3392 1588 3434 ἃ
1609 3387 1780 3436 interit.
1852 3446 1863 3450 N

254 3450 389 3499 xm.
422 3458 456 3480 ‘⁴
491 3453 598 3513 Qo
619 3451 646 3498 ὲ
674 3467 846 3514 genere
861 3465 977 3498 eum·
997 3450 1616 3513 haeo'nostraimprimisdex
1642 3453 1713 3508 fit,
1743 3464 1835 3499 non
1851 3464 1936 3513 op·
1981 3458 1994 3486 ἲ

187 3523 372 3580 pugnat
397 3513 589 3581 Reginae
614 3513 912 3583 dignitatem,
938 3515 1022 3583 qpi
1062 3515 1215 3583 cupit,
1241 3525 1294 3565 nt
1308 3514 1404 3581 ipsa
1436 3514 1659 3608 ulnpfibi
1683 3512 1941 3582 praseribae

1777 3580 1945 3660 ..μ
1997 3609 2000 3614 ,
