2106 3838
240 202 325 269 82
547 206 906 287 Renum
1000 194 1691 270 ScoT'tcittnUM

247 302 355 349 ditis
390 298 659 357 restiterant,
680 299 1011 362 direptionibus
1044 314 1259 360 pecorum
1286 303 1335 350 δε
1367 302 1536 348 arcium
1569 302 1805 364 praeseflos
1827 298 2007 349 infesta-

250 367 378 420 bant,
402 372 440 412 &
464 366 545 427 ipsi
573 381 758 428 quoque
783 362 1063 408 viditabant.
1132 363 1320 409 Interim
1347 367 1514 427 majore
1538 365 1673 412 etiarn
1699 382 1836 412 manu
1859 383 1913 411 ex
1936 367 2008 411 in*

250 429 354 476 sulis
375 431 564 475 collecta
584 429 706 473 vicos
742 426 948 479 urebant,
973 432 1010 472 δε
1046 426 1179 472 latius
1202 429 1377 489 praedas
1403 431 1581 492 agendo
1605 446 1735 493 agros
1771 428 2009 490 piaerisque

247 492 299 540 :in
322 494 432 539 locis
454 492 648 538 incultos
671 489 938 536 reddebant.
1006 489 1250 544 Brittones,
1266 491 1353 537 sive
1375 493 1627 539 ‹it-mesticis
1650 493 1832 539 diffidiis
1852 500 2009 538 cleten-

250 556 305 610 ti,
328 557 415 603 five
445 556 693 602 exercitum
716 554 761 599 in
785 553 886 598 loca
923 555 1057 609 vasta,
1083 560 1120 601 ἃ
1157 554 1378 616 impedita
1402 556 1565 602 ducere
1591 574 1679 604 non
1720 555 1821 602 latis
1861 568 2012 601 tutum

251 621 354 669 rati.
381 636 483 665 cum
506 618 688 663 obviam
711 619 836 662 nuxla
859 617 1028 678 majore
1052 635 1188 664 manu
1211 619 1346 672 irent,
1367 618 1442 664 sua
1466 620 1652 682 segnitie
1669 620 1863 666 hostium
1887 619 2014 665 alue-

250 697 358 730 runt
378 682 627 728 audaciam.
697 680 784 727 His
811 681 996 728 miseriis
1021 683 1160 735 Secti,
1177 691 1219 731 δ’.
1239 683 1351 729 Pieli
1375 699 1475 728 cum
1500 700 1579 746 per
1596 684 1841 730 duodecim
1868 698 2011 729 annos

251 749 432 794 fuissent
454 745 623 798 afflicti,
649 745 833 791 tandem
857 761 976 792 nova
1013 747 1164 793 sobole
1201 746 1455 806 juventutis
1491 746 1734 800 bellicosae,
1763 751 1942 808 (utpote
1964 746 2013 792 in

253 811 388 856 tantis
411 825 557 855 rerem
583 808 797 872 angustiis
816 809 996 856 duriter.
1009 813 1233 870 educatae)
1259 813 1396 863 auch,
1418 810 1593 858 nunciis
1617 812 1661 857 in
1687 826 1843 856 omnes
1866 822 2014 872 partes

248 873 403 928 mistis,
421 874 590 919 mutuis
612 873 1006 920 adhortationibus
1025 874 1295 928 confirmati,
1321 876 1517 922 statuunt
1551 875 1778 921 fortunam
1801 871 2014 936 experiri.

254 939 511 984 Reutherus
533 937 674 1000 igitur
707 953 763 983 cx
796 935 1022 984 Hibernia
1054 938 1098 983 in
1140 938 1368 992 AEbudas‘,
1390 938 1518 984 illinc
1549 939 1715 984 deinde
1738 938 1785 983 in
1822 937 2016 983 Albium

252 1001 439 1065 navigat
463 1018 474 1047 :
512 1015 646 1065 atque
682 1004 738 1047 ad
774 1000 1042 1055 aestuarium,
1066 1016 1204 1063 quem
1244 1018 1364 1047 nunc
1386 1004 1533 1048 lacum
1559 1002 1808 1048 Briennum
1830 1013 2014 1054 vocant,

253 1064 408 1128 copias
431 1065 665 1128 expoiuitJ
696 1071 735 1112 ἃ
766 1080 869 1110 cum
891 1065 1049 1112 Getho
1069 1065 1214 1111 Gethi
1238 1064 1348 1119 filio,
1371 1068 1626 1128 eodemque
1643 1066 1729 1110 fua:
1754 1064 1905 1110 uxoris
1928 1064 2017 1110 fra—

248 1131 321 1176 'tre
343 1131 596 1191 congressus
622 1130 678 1176 de
701 1128 872 1176 summa
894 1129 1003 1175 belli
1025 1119 1262 1176 deliberat.
1331 1130 1575 1193 Optimum
1599 1129 1717 1175 fae'tu
1738 1128 1824 1174 rati
1857 1133 1910 1174 ad
1935 1128 2019 1173 ho·

258 1196 365 1240 stem
389 1194 737 1258 incogitantem,
763 1208 900 1256 atque
918 1192 1191 1256 imparatum
1211 1195 1253 1240 d·
1277 1210 1392 1241 cere.
1461 1195 1577 1241 Eum
1600 1193 1674 1240 ubi
1714 1192 1913 1256 primum
1936 1192 2019 1237 ob·

248 1258 375 1318 ⁴viam
401 1257 674 1313 habuerunt,
710 1258 774 1304 ita
811 1257 1112 1304 conflixerunt
1135 1258 1363 1313 atrociter,
1390 1271 1437 1304 ut
1477 1272 1636 1305 neutra
1671 1258 1787 1304 acies
1812 1256 1836 1303 ὲ
1860 1255 2021 1318 praelio

256 1323 359 1369 laeta
381 1321 634 1369 discesserit.
702 1323 771 1369 Ex
809 1338 864 1368 eo
891 1321 1085 1384 utrisque
1110 1321 1313 1368 cladibu,
1338 1322 1600 1386 defatigatis
1635 1338 1723 1386 pax
1757 1320 1804 1367 in
1844 1321 2021 1383 aliquot

257 1402 399 1432 annos
423 1386 525 1432 fuit.
594 1386 849 1444 Reutherus
875 1386 983 1447 (sive
1008 1399 1053 1432 ut
1074 1387 1196 1433 Beda
1216 1387 1525 1446 vult,Reuda)
1547 1388 1593 1433 in
1618 1388 1851 1448 antiquam
1872 1385 2022 1430 sedem

258 1451 576 1513 Argatheliam
618 1448 827 1497 conteffit
861 1469 871 1496 z
922 1449 1138 1513 Scotique
1174 1450 1251 1496 diu
1287 1451 1344 1496 ab
1382 1467 1437 1497 eo
1477 1450 1747 1497 Dalreudini
1787 1446 2020 1511 appellati.

258 1514 378 1566 Daal
397 1514 516 1560 enirn
543 1516 780 1561 Scotorum
803 1514 961 1578 lingua
978 1528 1152 1576 partem
1177 1514 1410 1578 fignificat.
1480 1516 1593 1561 Inde
1616 1515 1868 1578 progressus
1894 1511 2022 1558 brevi

259 1592 450 1641 regnum
476 1578 532 1624 ad
558 1580 644 1625 fine
685 1578 896 1640 antiquos
921 1579 1150 1640 promovit
1173 1596 1184 1624 ι
1221 1596 1272 1625 ac
1297 1578 1506 1625 vicesimo
1527 1579 1649 1625 sexto
1672 1595 1811 1641 quam
1835 1591 2024 1641 regnare

260 1654 461 1704 coeperat
479 1657 598 1687 anno
619 1642 815 1696 deceffit,
840 1642 1026 1688 Thereo
1049 1642 1143 1689 filio
1169 1642 1192 1689 ὲ
1217 1642 1362 1690 Getbi
1385 1643 1477 1689 filia
1496 1643 1671 1689 reliclo.

976 1726 1089 1773 vll.
1123 1727 1163 1774 R
1186 1727 1223 1773 E
1248 1728 1306 1773 Χ.

324 1799 433 1845 XII.
473 1800 536 1845 IS
568 1798 679 1860 quia
698 1798 777 1845 vix
798 1799 955 1846 decem
987 1814 1082 1847 erat
1116 1801 1508 1862 annorum‚juxta
1543 1801 1691 1862 legem
1728 1799 1785 1846 de
1820 1796 2026 1862 Regibus

260 1862 527 1910 ordinandis
541 1863 637 1923 jam
661 1863 838 1925 pridem
860 1879 1087 1927 receptam
1112 1879 1295 1928 patruus
1321 1867 1409 1927 eju:
1440 1865 1622 1912 Reutha
1641 1866 1740 1911 Rex
1766 1864 1852 1910 fuit
1874 1864 2028 1911 decla-

260 1941 400 1974 ratus.
470 1928 564 1989 Qui
588 1927 615 1972 Ξι
639 1927 769 1974 bellis
792 1928 988 1975 externis
1021 1929 1173 1976 ocium
1209 1931 1362 1976 naftus
1403 1929 1622 1992 populum
1659 1928 1860 1990 primum
1895 1927 2028 1974 malis

261 1993 517 2045 efferatum,
545 1990 711 2037 deinde
744 1992 937 2039 victoria
970 1994 1046 2039 etsi
1079 2006 1264 2040 cruenta
1286 1994 1572 2046 insolentem,
1597 1993 1653 2039 ad
1676 1991 1902 2038 mitiorem
1926 1992 2026 2037 cul-

262 2067 361 2104 tum
385 2055 590 2118 redigere
611 2068 818 2110 conatus,
842 2058 1006 2103 multas
1025 2058 1275 2105 sanc‘iiones
1297 2057 1481 2120 publice
1505 2058 1638 2102 utiles
1662 2056 1768 2111 fecit
1793 2074 1803 2102 ε
1833 2071 2026 2117 quarum

263 2136 356 2167 non
379 2135 534 2182 paucae
556 2118 675 2180 apud
700 2120 866 2182 priscos
887 2122 1045 2168 Scotos
1064 2123 1215 2169 adhuc
1239 2134 1439 2169 manent.
1508 2122 1595 2168 His
1614 2121 1742 2167 artib
1768 2138 1785 2165 s
1803 2135 1906 2165 cum
1929 2119 2028 2180 sep-

263 2183 510 2231 temdecim
530 2200 671 2230 annos
684 2183 955 2247 imperasset,
971 2201 1075 2232 cum
1093 2186 1266 2233 summa
1282 2186 1490 2233 omnium
1510 2184 1775 2237 reverentia,
1791 2190 1830 2230 δι
1851 2199 2022 2233 amore,

262 2248 336 2294 seu
361 2247 636 2294 valetudinis
664 2249 860 2295 adversae
886 2251 1030 2310 (qnod
1062 2251 1152 2314 ipse
1188 2251 1470 2310 carsabatur)
1497 2249 1650 2303 taedio,
1678 2250 1749 2294 scu
1778 2246 2027 2312 propin-gui

264 2311 330 2358 sui
354 2311 524 2359 Therei
538 2310 827 2358 ambitiosum
848 2312 1011 2359 timens
1031 2313 1289 2378 ingenium,
1309 2317 1452 2361 multa
1473 2314 1529 2360 de
1552 2313 1764 2359 laudibus
1785 2311 1880 2372 ejus
1898 2309 2028 2357 habi-

267 2388 314 2424 ta
335 2375 559 2430 oratione,
582 2377 758 2439 populo
781 2393 900 2440 aegre
921 2380 1216 2441 permittente
1237 2396 1379 2444 regno
1400 2378 1441 2425 se
1463 2374 1709 2425 abdicavit.

986 2462 1123 2509 VIII.
1161 2464 1303 2511 REX.

247 2568 254 2574 .
330 2533 465 2581 XIII.
496 2535 545 2581 T
567 2536 616 2582 H
639 2536 677 2582 E
700 2536 742 2583 R
764 2537 801 2584 E
821 2537 868 2584 U
892 2537 921 2583 S
943 2536 985 2582 ei
1007 2537 1212 2585 suffefius
1228 2538 1386 2601 primis
1407 2537 1594 2602 quidem
1612 2535 1683 2583 sex
1697 2535 1824 2583 annis
1845 2534 1907 2581 ita
1928 2549 2032 2598 reg-

266 2612 377 2645 num
401 2598 542 2662 geffit.
565 2613 614 2647 ut
636 2600 816 2647 Reutha
837 2599 894 2647 de
912 2616 967 2647 eo
990 2604 1107 2649 reete
1127 2602 1400 2650 vaticinatus
1424 2601 1549 2649 fuiss'e
1571 2599 1817 2651 videretur,
1884 2600 2030 2647 Dein-

251 2664 326 2708 'de
347 2678 438 2709 non
459 2663 633 2719 sensim,
668 2664 743 2712 sed
765 2676 950 2728 repente
969 2664 1034 2712 ita
1056 2667 1103 2713 in
1126 2666 1282 2714 omnia
1304 2664 1479 2729 flagitia
1498 2681 1697 2729 praeceps
1721 2663 1850 2718 abiit,
1878 2677 1926 2709 ut
1949 2679 2031 2709 no-

267 2725 706 2791 bilissimoquoque
737 2746 820 2792 per
847 2728 1123 2777 calumniam
1151 2730 1327 2785 sublato
1352 2729 1587 2777 facinorosi
1620 2728 1845 2781 homines,
1878 2739 2034 2773 amoto

269 2806 395 2838 metu
439 2803 587 2838 totum
609 2808 803 2856 regnum
827 2792 953 2839 brevi
977 2794 1226 2842 latrociniis
1247 2793 1456 2840 infestum
1480 2792 1687 2839 fecerint.
1770 2790 2032 2853 Phylarehi,

254 2855 508 2917 ⁴deplorato
549 2856 658 2902 statu
692 2856 901 2920 publico,
940 2873 1044 2915 cum
1076 2857 1124 2906 in
1159 2873 1263 2906 eum
1288 2856 1648 2904 animadvertere
1669 2855 1926 2908 statuiffent‚
1952 2854 2032 2900 illc

267 2931 503 2982 comperta
525 2918 915 2980 conjurationem
942 2921 1168 2970 Brittones
1186 2922 1400 2985 confugit
1425 2939 1436 2967 :
1481 2920 1636 2984 ibique
1657 2919 1807 2965 reditu
1830 2919 2035 2981 despera-

267 2995 318 3030 to
339 2982 386 3030 in
409 2983 586 3036 summo
622 2996 908 3048 contemptu,
948 2990 987 3036 &
1010 2984 1268 3050 ignominia
1295 2984 1544 3033 consenuit.
1613 2985 1793 3031 Interea
1814 2983 2032 3030 Conanus

268 3048 412 3094 homo
431 3048 650 3111 prudens,
682 3064 736 3094 ac
755 3049 948 3104 severu8‚
970 3049 1137 3098 Prorex
1159 3051 1345 3104 electus,
1368 3050 1426 3096 ab
1447 3049 1531 3096 illo
1551 3048 1839 3101 tabefaaata,
1858 3052 1898 3093 δι
1922 3061 2031 3094 con-

268 3113 384 3157 cuss‘a
409 3111 626 3165 restituit:
646 3112 886 3160 latrocinia
908 3113 1187 3176 compescuit
1208 3133 1219 3161 :
1241 3131 1292 3162 ac
1316 3116 1466 3162 rebus.
1489 3112 1643 3176 quoad
1664 3112 1816 3175 potuit
1840 3121 2029 3172 compo-
2101 3109 2106 3122 ⁴

270 3174 381 3228 fitis,
395 3175 441 3222 in
461 3188 689 3223 conventu
712 3175 920 3240 publice,
941 3190 1130 3241 accepto
1152 3178 1322 3226 nuncio
1344 3180 1401 3226 de
1423 3175 1596 3225 Therei
1615 3189 1776 3230 morte,
1798 3174 2030 3237 magistra—
2103 3174 2106 3223 j

269 3249 318 3284 tu
345 3238 388 3286 se
406 3239 657 3296 abdicavit,
678 3241 1118 3291 duodecimo'fer'me
1140 3259 1274 3300 anno,
1313 3254 1454 3307 quam
1474 3239 1684 3288 Theseus
1705 3254 1899 3305 regumn
1920 3235 2039 3284 inie-
2102 3254 2106 3317 Ιζ

249 3315 291 3348 ‘r
320 3315 354 3351 t.
823 3312 826 3315 ’
917 3335 925 3340 -

969 3427 982 3435 Δ
1000 3372 1086 3420 IX.
1130 3373 1172 3420 R
1191 3374 1229 3420 E
1248 3373 1307 3421 X.

338 3439 471 3486 XIV.
505 3441 530 3502 J
547 3440 592 3488 Ο
607 3442 636 3488 S
649 3441 787 3492 INA
819 3444 1017 3509 proximi
1042 3445 1186 3510 Regis
1209 3444 1348 3493 frater
1368 3447 1519 3494 rerum
1542 3441 1856 3509 gubernaculo
1875 3440 2036 3505 aduro-

273 3515 344 3551 tus
368 3504 484 3551 nihil
498 3506 631 3566 (1)in
646 3508 798 3555 ullam
807 3523 984 3575 partem
1000 3509 1168 3578 geffiffe
1189 3508 1671 3567 memorabile-fertur,
1687 3507 1770 3556 nisi
1789 3504 1918 3571 quod
1938 3518 2036 3553 me-

323 3631 391 3685 (x)
417 3633 491 3674 For
505 3636 599 3686 good
615 3647 657 3676 or
673 3633 735 3679 iu.

1905 3693 2033 3743 dicos
2075 3742 2078 3747 ,
