2035 3833
194 178 323 241 312
524 165 886 230 RERUM
975 161 1655 233 ScorrcARum

193 260 417 308 clarissimi
450 261 638 308 Ioannes
673 257 997 313 Ponentonius,
1023 266 1063 306 δι
1098 261 1326 308 Robertus
1353 263 1680 311 Harentonius.
1746 265 1943 313 Comitis

190 324 541 373 Northumbriae
556 323 671 369 filius
694 339 795 369 curn
817 324 1008 370 evadere
1030 325 1186 385 posset,
1203 325 1311 371 dum
1336 339 1506 388 patrem
1530 326 1575 372 in
1598 342 1766 389 equum
1787 331 1939 393 impe-

190 388 280 444 nit,
302 390 392 451 ipse
415 390 460 434 in
486 403 643 433 manus
666 386 855 433 hostzum
875 387 1014 434 venit.
1083 389 1233 449 Capta
1253 390 1421 451 praeda,
1445 403 1660 451 quantam
1685 392 1811 438 nullo
1833 409 1937 440 ante

193 453 353 513 praelio
378 451 688 498 meminerant.
760 452 902 513 Angli
925 451 1046 497 enirn
1082 457 1122 498 &
1155 469 1345 498 numero
1367 453 1582 508 militum,
1614 463 1656 502 ὅ(
1683 472 1867 518 genere,
1903 463 1944 503 δε

193 519 429 563 Scotorum
448 515 670 560 discordia
698 515 801 561 freti
833 516 946 561 adeo
977 515 1116 561 securi
1138 518 1195 563 eb
1217 530 1448 570 venerant,
1474 532 1521 562 ut
1544 534 1632 563 non
1668 520 1723 564 ad
1749 519 1938 570 bellum,

196 581 270 626 sed
302 582 357 625 ad
393 595 606 640 pompam
640 579 857 641 proficisci
895 579 1170 626 viderentur.
1238 582 1392 627 Tanta
1422 581 1485 627 sui
1519 582 1697 634 fiducia,
1725 583 1946 645 hostisque

194 656 483 704 contemptus
506 642 665 689 inerat.
718 644 850 689 Valla
873 643 1042 689 saucius
1065 644 1252 691 domum
1276 645 1434 691 leftica
1456 646 1630 691 delatus
1650 648 1742 708 post
1763 648 1945 693 tertium

196 708 391 754 mensem
415 707 607 752 decessit.
676 705 945 753 Ormundiae
969 709 1136 754 Comes
1158 707 1301 754 victor
1321 707 1522 771 captivos
1547 709 1778 756 recensuit.
1847 711 1949 757 Pri-

191 787 342 819 mores
365 770 408 817 in
427 787 572 816 arcem
593 771 648 816 ad
669 772 816 817 lacurn
837 772 1089 818 Mabanum
1112 772 1426 819 custodiendos
1449 769 1600 820 dedit:
1621 772 1712 835 ipse
1734 770 1778 820 in
1795 776 1944 822 aulam

229 836 421 881 rofec'lus
439 835 585 880 effusis
606 835 819 881 omnibus
837 835 1020 882 obviam
1040 835 1165 881 omni
1184 853 1350 898 genere
1367 836 1549 883 honoris
1568 834 1808 899 excipitur.
1854 842 1944 886 Res

190 852 305 946 gelli
327 900 471 961 gestas
486 900 585 945 Rex
607 900 785 961 magnis
807 900 1018 946 laudibus
1041 901 1436 962 prosecutus‚eum
1462 918 1547 947 una
1570 917 1672 948 cum
1698 902 1831 949 fratre
1847 919 1947 949 mo-

194 963 313 1018 nuit,
338 976 386 1009 ut
407 963 794 1026 quemadmodum
822 964 934 1026 saepe
957 963 1065 1009 foris
1096 964 1319 1026 specimen
1344 964 1624 1012 fortitudinis
1645 967 1948 1022 ostendissent,

191 1026 384 1090 uimque
405 1027 630 1074 Scoticam
654 1026 730 1073 suo
753 1028 925 1082 labore,
957 1034 994 1073 δι
1019 1028 1185 1074 virtute
1209 1029 1466 1092 periculosis
1490 1029 1768 1092 temporibus
1790 1032 1948 1078 defen·

191 1091 370 1147 dissent,
395 1091 456 1138 ita
478 1093 604 1139 domi
628 1091 853 1139 modestia:
875 1091 1178 1147 assuescerent,
1204 1094 1259 1139 ab
1282 1093 1580 1140 infirmiorum
1615 1094 1780 1154 injuria
1801 1095 1879 1158 ipsi
1906 1095 1947 1142 se

193 1156 480 1210 abstinerent,
505 1155 691 1218 suosque
712 1159 1008 1205 continerent
1086 1157 1359 1211 Potentiam,
1384 1174 1521 1220 quam
1545 1159 1701 1204 multis
1723 1158 1947 1219 majorum

190 1219 239 1266 in
277 1221 470 1282 Regem,
495 1210 704 1284 civesque
739 1222 836 1268 suos
873 1219 1044 1268 meritis
1077 1223 1312 1268 conectam
1343 1224 1576 1275 haberent,
1611 1220 1657 1268 in
1693 1221 1946 1270 latronibus

190 1281 452 1334 coercendis
491 1285 813 1347 potiu5‚quam
839 1283 1045 1332 fovendis
1088 1286 1390 1341 ostenderent,
1414 1286 1459 1332 id
1502 1302 1640 1332 unum
1675 1282 1741 1333 eis
1773 1288 1828 1334 ad
1864 1284 1946 1333 ab·

191 1348 381 1396 solutam
405 1350 587 1396 laudem
617 1348 792 1397 deesse:
825 1351 950 1412 quod
985 1349 1014 1395 fi
1049 1364 1290 1413 pergerent
1313 1355 1476 1399 lacere.
1500 1349 1806 1397 intellecturos
1829 1347 1945 1398 nihil
1991 1407 1993 1413 Ι

187 1412 235 1460 se
256 1413 509 1460 commodis
532 1412 775 1476 Duglassiae
798 1413 945 1477 gentis
968 1413 1090 1476 prius
1114 1415 1390 1461 habiturum.
1447 1416 1522 1461 Ad
1544 1430 1597 1461 ea
1619 1414 1817 1479 benigne
1839 1431 1944 1463 cum

189 1476 530 1539 respondissent,
554 1477 580 1524 ὲ,
602 1479 730 1541 Rege
751 1478 912 1526 dimiffi
934 1476 1027 1524 laeti
1048 1478 1236 1525 domum
1256 1479 1445 1525 rediere.

255 1543 431 1588 XXXI.
466 1544 563 1588 Post
586 1542 672 1588 hoc
695 1543 752 1588 ad
787 1544 966 1588 Sarcam
999 1543 1225 1602 praelium,
1269 1559 1315 1589 ut
1340 1544 1468 1590 limes
1502 1541 1664 1588 Scotiae
1685 1543 1742 1589 ab
1764 1555 1943 1590 extero-

190 1622 290 1652 rum
315 1606 490 1667 injuriis
514 1605 601 1652 fuit
626 1606 919 1668 pacatior.ita
940 1623 1006 1651 res
1032 1606 1295 1652 Londinum
1320 1607 1533 1654 nunciata
1552 1608 1809 1669 Anglorum
1845 1609 1942 1654 ani-

190 1686 290 1715 mos
316 1669 461 1733 magi5
484 1668 693 1723 irritavit,
718 1669 856 1732 quam
881 1669 1061 1730 dejecit.
1117 1671 1320 1716 Consilio
1343 1672 1398 1716 de
1420 1671 1542 1716 bello
1565 1671 1610 1716 in
1635 1675 1789 1716 Scotos
1814 1672 1944 1718 habi·

188 1746 255 1787 to,
277 1750 418 1780 novus
441 1733 640 1781 delectus
658 1735 715 1781 ad
733 1733 1033 1797 ignominiam
1053 1733 1293 1780 delendam
1316 1733 1589 1781 decernitur.
1644 1736 1872 1781 Omnibus
1895 1736 1947 1786 in

186 1796 236 1844 id
273 1815 412 1846 unum
447 1796 651 1853 intentis,
686 1798 842 1845 civiles
876 1809 1060 1859 repente
1096 1811 1244 1844 motus
1267 1798 1431 1852 exorti,
1471 1798 1714 1861 validaque
1737 1799 1944 1847 adversus

190 1864 366 1926 Regem
402 1863 546 1925 plebis
584 1862 856 1922 conspiratio
879 1862 989 1909 belli
1022 1860 1197 1909 externi
1220 1862 1405 1910 consilia
1426 1863 1630 1909 discussit.
1700 1861 1861 1923 Legati
1898 1866 1945 1911 in

188 1926 390 1974 Scotiam
408 1927 464 1974 dc
488 1943 593 1987 pacc
617 1926 724 1973 miffi
751 1945 761 1974 ε
794 1943 988 1990 quorum
1007 1928 1228 1973 adventus
1252 1930 1307 1974 eo
1330 1927 1501 1992 gratior
1522 1926 1626 1982 fuit,
1648 1928 1771 1990 quod
1795 1945 1850 1975 ne
1872 1926 1945 1991 sp-
2007 1934 2010 1939 ’

188 1993 243 2040 lis
265 1990 450 2053 quidem
476 1990 575 2038 satis
596 2003 728 2038 certae
747 2009 815 2038 res
836 1991 963 2038 domi
985 2004 1128 2038 erant.
1162 1991 1281 2038 Cum
1305 1992 1363 2040 de
1385 2007 1495 2055 pace
1515 2007 1606 2038 non
1630 1992 1945 2050 convenirent,
1973 1999 1976 2003 “

187 2053 331 2119 legati
353 2055 397 2101 in
422 2055 667 2103 triennium
687 2055 893 2102 inducias
915 2054 1035 2118 pafli
1058 2067 1177 2102 retro
1194 2057 1383 2104 domurn
1407 2056 1653 2103 redierunt.
1688 2057 1805 2103 Haec
1827 2059 1948 2121 gesta

188 2120 290 2167 sunt
327 2136 445 2167 anno
479 2119 646 2168 Christi
678 2120 917 2166 millesimo
938 2118 1384 2183 quadringentesimo
1402 2121 1745 2183 quadragesimo
1766 2123 1945 2170 octavo.

193 2184 340 2232 Auxit
360 2184 476 2232 hanc
499 2183 733 2247 publicam
755 2184 967 2231 laeticiam
998 2183 1125 2230 brevi
1154 2185 1251 2247 post
1273 2184 1470 2231 nuncius
1493 2185 1518 2232 ὲ
1540 2184 1752 2232 Flandria
1774 2186 1801 2233 ὲ
1823 2188 1949 2235 Can·
1988 2201 1994 2208 “

187 2249 373 2296 cellario
414 2248 580 2304 miffus,
616 2248 698 2310 qui
732 2249 789 2296 ad
813 2250 883 2310 (ι)
911 2247 1128 2294 Carolum
1151 2248 1390 2311 septimum
1429 2249 1542 2295 ierat
1571 2248 1628 2294 de
1652 2252 1946 2298 matrimonio

187 2313 514 2361 contrahendo.
583 2312 692 2373 Ejus
713 2329 851 2376 opera
871 2311 1086 2375 desponsa
1114 2313 1175 2360 est
1206 2311 1374 2360 Iacobo
1398 2311 1548 2360 Maria
1571 2314 1766 2361 Arnoldi
1799 2315 1947 2363 Ducis

188 2378 394 2435 Geldriae
432 2378 526 2425 filia
547 2395 628 2442 per
657 2391 848 2425 matrem
875 2379 944 2439 (2)
972 2377 1208 2439 Burgundi
1231 2377 1425 2424 sororem
1448 2375 1649 2439 Regium
1670 2395 1814 2441 genus
1835 2396 1948 2427 con·

187 2448 386 2507 tingens.
419 2444 484 2490 Ea
502 2458 622 2489 anno
636 2441 847 2505 proximo
866 2457 1034 2505 magno
1054 2441 1254 2488 virorum
1277 2441 1502 2489 nobilium
1525 2440 1746 2489 comitatu
1769 2442 1815 2490 in
1836 2446 1950 2491 Sco-

187 2507 300 2554 tiam
322 2506 480 2554 venit:
513 2523 566 2554 ac
586 2506 734 2554 mense
757 2506 877 2555 Iulio
897 2506 947 2555 in
981 2506 1106 2552 Fano
1140 2507 1315 2554 Sanc‘ta:
1335 2505 1482 2554 crucis
1520 2504 1577 2552 ad
1608 2505 1948 2572 Edirnburgum
2012 2504 2025 2548 ’Δ

183 2584 398 2619 coronata
419 2573 494 2618 est.

251 2635 436 2682 XXXII
471 2636 606 2683 Hanc
637 2648 728 2683 tarn
749 2633 1055 2697 multiplicem
1086 2633 1300 2682 laeticiam
1330 2636 1388 2683 de
1414 2633 1617 2688 victoria,
1649 2634 1708 2682 de
1737 2652 1865 2698 pace,
1890 2637 1950 2685 de
2000 2639 2010 2686 ἲ

186 2698 361 2764 nuptiis
383 2699 592 2747 nonnihil
629 2699 831 2749 turbavit
855 2701 926 2762 (3)
966 2698 1186 2747 Richardi
1209 2699 1419 2748 Colvillii
1455 2698 1622 2760 equitis
1655 2714 1749 2746 non
1771 2701 1952 2750 obscuri
1998 2714 2013 2729 ”

187 2780 329 2819 mors,
351 2780 442 2811 non
465 2775 555 2810 tam
580 2763 675 2826 ipsa
691 2763 877 2810 fortaflis
898 2761 1146 2818 immerita',
1171 2763 1310 2824 quam
1334 2764 1516 2827 peffimo
1535 2761 1584 2809 in
1607 2763 1843 2826 publicum
1867 2781 1947 2812 ex·
2030 2803 2035 2812 .

186 2829 344 2894 emplo
364 2841 636 2894 perpetrata.
703 2827 959 2884 Richardus
980 2828 1104 2876 enim
1141 2830 1212 2893 (4)
1239 2829 1460 2876 Ioannem
1494 2827 1778 2876 Achleccum
1812 2829 1954 2895 Dug-

242 2968 305 3020 (ι)
332 2969 488 3008 charles
506 2969 574 3019 7th
592 2969 637 3008 of
659 2970 811 3016 France,
843 2968 890 3007 of
913 2969 1041 3008 whom
1094 2968 1179 3007 132st
1196 2969 1378 3017 Weem83
1406 2967 1464 3006 sor
1480 2965 1558 3005 this
1574 2965 1621 3005 fir
1648 2966 1775 3020 James
1794 2965 1951 3005 Hamil·
1985 2967 1998 3003 ⁵.

191 3021 307 3062 much
328 3022 360 3061 is
377 3022 514 3074 spoken
527 3022 665 3061 before.
1094 3030 1160 3060 ton
1180 3021 1251 3059 had
1264 3022 1421 3059 married
1662 3020 1858 3058 Levinston
1877 3019 1950 3058 he·

242 3076 309 3128 (τ.)
336 3075 424 3114 The
440 3075 560 3114 dulces
590 3076 636 3114 of
658 3077 859 3126 Rurgundy
879 3088 977 3114 were
1004 3075 1050 3113 of
1096 3074 1209 3113 retrix
1245 3074 1290 3113 ‹f
1319 3075 1402 3113 13·st
1429 3075 1583 3112 Weems
1616 3087 1628 3110 ι
1671 3072 1873 3111 thereafter
1904 3071 1954 3111 fit
2026 3087 2035 3106 ι

190 3129 257 3166 the
274 3129 383 3168 blood
401 3130 500 3179 royal
518 3129 564 3168 of
575 3130 712 3167 france
726 3144 738 3179 3
759 3130 819 3169 for
836 3129 964 3179 Philip
977 3128 1043 3167 the
1093 3129 1223 3181 James
1233 3126 1430 3165 Hamilton
1443 3126 1641 3165 excambed
1650 3124 1839 3164 Ochiltrie
1852 3122 1949 3163 with
1983 3188 1986 3190 v
1996 3146 2022 3194 e

190 3180 306 3231 hardy
332 3195 406 3220 was
445 3183 575 3222 second
607 3182 671 3221 son
705 3192 745 3222 to
775 3183 869 3232 king
885 3181 988 3236 John
1004 3181 1050 3220 of
1097 3181 1176 3219 lord
1194 3182 1359 3218 Andrew
1370 3182 1527 3219 Stewart
1542 3179 1588 3218 of
1597 3179 1792 3217 Avendale
1812 3177 1872 3216 for
1882 3176 1950 3216 the

189 3234 342 3282 france,
360 3238 431 3274 and
448 3236 524 3274 first
538 3235 639 3275 duke
656 3236 701 3274 of
713 3237 927 3286 Burgundy,
947 3248 1045 3273 anno
1098 3234 1256 3284 lordlhip
1273 3234 1318 3272 of
1333 3233 1538 3271 Avendale.

192 3297 307 3338 ¹370·
1153 3286 1220 3335 (4)
1240 3287 1350 3325 Laird
1362 3287 1411 3324 vof
1422 3284 1614 3325 Achteck.
1631 3298 1673 3323 or
1690 3280 1950 3328 Auehhleek,
1994 3291 2006 3317 .·

247 3336 311 3388 (3)
339 3341 448 3381 Lair-‘l
480 3342 526 3381 of
550 3342 740 3384 Ochiltxie
771 3342 812 3382 in
829 3343 929 3393 Kyle
950 3356 960 3380 t
1006 3341 1047 3380 in
1101 3340 1142 3380 in
1162 3341 1263 3390 Kyle
1277 3354 1288 3376 ε
1317 3339 1358 3378 in
1371 3339 1436 3378 the
1453 3340 1537 3389 days
1552 3339 1597 3376 of
1609 3337 1704 3387 king
1720 3339 1847 3390 Jamee
1863 3333 1952 3383 μὴ,
1977 3345 2021 3381 ⁰¹1⁴.

192 3388 257 3429 the
273 3393 359 3442 d²y8
375 3395 420 3432 of
428 3394 522 3445 king
532 3396 658 3448 James
671 3396 736 3433 the
755 3395 838 3449 5th,
859 3396 903 3434 fir
915 3396 1041 3449 James
1095 3394 1142 3443 by
1175 3392 1404 3442 recognition
1445 3391 1509 3430 the
1544 3391 1680 3440 barony
1708 3391 1754 3428 of
1773 3385 1950 3441 AehJeek

189 3443 329 3482 eotvin
345 3447 502 3485 married
528 3449 596 3486 the
612 3447 750 3487 heir-ess
776 3449 821 3487 os
838 3448 1041 3494 Ochiltrie,
1097 3459 1171 3485 was
1190 3446 1307 3484 seized
1326 3444 1367 3483 in
1384 3444 1448 3482 the
1466 3444 1593 3493 king's
1609 3443 1740 3490 hands,
1760 3441 1847 3480 who
1859 3450 1950 3488 gave

191 3498 263 3536 and
291 3499 487 3542 excambed
504 3500 535 3538 it
567 3502 662 3540 with
681 3502 726 3540 sir
745 3503 874 3555 James
890 3500 1045 3540 Hamil·
1096 3499 1164 3538 the
1181 3499 1254 3548 gift
1270 3497 1421 3536 thereos
1439 3506 1478 3535 to
1492 3497 1662 3535 Thomas
1679 3492 1851 3540 Boswess,
1864 3491 1958 3529 bro*
1992 3506 2017 3551 ,κ

192 3555 275 3597 ton,
292 3548 430 3590 bastard
449 3551 512 3593 son
528 3560 570 3593 to
585 3553 652 3594 the
668 3555 745 3595 eatl
761 3554 807 3594 of
820 3557 957 3605 Arran,
987 3554 1048 3594 for
1099 3552 1185 3593 ther
1196 3561 1236 3593 to
1252 3551 1319 3592 the
1337 3550 1429 3590 laird
1447 3550 1493 3590 of
1504 3548 1680 3590 Balmuto
1700 3562 1715 3598 3
1741 3546 1807 3588 the
1823 3547 1893 3584 rest
1908 3541 1958 3593 ,of

1849 3622 1963 3710 raffi‘i
2005 3687 2008 3701 ,
