1994 3833
139 165 269 228 502
431 147 790 215 RERUM
883 144 1574 212 Sena-reanum

138 245 352 292 Sed‘curn
375 246 552 292 nullum
574 243 621 289 in
645 258 700 289 eo
721 241 916 304 capitale
931 240 1102 289 crimen
1125 241 1368 297 inveniret,
1389 240 1602 290 submiffis
1622 246 1776 293 amicis
1798 246 1892 309 (uti

135 308 329 368 dictum)
353 311 394 355 ei
433 309 657 370 persuasit,
700 319 750 354 ut
770 308 828 361 se,
860 305 1074 369 suamque
1111 307 1286 353 causam
1309 307 1392 369 ipsi
1414 307 1708 369 permitteret.
1774 312 1888 359 Eam

136 389 272 420 unam
298 375 380 419 effe
402 372 624 418 rationem
651 377 691 417 &
715 371 739 418 ὲ
757 370 957 417 custodia
978 387 1081 417 cum
1106 371 1226 417 bona
1255 371 1403 433 gratia
1425 371 1640 433 abeundi,
1673 378 1711 418 &
1735 374 1893 420 amici·-

136 437 213 483 tiae
235 454 338 484 cum
382 437 520 498 longe
550 435 817 496 potentiore
841 435 1069 481 ineundas
1138 435 1346 481 Homine
1369 436 1588 496 simplice,
1632 439 1680 482 ὃς
1705 435 1895 484 minime

135 502 259 547 malo
281 502 336 546 ad
358 500 485 547 suum
508 499 701 546 exitium
723 498 808 545 hac
830 499 987 546 fraude
1009 500 1222 559 impulso,
1263 513 1413 546 tamen
1437 500 1587 546 adhuc
1609 499 1765 545 mortis
1800 501 1898 558 eius

135 565 355 612 invidiam
379 563 649 610 GordOnius
669 562 817 610 vitans
862 580 968 609 cum
1007 563 1083 610 sua
1125 563 1222 627 egit
1246 579 1402 618 uxore,
1428 576 1476 610 ut
1497 580 1550 610 ea
1568 563 1609 609 se
1627 564 1773 626 culpae
1794 563 1898 626 sup-

133 641 323 694 pone-ret
349 646 360 674 2
395 644 478 674 nec
501 627 646 674 virilis
685 627 827 674 animi
849 627 1013 674 mulier
1032 643 1126 674 rem
1152 629 1414 674 cunctanter
1444 627 1652 690 suscepit,
1673 637 1745 673 »a'c
1767 628 1899 674 mise·

133 710 253 746 rum,
295 698 337 739 δε
372 692 629 748 innoxium,
674 699 715 738 δι
756 691 1025 755 supplicem,
1049 697 1089 739 δε
1129 692 1336 738 deditum
1361 691 1542 739 absente
1572 691 1737 738 marito
1759 692 1898 739 securi

134 756 357 821 percuffit.
427 758 536 804 Hoc
557 755 781 819 supplicio
800 756 960 813 vicinis
983 756 1056 802 vel
1092 771 1216 802 metu
1239 755 1537 818 stupentibus,
1560 756 1631 802 vel
1655 755 1902 818 largitione

135 820 647 884 conciliati5‚quicquid
667 833 882 868 terrarum
910 822 1025 867 ultra
1045 820 1323 866 Caledonios
1337 821 1414 875 est,
1442 821 1519 866 uni
1539 818 1742 882 parebat.
1807 822 1911 867 Ita-1

134 903 224 948 que
246 885 386 931 horno
409 890 448 932 δι
471 885 649 947 gloriae,
673 891 712 931 δε
737 884 956 948 potentiae
994 884 1268 932 avidissimus
1311 884 1609 931 molestiffime
1631 884 1804 931 ferebat
1825 887 1899 932 Ia-

134 951 299 996 cobum
321 949 545 997 Moraviae
564 949 797 997 Comitem
821 949 902 996 fibi
925 950 1143 996 aemulum
1166 950 1438 1013 appositum,
1465 950 1685 1011 statusque
1706 949 1899 1011 praesen-

133 1014 191 1062 tis
214 1014 474 1076 impatiens,
503 1013 551 1061 in
573 1031 730 1061 omnes
754 1031 900 1063 rerum
921 1013 1247 1060 turbandarum
1267 1012 1520 1060 occasiones
1542 1027 1637 1059 erat
1656 1012 1857 1072 intentus
1887 1032 1902 1063 ε

128 1082 322 1141 actaque
353 1078 450 1138 ejus
485 1078 640 1125 omnia
661 1080 841 1134 affidue,
865 1082 914 1127 ὅτ
939 1079 1086 1140 palam
1110 1078 1471 1130 calumniabatur
1496 1097 1507 1124 ε
1541 1077 1803 1140 librumque
1822 1078 1898 1126 sua

133 1160 273 1190 manu
295 1142 507 1207 scriptum
522 1143 720 1206 'Reginae
742 1142 962 1206 porrexit,
983 1141 1029 1189 in
1051 1159 1146 1205 quo
1166 1159 1271 1193 eum
1293 1144 1365 1204 (1)
1387 1142 1655 1206 graviffime‚
1679 1141 1752 1188 sed
1771 1142 1900 1189 levis·

133 1207 254 1256 simis
269 1207 548 1272 argumentis
568 1211 640 1271 (z)
664 1209 883 1256 affectatae
905 1207 1156 1270 tyrannidis
1177 1208 1428 1257 accusabat.
1964 1258 1966 1266 Ι

132 1291 136 1295 ·
201 1274 377 1320 XXIX.
410 1275 466 1320 In
484 1272 854 1337 diversaregione
876 1275 1039 1319 eodem
1063 1283 1269 1334 tempore
1294 1274 1364 1334 (3)
1387 1271 1604 1319 Iacobum
1625 1270 1900 1319 Heburnum

133 1335 390 1390 Bothueliae
411 1336 645 1384 Comitem
684 1338 782 1384 aeris
801 1335 938 1383 alieni
978 1336 1273 1399 magnitudo„
1293 1342 1332 1383 δι
1355 1336 1593 1384 indomita:
1615 1335 1828 1382 libidines
1844 1337 1903 1384 ad

133 1403 316 1450 infidias
338 1403 487 1449 eidem
512 1401 726 1449 Moravio
745 1401 1021 1449 instruendas
1043 1403 1115 1464 (4)
1134 1400 1417 1463 impellebat.
1453 1402 1498 1448 Is
1520 1400 1642 1447 enim
1677 1401 1904 1448 luxuriosa

135 1465 436 1516 adolescentia
452 1466 570 1514 inter
590 1465 749 1520 scorta,
770 1470 819 1516 δε
841 1465 1033 1527 popinas
1052 1468 1164 1519 acta,
1190 1466 1470 1512 eb'redactus
1492 1477 1604 1520 erat,
1647 1477 1696 1512 ut
1736 1477 1816 1511 aut
1836 1464 1904 1511 ci-

133 1532 228 1579 vile
252 1532 422 1578 bellum
441 1531 484 1578 ei
507 1531 624 1578 foret
645 1531 958 1584 excitandum,
982 1542 1060 1577 aut
1078 1527 1240 1576 audaci
1269 1530 1426 1591 aliquo
1449 1529 1650 1577 facinore
1688 1542 1904 1583 extremae
1979 1534 1987 1538 “

133 1595 305 1658 inopiae
320 1607 465 1642 metus
488 1594 828 1657 propellendus.
879 1595 1054 1640 Omnia
1071 1593 1453 1656 circumspicienti
1475 1593 1677 1641 maxime
1696 1610 1902 1640 commo-

133 1661 243 1707 dum
263 1659 327 1706 ei·
351 1659 593 1706 videbatur
630 1658 925 1721 perturbandi
967 1659 1100 1703 status
1130 1657 1309 1721 publici
1348 1657 1546 1712 initium,
1573 1657 1602 1704 fi
1638 1658 1902 1705 Moravium

132 1737 238 1771 cum
272 1722 571 1771 Hamiltoniis
594 1722 937 1770 committeret:
983 1734 1121 1774 certa,
1164 1734 1212 1769 ut
1249 1721 1511 1777 videbatur,
1552 1722 1648 1784 spes
1672 1721 1717 1767 in
1743 1721 1904 1776 utrius·
1941 1749 1954 1760 κ

136 1806 228 1851 que
249 1788 388 1852 partis
409 1787 603 1836 exitium
625 1787 868 1835 incertum.
936 1787 1140 1833 Primum
1172 1786 1434 1833 Moravium
1468 1786 1582 1836 adit.
1649 1784 1704 1832 Ei
1728 1785 1910 1848 persua·

136 1857 242 1902 dere
276 1866 483 1907 conatur,
508 1866 557 1900 ut
590 1851 988 1900 Hamiltoniorum
1011 1849 1231 1913 familiam
1251 1849 1463 1914 Reginae‚
1486 1865 1647 1914 regno,
1665 1863 1802 1912 atque
1823 1850 1904 1914 ipsi

135 1918 351 1982 privatim
371 1918 687 1964 imminentem
712 1934 737 1963 e
761 1917 916 1964 medio
932 1917 1079 1964 tollat.
1148 1917 1202 1962 In
1221 1916 1270 1962 id
1292 1916 1414 1962 suam
1437 1931 1622 1979 operam
1645 1914 1905 1977 pollicetur.

133 1984 241 2033 Nec
258 1982 312 2046 id
334 1982 509 2029 facinus
530 1981 759 2045 ingratum
781 1981 973 2045 Reginae
991 1981 1088 2028 fore
1103 1980 1439 2027 contendebat:
1472 1997 1575 2043 quae
1598 1991 1762 2041 praeter
1778 1994 1904 2026 com-

134 2064 274 2096 mune
295 2046 503 2093 omnium
524 2047 707 2109 Regum
725 2045 903 2101 odium,
931 2061 1026 2107 quo
1048 2044 1263 2109 sanguine
1282 2044 1536 2108 proximos,
1567 2045 1694 2090 velut
1731 2043 1778 2088 in
1808 2044 1906 2090 exi-

135 2112 253 2159 tium
273 2111 401 2158 suum
424 2111 625 2158 intentos
647 2110 995 2174 prosequuntur,
1019 2108 1157 2156 etiam
1181 2108 1433 2171 peculiares
1467 2109 1764 2167 offensionum
1781 2107 1906 2154 caus-

137 2194 203 2232 as,
228 2192 310 2224 nec
332 2192 407 2222 eas
429 2176 612 2238 injustas
634 2175 801 2222 habere
821 2173 1086 2221 videbatur:
1112 2175 1183 2220 vel
1195 2173 1256 2219 ob
1281 2175 1352 2237 (ς)
1375 2171 1668 2236 Ev'angelicae
1688 2171 1906 2218 doetrinae

134 2240 347 2294 studium,
373 2240 500 2303 cujus
524 2239 720 2287 Aranius
737 2239 893 2286 unicus
913 2252 1007 2286 erat
1024 2239 1203 2285 affertur
1223 2255 1235 2284 :
1268 2238 1330 2283 ob
1350 2253 1488 2299 quam
1511 2238 1648 2298 etiam
1670 2251 1774 2286 cum
1799 2237 1906 2283 Gu-
1950 2253 1978 2274 t<

137 2307 199 2353 fio
230 2306 275 2352 in
301 2306 458 2352 Gallia
479 2316 765 2352 contraxerat
785 2302 1094 2356 inimicitiam,
1114 2303 1185 2349 vel
1207 2303 1268 2348 ob
1289 2301 1630 2348 contentionem
1655 2300 1899 2347 verborum

133 2372 279 2434 nuper
297 2371 342 2416 in
364 2369 516 2416 Scotia
537 2384 641 2416 cum
665 2369 809 2416 altero
828 2367 1021 2431 Reginae
1045 2367 1271 2414 avunculo
1293 2365 1472 2412 Elbevii
1491 2365 1762 2412 Marchione
1775 2364 1907 2411 habi·
1940 2413 1943 2416 ,
1978 2385 1985 2398 ·

135 2449 245 2483 tam.
295 2435 402 2481 'Sed
421 2450 527 2480 cum
552 2434 790 2494 Moravius
803 2433 944 2480 homo
966 2431 1155 2495 probus,
1180 2437 1219 2478 δι
1241 2431 1460 2479 innocens
1483 2430 1746 2477 abhorreret
1768 2445 1791 2474 a
1816 2428 1905 2476 foe-
1957 2487 1959 2490 ι

133 2501 277 2547 ditate
300 2511 391 2546 tam
415 2497 616 2545 scelerati
648 2497 882 2553 facinoris,
923 2496 1174 2543 Heburnus
1213 2497 1270 2542 ad
1292 2493 1607 2542 Hamiltonios
1626 2493 1667 2540 se
1688 2493 1904 2549 contulit,

134 2571 176 2611 «Sc
200 2563 451 2611 ministrum
475 2563 533 2609 ad
554 2564 727 2610 caedem
751 2561 973 2617 Moravii,
997 2560 1124 2622 cujus
1143 2561 1397 2623 potentiam
1420 2556 1603 2606 moleste
1625 2556 1853 2617 ferebant,
1865 2557 1908 2604 se
1947 2554 1952 2567 '

133 2630 269 2675 offert
293 2646 305 2674 ε
337 2628 466 2674 illum
490 2628 577 2674 effe
601 2644 758 2684 unum,
782 2625 865 2688 qui
886 2626 981 2688 sf-es
1012 2641 1170 2673 eorum
1195 2623 1464 2678 remoretur,
1488 2629 1528 2670 δε
1567 2621 1908 2670 commoditati·
1982 2677 1989 2683 ³

135 2693 219 2740 bus
241 2689 402 2740 obstet.
451 2692 520 2738 Eo
538 2692 713 2738 sublato
733 2689 1098 2754 Reginam'velit
1120 2689 1238 2736 nolit
1259 2689 1306 2736 in
1327 2687 1528 2753 ipsorum
1548 2687 1763 2749 potestate
1782 2685 1906 2733 futu-

74 2798 88 2809 .
133 2774 250 2805 ram.
317 2755 456 2804 Ratio
497 2767 651 2802 autem
688 2754 921 2818 expedita,
966 2760 1007 2802 δε
1029 2752 1176 2801 facilis
1198 2753 1457 2801 videbatur.
1524 2750 1706 2815 Regina
1739 2762 1834 2797 tum
1858 2750 1907 2796 in
1936 2750 1956 2786 j
1985 2756 1992 2770 ¹

131 2821 427 2870 Falcolandia
446 2832 542 2867 erat
565 2838 576 2868 ε
609 2836 664 2867 ea
684 2836 764 2867 arx
784 2821 851 2883 est·
869 2835 974 2866 cum
1015 2819 1212 2880 ejusdem
1234 2818 1433 2865 nominis
1466 2832 1619 2880 pago:
1647 2812 1840 2863 ‚modica
1860 2814 1909 2867 in
1930 2825 1937 2829 “
1975 2819 1990 2826 ”

133 2886 400 2950 propinquo
421 2885 529 2932 silva
546 2887 625 2940 est,
669 2884 717 2932 in
755 2901 847 2947 qua
868 2884 1170 2946 platycerotes
1213 2882 1388 2930 cervini
1408 2881 1588 2945 generis
1613 2883 1744 2942 (quas
1762 2878 1906 2943 vulgo
1967 2938 1969 2941 .

136 2952 310 2998 Damas
330 2950 440 2997 falso
462 2949 716 3013 appellant)
738 2951 936 2995 aluntur.
962 2947 1144 3012 Regina
1164 2962 1268 2993 cum
1287 2958 1290 2961 ’
1310 2958 1389 2994 aut
1409 2948 1466 2995 eo
1491 2945 1594 2998 iret,
1638 2955 1716 2990 aut
1737 2943 1783 2990 in
1805 2943 1908 2989 loca
1955 2941 1966 2952 ‘

132 3015 286 3061 vicina
302 3024 445 3079 prope
467 3014 677 3076 quotidie
720 3028 825 3059 cum
840 3012 1054 3059 familiari
1068 3010 1289 3058 comitatu
1308 3009 1524 3075 perfacile
1537 3008 1778 3055 videbatur
1798 3007 1926 3054 M0-
1983 3017 1987 3020 ·

124 3078 309 3126 savium
331 3080 571 3139 inermem,
596 3083 644 3127 &
666 3077 901 3125 incautum
920 3078 1099 3130 tollere,
1124 3074 1318 3139 &ipsam
1336 3075 1385 3122 in
1406 3075 1526 3122 suam
1540 3072 1810 3137 'potestatem
1834 3085 1906 3117 re·
1934 3126 1939 3132 N
1970 3087 1971 3091 ¹

74 3171 84 3174 <
134 3144 308 3207 digere.
334 3182 337 3184 .
378 3143 569 3190 Caeteris
591 3158 685 3190 non
707 3158 830 3207 aegre
851 3141 1123 3205 persuasum,
1144 3155 1197 3187 ac
1228 3145 1407 3205 ternpus
1429 3137 1622 3187 facinori
1643 3147 1906 3199 perpeti-an·
1975 3172 1977 3174 .

132 3210 192 3255 do
214 3207 525 3260 constitutum.

188 3336 252 3386 (1)
280 3338 421 3376 Virum
453 3337 809 3377 innocentiffimum.
833 3337 989 3380 Thuan.
1043 3336 1332 3384 bestowedupon
1346 3327 1897 3380 FrancisStewart‘sontoJohn

64 3444 68 3451 Ι
135 3390 201 3427 lib·
220 3402 285 3439 29·
1044 3390 1173 3428 Abbot
1210 3388 1255 3427 of
1267 3386 1385 3424 Kelso
1415 3385 1629 3424 mentioned
1668 3383 1789 3420 before
1810 3382 1907 3431 (cap.

187 3442 253 3491 (2)
282 3444 341 3481 Of
354 3443 512 3494 aspiring
531 3453 570 3482 to
588 3443 653 3482 the
668 3457 806 3482 crown.
1045 3442 1131 3493 23.)
1151 3443 1324 3490 begotten
1344 3453 1441 3490 upon
1458 3440 1551 3500 jean
1567 3436 1748 3486 Hepburn
1764 3433 1859 3471 (ister
1871 3441 1910 3469 to
1979 3455 1988 3472 v

187 3496 255 3546 (3⁹)
288 3497 428 3532 Fourth
464 3500 541 3535 carl
575 3499 620 3536 of
647 3496 837 3536 liothwell
871 3497 993 3535 fonto
1047 3496 1124 3533 this
1142 3496 1232 3532 earl.

134 3547 290 3587 Patrick
311 3550 426 3584 called
447 3549 511 3586 the
531 3550 601 3587 fair
618 3553 692 3588 earl
714 3565 723 3588 e
754 3550 804 3587 he
839 3550 914 3587 had
952 3564 1002 3588 no
1112 3549 1175 3595 (4)
1204 3547 1271 3584 Al.
1294 3545 1553 3595 impellebant}
1603 3592 1605 3595 Α

135 3598 319 3640 children.
342 3603 409 3638 and
423 3601 715 3649 beingfcrfeit'ed
729 3602 789 3642 hle
803 3604 912 3647 estate
928 3615 1003 3642 was
1111 3602 1179 3653 (5)
1207 3599 1295 3639 The
1319 3599 1508 3639 reforma
1521 3593 1701 3641 religion.-

1580 3643 1730 3693 XXX.
1761 3639 1899 3691 Unus
