2106 3838
215 142 298 228 96
522 143 881 211 RERUM
973 137 1667 205 Seni-teanum

206 242 293 288 bus
315 240 488 289 instare.
555 241 680 288 Cum
703 241 783 288 ille
812 247 992 300 urgeret
1021 251 1047 282 a
1080 248 1174 299 quo
1198 239 1215 283 ?
1255 253 1412 293 anum,
1437 253 1464 284 a
1485 249 1546 293 te,
1571 235 1815 297 subjecisse.
1883 238 1971 286 llic

211 304 451 352 mulierem
465 316 703 353 execratus
722 319 824 349 cum
845 303 1035 347 domum
1055 300 1240 355 rediret,
1260 301 1397 349 subiit
1413 301 1620 348 animum
1637 300 1718 347 illa
1733 317 1788 348 co
1825 301 1972 356 itatio,

209 385 294 417 nec
313 369 571 434 responsum
591 366 741 415 caelari
763 366 900 428 poffe,
925 378 1010 411 nec
1030 365 1164 414 edere
1186 376 1337 412 tutum
1356 366 1443 413 esse
1462 383 1474 413 ε
1509 379 1565 414 ne
1587 364 1628 412 se
1651 366 1773 428 apud
1835 381 1968 429 egem

209 434 445 482 hominem
481 449 686 497 pravum,
722 433 774 480 δε
806 429 883 475 suo
913 425 1083 476 timori'
1100 429 1419 492 indulgentem
1457 429 1707 494 suspectum
1745 430 1971 476 redderet.

202 499 373 561 Jtaque
394 497 533 545 tutius
555 496 698 543 visum
735 494 795 540 est
831 505 1073 556 tyrannum
1112 510 1216 541 cum
1251 494 1500 541 multorum
1522 493 1669 557 gratia
1699 493 1973 547 interficere,

209 579 346 626 quarn
379 578 484 609 cum
517 559 774 624 graviffimo
808 557 984 630 proprii
1003 557 1166 621 capitis
1194 556 1455 605 discrimine
1482 556 1763 605 incolumem
1787 557 1974 604 servare.

213 626 373 673 Statim
397 625 477 672 ubi
498 625 687 671 domum
709 621 862 677 rediit,
885 635 1130 687 impetrato
1154 623 1209 668 ad
1233 621 1439 686 responsa
1459 619 1722 669 divinorum
1740 637 1977 684 exponen·

211 690 269 737 da
291 690 476 742 secreto,
504 687 616 734 caeso
650 687 778 750 Rege
809 685 1137 735 duodecimum
1161 686 1344 750 imperii
1364 699 1536 734 annum
1567 684 1761 750 ingress‘o
1781 685 1977 749 patriam

210 753 405 808 serviti0,
431 759 470 799 &-
494 751 534 798 se
557 748 762 816 periculo
783 749 970 798 exemit.

275 887 425 936 XLII.
459 888 639 952 EJUS
670 899 816 934 morte
833 887 1070 953 divulgata
1090 889 1224 935 liberi
1248 888 1514 936 Athirconis
1536 898 1823 935 revocantur.
1871 884 1979 934 Fin-

210 952 384 1001 dochus
417 965 580 1017 praeter
614 969 757 1015 genus
790 951 945 999 multis
977 965 1146 999 naturae
1180 951 1524 1006 blandimentis,
1549 951 1753 1014 corporis
1785 949 1982 1006 viribus,

210 1019 372 1072 forma,
396 1016 683 1082 proceritate,
721 1017 864 1064 aetatis
896 1016 1023 1073 flore,
1054 1016 1212 1063 adhaec
1245 1015 1458 1081 periculis
1493 1016 1838 1062 commendatus
1875 1016 1976 1061 Rex

209 1081 400 1146 eligitur
427 1099 439 1127 ε
473 1098 618 1145 neque
641 1081 764 1143 spem
786 1081 844 1128 de
875 1079 917 1128 se
945 1093 1215 1143 conceptam
1249 1079 1429 1128 fefellit.
1499 1071 1759 1126 Erat'cnim
1793 1076 1839 1124 in
1869 1092 1979 1125 con·

211 1145 448 1195 suetudine
471 1145 743 1209 quotidiana
771 1145 943 1192 summa
964 1145 1265 1199 humanitate,
1289 1144 1335 1192 in
1368 1145 1472 1208 jure
1509 1143 1711 1190 dicundo
1748 1143 1980 1205 aequitate,

212 1211 259 1258 in
283 1210 501 1274 promiffis
530 1210 635 1258 fide.
703 1211 879 1257 Verum
902 1209 1144 1257 Donaldus
1169 1209 1401 1257 insulanus
1433 1207 1557 1272 pacis
1595 1207 1838 1272 impatiens
1874 1222 1980 1253 cum

214 1274 451 1322 numerosa
471 1291 609 1321 manu
631 1273 811 1322 suorum
830 1273 877 1320 in
893 1272 1082 1320 Albium
1108 1273 1283 1335 trajecit
1308 1293 1319 1321 ε
1354 1278 1392 1320 δι
1416 1271 1595 1337 ingenti
1617 1271 1746 1318 clade
1768 1271 1981 1318 villarum

249 1356 487 1404 uacunque
520 1338 740 1402 pergebat
772 1337 894 1386 edita
917 1354 1129 1401 magnam
1161 1339 1362 1400 praedam
1393 1338 1583 1385 domum
1617 1336 1788 1399 abegit.
1855 1334 1981 1382 Cau-

213 1357 258 1450 sa
280 1404 389 1451 belli
433 1403 778 1466 praetexebatur,
804 1403 919 1449 ultio
953 1402 1112 1449 mortis
1151 1402 1399 1449 Nathaloci
1423 1399 1580 1466 Regis.
1650 1399 1912 1447 Findochus
1933 1416 1982 1446 e·

216 1469 389 1515 xercitu
409 1467 552 1515 statim
570 1467 763 1514 colleao
797 1466 843 1513 in
867 1467 981 1512 llam
1005 1465 1195 1513 insulam
1219 1466 1474 1519 transmisit,
1512 1470 1551 1512 a&
1576 1464 1842 1520 Donaldum
1866 1480 1983 1527 pra·-

216 1532 282 1579 lio
304 1532 472 1580 vic'tum
493 1531 548 1578 ad
573 1547 707 1578 naves
743 1531 900 1595 fugere
918 1531 1086 1595 coegit.
1152 1531 1294 1577 Multi
1312 1531 1358 1577 in
1386 1529 1483 1576 acie
1512 1528 1775 1576 ceciderunt
1805 1547 1815 1575 :
1862 1528 1983 1574 mul-

215 1595 248 1643 ti
289 1596 400 1642 dum
431 1611 533 1641 cum
569 1595 767 1642 tumultu
796 1612 930 1641 naves
970 1594 1279 1641 conscendunt
1316 1594 1541 1641 submerfi.
1611 1592 1851 1646 Donaldus
1889 1591 1983 1655 ipse

217 1660 327 1707 dum
351 1660 398 1707 in
434 1658 642 1722 scapham
668 1672 873 1720 receptus
912 1657 1068 1722 fugam
1094 1658 1365 1705 meditatur:
1389 1675 1443 1704 ea
1477 1656 1782 1704 multitudinis
1817 1656 1981 1702 irrum-

219 1721 366 1788 pentis
389 1723 590 1787 pondere
614 1723 812 1786 depressa
834 1722 986 1786 periit.
1054 1721 1253 1769 Insulani
1276 1720 1439 1770 animis
1463 1720 1578 1768 nihil
1605 1736 1657 1766 ea
1684 1720 1814 1767 clade
1832 1718 1984 1766 sraelis

219 1788 476 1836 discedente
498 1789 566 1834 Re
603 1803 628 1833 e
649 1785 805 1835 accitis
823 1804 878 1834 ex
898 1787 1127 1834 Hibernia
1147 1786 1328 1834 auxiliis
1351 1785 1524 1834 bellum
1544 1796 1791 1832 renovant:
1816 1785 1867 1834 ὃς
1882 1784 1984 1830 Do-

224 1853 361 1901 naldo
384 1851 544 1916 prioris
568 1805 774 1899 fionaldi
796 1852 890 1898 filio
911 1852 1027 1898 duce
1049 1851 1215 1898 iterum
1245 1850 1582 1898 exscenfionem
1606 1848 1779 1897 faciunt
1804 1866 1814 1894 ε
1853 1864 1983 1911 mag-

220 1933 418 1979 namque
440 1916 639 1979 praedam
661 1915 870 1979 abigunt.
937 1915 1197 1962 Findochus
1221 1915 1386 1963 iterum
1408 1931 1514 1962 cum
1536 1911 1680 1977 copiis
1702 1912 1749 1960 in
1775 1913 1984 1960 AEbudas

221 1981 397 2044 trajecit
421 1999 432 2028 ε
455 1979 702 2042 omnesque
724 1979 885 2027 insulas
910 1980 1219 2043 perlustrando
1241 1979 1390 2027 severe
1410 1982 1459 2026 in
1482 1978 1679 2026 latrones
1699 1976 1983 2023 animadver-

221 2047 276 2093 tit
302 2065 313 2093 t
347 2043 764 2109 munitionibusque
786 2044 832 2090 in
859 2061 971 2107 quas
999 2045 1250 2108 'confugere
1269 2043 1594 2092 consueverant
1623 2041 1784 2089 cversis
1807 2053 1984 2088 tantum

158 2156 163 2159 .
219 2111 477 2174 praedarum
500 2108 672 2173 abegit,
698 2122 960 2171 tantamque
983 2109 1155 2157 caedem
1178 2107 1289 2155 fecit
1310 2121 1359 2155 ut
1380 2109 1545 2155 multas
1576 2105 1817 2152 insularum
1842 2120 1985 2168 prope

220 2175 413 2222 desertas
434 2173 725 2236 relinqueret.
748 2174 824 2220 Ad
842 2173 937 2234 ejus
956 2173 1154 2220 reditum
1174 2172 1416 2221 Donaldus
1434 2188 1490 2218 ex
1509 2169 1753 2224 Hibernia,
1768 2171 1862 2232 quo
1882 2185 1983 2231 per·

221 2239 400 2303 fugerat
423 2239 638 2291 reversus,
655 2238 767 2284 dum
786 2237 1040 2285 exercitum
1063 2254 1269 2301 reparare
1285 2250 1493 2291 conatur,
1510 2235 1575 2281 ita
1587 2235 1702 2281 vires
1721 2224 1986 2281 imminutas

225 2304 370 2359 sensit,
388 2317 438 2350 ut
460 2302 699 2350 necessario
729 2302 842 2350 belli
863 2302 1018 2366 aperte
1050 2301 1247 2368 gerendi
1259 2300 1454 2349 consiliis
1476 2298 1642 2347 omissis
1662 2299 1720 2345 ad
1738 2298 1869 2345 dolos
1888 2296 1984 2344 ani-

221 2385 349 2416 mum
365 2379 665 2415 converteret.
732 2367 858 2415 Nam
878 2383 986 2414 cum
1008 2384 1100 2415 non
1127 2366 1314 2413 auderet
1340 2364 1461 2427 Regi
1492 2364 1630 2411 fidem
1658 2361 1891 2426 publicam
1914 2361 1985 2408 in-

223 2432 482 2495 terponenti
504 2430 546 2477 se
567 2431 872 2486 committere,
896 2431 1012 2478 duos
1033 2432 1060 2481 ὲ
1078 2430 1165 2479 suis
1181 2431 1315 2491 juxta
1329 2429 1540 2483 callidos,
1564 2433 1604 2475 δι
1622 2427 1814 2475 audaces
1836 2426 1883 2473 in
1907 2443 1986 2472 au-

222 2498 315 2544 lam
332 2510 438 2542 cum
459 2494 638 2543 secretis
661 2496 886 2544 mandatis
907 2495 1041 2543 milit.
1109 2494 1178 2544 Hi
1200 2509 1307 2542 cum
1326 2500 1367 2542 ει
1380 2509 1525 2558 genus
1544 2492 1672 2539 suum
1690 2491 1927 2552 jac‘tarent,
1945 2495 1985 2536 δι

222 2561 281 2608 de
303 2559 509 2608 Donaldi
528 2558 706 2623 injuriis
727 2561 926 2624 graviter
952 2571 1359 2624 conquererentur,
1383 2556 1504 2622 Regi
1524 2556 1711 2620 quidem
1737 2556 1873 2602 fidem
1896 2570 1988 2601 non

223 2624 442 2672 fecerunt.
489 2625 651 2688 Itaque
673 2625 730 2671 ad
751 2623 934 2672 fratrem
957 2625 1054 2685 ejus
1077 2623 1347 2672 Carantium
1370 2621 1607 2670 hominem
1628 2622 1796 2672 levem,
1820 2623 1869 2669 &
1891 2635 1988 2665 am·

223 2687 438 2736 bitiosum
460 2686 501 2734 se
523 2690 833 2738 contulerunt.
907 2690 979 2735 Ab
1000 2706 1055 2736 eo
1078 2690 1125 2735 in
1157 2688 1374 2736 intimum
1396 2683 1719 2734 familiaritatis
1740 2685 1896 2729 locum
1917 2700 1987 2729 re-

222 2753 365 2816 cepti,
391 2759 432 2800 &
459 2769 540 2816 per
560 2769 665 2800 enm
691 2753 748 2799 ad
770 2753 957 2800 consilia
978 2753 1034 2800 de
1056 2754 1191 2801 rebus
1222 2749 1433 2800 maximis
1455 2748 1646 2803 admisti,
1671 2748 1774 2795 ‘cum
1797 2747 1894 2809 ejus
1916 2746 1990 2793 in-

221 2817 412 2881 genium
441 2817 724 2879 explorando
749 2817 1079 2882 cognovissent,
1108 2834 1200 2865 non
1222 2814 1490 2877 dubitarunt
1510 2813 1676 2860 secreta
1697 2813 1911 2859 mandata
1932 2811 1990 2857 de

223 2883 353 2955 Rege
374 2882 582 2928 tollendo
601 2897 707 2928 cum
729 2897 786 2928 eo
807 2881 1166 2929 communicare.
1234 2880 1322 2928 Ille
1344 2888 1541 2943 regnum
1561 2875 1712 2924 alieno
1733 2876 1914 2929 scelere,
1938 2877 1992 2924 δε

222 2946 428 3008 periculo
449 2957 631 3009 partum
653 2946 781 2993 velut
794 2945 893 3007 jam
917 2959 1093 2993 certum
1123 2944 1360 3008 amplexus
1379 2941 1510 2990 omni
1538 2958 1706 3004 genere
1724 2939 1888 2987 favoris
1913 2954 1991 2986 eos

221 3011 283 3057 est
305 3010 583 3074 prosecutus.
647 3009 800 3074 Igitur
818 3009 1033 3057 omnibns
1064 3009 1122 3057 ad
1156 3004 1507 3073 praecogitatum
1543 3006 1685 3053 scelus
1716 3003 1991 3068 comparatis

222 3086 405 3137 captato
426 3086 635 3138 tempore
651 3075 763 3122 dum
788 3075 906 3128 Rex,
930 3074 1103 3122 caeteris
1125 3075 1183 3120 ad
1200 3072 1505 3136 spectaculum
1522 3069 1734 3118 inusitata
1759 3067 1993 3132 magnitu-

222 3137 330 3186 dine
352 3139 458 3186 ferae
479 3139 838 3195 accurrentibus,
862 3141 1055 3187 alterum
1075 3153 1235 3186 eorum
1254 3138 1343 3185 suae
1375 3136 1568 3184 fortunae
1601 3132 1907 3196 multiplicem
1941 3147 1991 3179 e-

222 3213 411 3250 ventum
443 3215 702 3252 narrantem
722 3204 868 3259 audit,
891 3203 950 3251 ab
982 3205 1126 3251 altero
1145 3201 1376 3250 venabulo
1397 3200 1445 3248 in
1466 3201 1624 3263 peftus
1653 3197 1814 3245 adacto
1833 3196 1995 3243 interi·

222 3265 380 3313 mitur.
447 3267 685 3315 Concursu
704 3268 825 3316 ftRo
846 3267 905 3314 ad
924 3280 1054 3316 atrox
1075 3266 1252 3315 facinus
1273 3265 1353 3313 alii
1373 3262 1703 3314 moribundum
1718 3263 1895 3325 Regem
1914 3276 1995 3307 ex·

223 3329 420 3393 cipiunt,
443 3329 522 3377 alii
541 3332 816 3394 percussores
836 3332 1100 3396 sequuntur.
1167 3328 1517 3394 Comprehenfi,
1553 3332 1597 3375 δι
1625 3326 1686 3374 ad
1716 3322 1994 3388 supplicium

221 3393 368 3448 duffl,
390 3396 594 3456 expreffo
614 3395 742 3458 prius
761 3407 1097 3445 tormentorum
1118 3392 1167 3442 vi
1189 3393 1396 3448 Donaldi
1422 3390 1630 3446 confilio,
1654 3395 1696 3439 δι
1713 3386 1877 3437 scelere
1900 3388 1994 3437 Ca·

221 3456 376 3513 rantii,
398 3457 481 3521 qui
504 3470 602 3504 tum
623 3459 950 3509 diffimulandae
973 3460 1038 3509 rei
1057 3458 1190 3509 causa
1209 3459 1371 3524 procul
1398 3457 1572 3511 aberat,
1602 3454 1687 3519 ipfi
1706 3453 1900 3517 quidem
1918 3453 1995 3513 ju·

221 3523 304 3571 stas
323 3537 483 3585 poenas
504 3522 702 3570 luerunt.
735 3524 980 3573 Car-antius
1001 3537 1155 3573 antem
1176 3523 1379 3588 primum
1400 3522 1460 3569 ad
1480 3520 1711 3569 Brittones
1733 3517 1869 3581 fugit.
1906 3514 1997 3564 Sed

220 3585 291 3635 ibi
316 3588 507 3649 vulgata
531 3584 662 3633 exilii
690 3590 821 3640 causa
848 3591 956 3641 cium
977 3587 1231 3655 hospitibus
1264 3588 1372 3645 esset
1391 3581 1764 3644 detestabilis,ad
1787 3584 1999 3629 Romana

222 3650 359 3701 eastra
377 3648 420 3699 se
442 3649 655 3701 eontulit.
1789 3642 2004 3696 XXXI}-
