2006 3858
398 20 884 135 -Ar‘un
981 58 1551 128 SCOTOS.
1821 88 1908 150 23

165 169 287 219 malo
307 175 530 216 amatores
552 178 670 211 verae
708 161 844 223 hujus
888 158 1137 223 perfectam
1175 159 1426 225 imaginem
1449 175 1476 206 a
1496 159 1754 223 Protogene
1775 164 1934 227 aliquo

149 236 239 282 ‘vel
264 232 427 296 Apelle
450 228 677 291 depiEtam
701 226 787 273 suis
809 225 1041 273 coloribus
1063 225 1273 273 viderent
1298 244 1312 280 3
1337 241 1428 272 non
1451 222 1615 271 dubito
1638 225 1752 287 quin
1774 244 1875 274 eam
1894 232 1936 274 sc

162 299 496 346 admirarentur
519 300 555 340 Sc
581 292 841 354 deperirent
883 310 893 337 ε
947 305 1013 337 xac
1043 289 1124 336 nisi
1146 291 1368 337 continuo
1389 289 1517 336 illam
1540 288 1730 335 alteram
1751 307 1820 337 res
1842 292 1938 337 suas

162 364 331 410 habere
347 361 578 423 juberent,
602 357 650 403 in
669 358 769 402 illas
792 355 1068 417 graviffimas
1091 353 1348 402 inciderent
1368 369 1546 418 poenas,
1587 369 1700 419 quas
1733 353 1783 401 in
1806 356 1938 418 Saty-

166 428 226 476 ris
250 427 423 476 Perfius
438 423 717 484 imprecatur
739 419 969 481 Tyrannis
998 437 1010 466 ε

425 494 588 551 Magne
601 499 730 548 pater
750 488 920 539 divum,
933 486 1083 544 staevos
1095 486 1248 546 punire
1271 484 1482 545 Tyrannos

424 553 567 600 Haud
584 551 677 596 alia
699 554 862 596 ratione
886 550 1015 604 «velis,
1040 567 1128 595 cum
1151 552 1252 595 dira
1273 549 1403 595 libido

426 621 624 664 Aaoverit
646 619 855 678 ingenium
861 618 1070 677 ferventi
1096 619 1232 660 tinc‘i'a
1254 633 1430 668 veneno,

429 682 638 727 Virtutem
659 695 705 725 ut
727 681 926 732 videant,
950 679 1286 742 intabcstantque
1309 679 1474 725 relibla.

168 748 328 810 Atque
351 745 483 797 adeo,
509 746 695 807 quando
718 744 765 789 in
797 744 1124 805 Tyrannorum
1151 744 1429 790 mentionem
1452 741 1721 800 incidimus,
1753 741 1877 791 visne
1901 754 1952 791 ut

168 811 277 864 hinc
301 813 421 858 reeta
443 811 500 855 ad
523 825 600 856 eos
624 808 974 872 progrediamur
1000 810 1016 853 ?
1052 809 1122 855 Μ.
1149 808 1249 855 Nisi
1272 808 1388 871 quid
1409 809 1776 870 praevertendum
1798 822 1951 872 putas.

175 883 229 923 B.
254 875 454 922 Minime
478 888 648 929 autem,
692 873 903 927 arbitror,
928 872 1260 927 aberrabimus,
1305 874 1334 918 fi
1373 873 1540 920 eisdem
1567 874 1764 938 vestigiis
1783 875 1954 937 quibus

170 939 219 987 in
244 943 373 1004 Rege
396 942 646 1002 quaerendo
667 937 929 992 institimus,
970 940 1025 984 ad
1057 939 1331 1000 Tyrannum
1354 938 1676 999 reperiendum
1700 939 1766 985 ire
1791 955 1954 1002 perga·

174 1021 294 1052 mus.
346 1006 414 1052 M.
436 1006 508 1050 Ita
529 1004 704 1050 censeo.
759 1002 885 1049 Nam
921 1018 976 1048 eo
1013 1006 1145 1065 paeto
1184 1002 1307 1064 quod
1350 1004 1401 1049 fit
1443 1004 1562 1050 inter
1599 1020 1676 1050 eos
1711 1002 1959 1051 discrimen

171 1069 394 1118 facillime
417 1068 748 1132 intelligemu5‚
774 1067 804 1113 si
824 1084 880 1113 ex
899 1067 1083 1113 adverso
1107 1067 1348 1129 compositi
1369 1067 1691 1130 inspectentur.

236 1136 395 1183 XLII.
444 1140 496 1183 Β.
527 1136 596 1179 Ac
620 1133 838 1195 primum,
863 1145 911 1178 ut
930 1149 954 1178 a
979 1131 1191 1193 Tyranni
1214 1137 1403 1179 nomine
1434 1133 1729 1194 incipientum,
1753 1131 1803 1179 id
1825 1131 1956 1193 cujus

172 1200 347 1263 linguae
370 1198 438 1253 fit,
464 1198 692 1244 incertum
713 1196 922 1242 arbitror.
990 1198 1154 1260 Itaque
1177 1197 1506 1258 supervacuum
1530 1197 1663 1244 nobis
1686 1209 1801 1260 puto
1821 1198 1956 1243 Grae-

175 1280 279 1310 curn
305 1275 384 1311 aut
421 1263 640 1311 Latinum
671 1261 826 1324 ’ἔτυμον
866 1260 913 1307 in
958 1278 1014 1307 eo
1036 1277 1255 1323 quaerere.
1305 1262 1435 1323 Qid
1472 1278 1580 1310 vero
1601 1275 1777 1309 veteres
1800 1261 1962 1327 appel.

175 1336 327 1380 larunt
350 1332 659 1394 tyrannidem,
686 1349 777 1378 non
796 1331 960 1394 opinor
989 1332 1232 1379 obscurum
1255 1333 1471 1394 cuiquam
1493 1333 1574 1394 qui
1596 1334 1735 1394 paulo
1757 1332 1966 1395 diligen-

178 1398 267 1444 tius
292 1398 336 1444 in
362 1397 516 1444 studiis
541 1396 888 1458 humanioribus
910 1397 960 1441 sit
979 1395 1192 1443 versatus.
1247 1398 1459 1459 Tyranni
1483 1397 1606 1443 enim
1631 1405 1677 1446 ὅ(
1710 1397 1893 1443 Graecis
1917 1404 1959 1445 δε

177 1462 354 1510 Latinis
392 1462 692 1519 vocabantur,
729 1477 868 1525 penes
907 1476 1019 1524 quos
1044 1473 1139 1508 crat
1172 1462 1318 1509 libera
1339 1462 1549 1508 omnium
1573 1477 1721 1508 rerum
1748 1463 1958 1524 potestas,

177 1527 315 1574 nullis
339 1527 494 1590 legum
520 1526 717 1573 vinculis
739 1526 931 1580 astriCta,
954 1540 1034 1572 aut
1055 1526 1268 1586 judicum
1290 1526 1636 1590 cognitionibus
1658 1527 1878 1573 obnoxia.
1915 1528 1959 1572 Ι.

179 1606 317 1655 taque
339 1591 387 1638 in
414 1606 622 1653 utraque,
651 1605 699 1638 ut
721 1591 822 1644 scis,
863 1590 1022 1652 lingua
1046 1607 1138 1637 non
1162 1593 1300 1637 modo
1323 1593 1482 1637 heroes
1506 1596 1554 1640 ὃς
1577 1591 1818 1638 hominurn
1843 1608 1964 1653 prae-

185 1656 449 1711 stantiffimi,
470 1654 548 1708 used
571 1659 620 1705 ὃς
644 1657 834 1702 deorum
861 1655 1068 1709 maximi,
1093 1668 1231 1718 atque
1249 1658 1364 1702 adeo
1386 1656 1567 1718 Jupiter
1584 1656 1696 1719 ipse,
1712 1657 1962 1718 Tyrannus

183 1734 375 1769 vocatur
399 1738 411 1766 ε
442 1720 585 1783 idque
608 1720 666 1766 ab
689 1722 752 1767 eis
774 1719 856 1783 qui
879 1720 937 1766 de
960 1720 1046 1766 diis
1070 1720 1321 1768 honorifice
1344 1727 1384 1766 δι
1405 1720 1602 1767 sentiunt
1625 1728 1664 1768 δε
1687 1722 1961 1783 loquuntur.

182 1791 251 1836 M.
277 1786 400 1837 Istud
423 1785 612 1847 quidem
637 1802 729 1832 non
749 1785 916 1848 ignoro
962 1801 973 1830 ε
1007 1801 1157 1846 eoque
1190 1786 1336 1849 magis
1376 1786 1520 1831 miror
1543 1787 1662 1832 unde
1696 1786 1867 1832 factum
1891 1787 1962 1841 fit,

184 1864 234 1898 ut
256 1851 305 1899 id
327 1867 495 1897 nomen
517 1863 585 1897 tot
601 1850 695 1912 jam
717 1849 876 1896 seculis
894 1848 1103 1895 odiosum
1124 1863 1263 1911 atque
1287 1852 1422 1897 ctiam
1443 1850 1833 1914 intergraviffima
1853 1847 1965 1914 con-

184 1915 305 1963 vicia
327 1916 564 1962 habeatur.
636 1922 692 1964 B.
719 1916 773 1961 ld
795 1927 916 1962 certe
939 1913 984 1959 in
1011 1914 1102 1959 hoc
1141 1915 1366 1962 vocabulo
1401 1913 1593 1962 evenisse
1615 1915 1815 1971 videtur,
1839 1914 1967 1979 quod

184 1981 233 2027 in
258 1981 484 2044 plerisque
509 1980 609 2027 aliis
634 1978 847 2043 contigit.
919 1979 1184 2028 Verborum
1206 1981 1329 2026 enim
1370 1996 1451 2043 per
1471 1980 1513 2027 se
1535 1993 1744 2028 naturam
1767 1981 1798 2027 st
1821 1980 1966 2029 confi·

186 2046 335 2100 deres,
363 2045 498 2092 noxia
518 2061 658 2091 caret.
688 2105 692 2107 Α
728 2045 788 2091 Et
808 2043 1019 2106 quamvis
1042 2044 1131 2091 alia
1153 2046 1318 2099 levius,
1364 2045 1452 2091 alia
1475 2044 1673 2106 asperius
1693 2046 1751 2092 ad
1776 2045 1970 2093 audien-

187 2109 305 2157 tium
332 2127 460 2157 aures
482 2110 717 2164 accidunt,
763 2122 917 2157 tamen
960 2108 1076 2154 nihil
1099 2109 1290 2156 omnino
1312 2126 1369 2156 ex
1392 2109 1476 2158 sese
1498 2109 1672 2157 habent
1690 2126 1770 2157 cur
1791 2110 1970 2158 animos

187 2176 247 2223 ad
268 2174 403 2231 iram,
426 2174 604 2229 odium,
630 2188 709 2221 aut
729 2173 1008 2221 hilaritatem
1032 2174 1251 2229 excitent,
1289 2187 1367 2222 aut
1387 2174 1561 2237 alioqui
1584 2177 1870 2239 voluptatem
1892 2186 1971 2223 aut

186 2240 438 2288 molestiam
461 2252 634 2287 creent.
704 2239 752 2286 Si
773 2238 889 2302 quid
911 2250 1063 2285 autem
1089 2242 1178 2285 tale
1201 2239 1333 2285 nobis
1356 2239 1551 2292 accidat,
1568 2241 1619 2287 id
1640 2256 1731 2287 non
1755 2257 1781 2285 a
1803 2239 1965 2293 verbo,

188 2304 264 2352 sed
287 2322 313 2352 a
334 2304 662 2351 consuetudine
684 2303 947 2357 hominum,
981 2309 1020 2350 δι
1059 2303 1265 2367 imagine
1289 2304 1347 2350 ab
1370 2304 1661 2352 audientibus
1682 2318 1906 2368 concepta
1924 2320 1977 2351 e·

188 2368 347 2416 venire
366 2368 493 2415 solet.
565 2368 720 2432 Igitur
748 2370 875 2430 quod
896 2367 1093 2430 verburn
1113 2371 1236 2432 apud
1258 2368 1371 2415 alios
1395 2369 1633 2416 honestum
1655 2371 1734 2425 est,
1778 2370 1902 2432 apud
1924 2386 1972 2416 a-

188 2433 275 2480 lios
311 2434 403 2480 fine
424 2433 610 2481 honoris
629 2428 904 2495 praefatione
921 2432 1069 2481 audiri
1095 2450 1184 2480 non
1205 2435 1365 2496 potest.
1435 2441 1503 2482 M.
1530 2435 1728 2481 Memini
1750 2435 1976 2497 quiddam

193 2497 338 2545 simile
363 2498 411 2544 in
435 2496 703 2549 Neronibus
726 2501 776 2546 δε
798 2496 929 2559 Judis
951 2496 1123 2544 faEtum
1151 2516 1162 2544 :
1198 2514 1396 2562 quorum
1419 2498 1615 2560 alterum
1655 2502 1780 2562 apud
1798 2502 1977 2557 Roma·

194 2579 295 2618 nos,
321 2563 514 2609 alterum
534 2562 658 2625 apud
679 2561 865 2623 Judaeos
889 2577 1075 2617 nomen,
1096 2562 1145 2608 in
1162 2562 1349 2610 summis
1370 2563 1477 2611 viris
1495 2562 1818 2627 amplissimum
1836 2578 1977 2627 atque

193 2627 585 2679 honoratissimum
609 2625 964 2680 existimabatur.
1032 2628 1189 2674 Postea
1208 2645 1320 2675 vexo
1342 2631 1468 2675 nulla
1489 2629 1688 2691 ipsorum
1712 2626 1974 2683 nominum,

193 2693 270 2740 sed
295 2693 491 2740 duorum
514 2691 758 2737 hominum
781 2691 918 2754 culpa
941 2690 1114 2740 facturn
1153 2693 1233 2749 est,
1271 2706 1322 2741 ut
1357 2710 1414 2741 ne
1437 2693 1754 2742 sceleratiffimi
1786 2695 1978 2758 quidem

194 2757 295 2807 haec
318 2757 507 2803 nomina
525 2755 611 2803 suis
630 2755 787 2808 liberis
810 2755 909 2802 dari
930 2757 1078 2809 velint
1098 2777 1113 2814 3
1146 2759 1264 2806 adeo
1295 2759 1416 2806 inter
1435 2759 1630 2806 infamia
1650 2760 1948 2807 delituerunt.

262 2822 442 2869 XLIlI.
474 2823 530 2868 B.
556 2820 687 2867 Idem
710 2836 897 2884 quoque
919 2820 968 2868 in
990 2822 1218 2885 Tyranno
1245 2824 1439 2870 evenisse
1463 2822 1752 2887 perspicuum
1775 2826 1852 2872 est.
1876 2823 1981 2873 Pri·

197 2903 297 2934 mos
320 2885 445 2933 enim
470 2885 771 2948 magistratus,
794 2885 878 2949 qui
899 2885 963 2933 ita
997 2888 1365 2949 appellabantur,
1405 2888 1528 2936 viros
1564 2891 1708 2936 bonos
1731 2889 1859 2937 fuisse
1881 2905 1981 2936 cre·-

198 2950 341 2997 dibile
364 2951 441 3005 est,
467 2950 536 2996 vel
561 2949 686 3005 hinc,
711 2951 837 3013 quod
860 2967 1030 2998 nomen
1046 2951 1096 2999 id
1117 2952 1370 3016 aliquando
1389 2965 1481 3000 tarn
1500 2954 1976 3008 fuerithonorificum,

199 3028 250 3062 ut
271 3015 329 3062 ad
369 3015 478 3061 deos
523 3014 664 3062 etiam
687 3014 1019 3062 transferretur.
1090 3018 1258 3064 Posteri
1293 3019 1380 3064 suis
1414 3018 1658 3066 sceleribus
1679 3020 1743 3066 ita
1764 3018 1981 3066 reddide-

196 3091 306 3127 runt
326 3078 519 3133 infame,
546 3091 596 3125 ut
618 3094 776 3125 omnes
799 3092 1022 3142 tanquam
1044 3082 1359 3145 contagiosum
1384 3089 1423 3130 δι
1444 3085 1652 3145 pestilens
1674 3083 1720 3131 id
1746 3082 1978 3148 fugerent.

198 3142 436 3206 leviusque
460 3156 673 3207 putarent
690 3143 971 3200 convicium,
995 3146 1254 3194 carnificem
1275 3165 1413 3210 quam
1438 3148 1713 3210 Tyrannum
1737 3149 1978 3212 appellari.

199 3214 271 3274 M.
307 3209 440 3256 idem
479 3207 658 3262 fortasse
694 3207 772 3254 hic
793 3208 964 3264 evenit,
996 3212 1122 3274 quod
1146 3212 1354 3275 Regibus
1385 3214 1552 3258 ‹Romae
1575 3214 1671 3275 post
1695 3213 1982 3276 Tarquinios

199 3275 384 3324 exaCtos
406 3290 418 3319 ε
459 3272 587 3335 quod
608 3272 658 3321 in
680 3272 935 3320 Dittatoris
966 3275 1154 3322 nomine
1181 3279 1276 3337 post
1305 3277 1378 3325 M.
1409 3279 1668 3336 Antonium
1693 3284 1732 3325 δι
1756 3279 1808 3325 Ρ.
1834 3278 1981 3324 Dola-

202 3331 374 3391 bellam
399 3336 638 3384 Consules.
708 3343 765 3387 B.
788 3339 906 3384 Rem
946 3350 1089 3386 tenes.
1159 3341 1335 3388 Contra
1373 3359 1481 3389 vero
1519 3340 1715 3389 humilia
1736 3349 1777 3389 &
1801 3342 1982 3405 plebeia

204 3402 412 3457 nomina,
435 3401 604 3448 virtute
622 3401 870 3449 hominum·
888 3404 1056 3467 quibus
1074 3420 1129 3459 ea
1149 3407 1460 3470 contigerunt,
1493 3407 1612 3453 faeta
1633 3406 1734 3454 sunt
1753 3407 1942 3454 illustria
1966 3424 1979 3453 :

204 3477 259 3512 ut
277 3467 399 3530 apud
423 3466 660 3515 Romanos
682 3466 928 3524 Camillus,
952 3469 1368 3525 Metellu528crofa
1387 3490 1398 3518 ε
1420 3472 1547 3534 apud·
1567 3472 1828 3519 Germanos
1848 3472 1984 3519 Hen-

204 3530 345 3589 ricus,
368 3530 663 3593 Genscricus,
683 3532 896 3585 Carolus.
963 3533 1022 3582 Id
1044 3535 1161 3584 adeo
1183 3535 1331 3602 magis
1353 3535 1605 3602 intelliges,
1640 3537 1672 3584 fi
1693 3537 1984 3585 animadver-

1918 3612 1985 3647 tas
