<?xml version="1.0" encoding="UTF-8"?>
<!DOCTYPE html PUBLIC "-//W3C//DTD XHTML 1.0 Transitional//EN"
    "http://www.w3.org/TR/xhtml1/DTD/xhtml1-transitional.dtd">
<html xmlns="http://www.w3.org/1999/xhtml" xml:lang="en" lang="en">
 <head>
  <title>
</title>
<meta http-equiv="Content-Type" content="text/html;charset=utf-8" />
  <meta name='ocr-system' content='tesseract 3.04.00' />
  <meta name='ocr-capabilities' content='ocr_page ocr_carea ocr_par ocr_line ocrx_word'/>
</head>
<body>
  <div class='ocr_page' id='page_1' title='image "./rerumscoticarumh00buch_0759.png"; bbox 0 0 2037 3837; ppageno 0'>
   <div class='ocr_carea' id='block_1_1' title="bbox 141 219 1935 3689">
    <p class='ocr_par' dir='ltr' id='par_1_1' title="bbox 141 219 1935 929">
     <span class='ocr_line' id='line_1_1' title="bbox 141 219 1929 283; baseline -0.002 -11"><span class='ocrx_word' id='word_1_1' title='bbox 141 222 200 272; x_wconf 69' lang='lat' dir='ltr'><strong>snt</strong></span> <span class='ocrx_word' id='word_1_2' title='bbox 223 225 364 278; x_wconf 83' lang='lat' dir='ltr'><strong>utilis,</strong></span> <span class='ocrx_word' id='word_1_3' title='bbox 409 228 449 270; x_wconf 89' lang='lat'>&amp;</span> <span class='ocrx_word' id='word_1_4' title='bbox 472 224 528 270; x_wconf 89' lang='lat' dir='ltr'><strong>de</strong></span> <span class='ocrx_word' id='word_1_5' title='bbox 554 222 800 270; x_wconf 84' lang='lat' dir='ltr'><strong>candidato</strong></span> <span class='ocrx_word' id='word_1_6' title='bbox 825 220 966 282; x_wconf 86' lang='lat' dir='ltr'><strong>major</strong></span> <span class='ocrx_word' id='word_1_7' title='bbox 1002 239 1101 282; x_wconf 62' lang='lat' dir='ltr'><strong>pars</strong></span> <span class='ocrx_word' id='word_1_8' title='bbox 1127 222 1242 268; x_wconf 88' lang='lat' dir='ltr'><strong>bene</strong></span> <span class='ocrx_word' id='word_1_9' title='bbox 1263 219 1469 267; x_wconf 86' lang='lat' dir='ltr'><strong>sentiant.</strong></span> <span class='ocrx_word' id='word_1_10' title='bbox 1540 219 1679 282; x_wconf 78' lang='lat' dir='ltr'><strong>Qud</strong></span> <span class='ocrx_word' id='word_1_11' title='bbox 1707 219 1734 266; x_wconf 75' lang='lat' dir='ltr'><strong>sa</strong></span> <span class='ocrx_word' id='word_1_12' title='bbox 1779 225 1929 283; x_wconf 75' lang='lat' dir='ltr'><strong>major</strong></span> 
     </span>
     <span class='ocr_line' id='line_1_2' title="bbox 152 285 1921 353; baseline -0.002 -17"><span class='ocrx_word' id='word_1_13' title='bbox 152 291 316 353; x_wconf 81' lang='lat' dir='ltr'><strong>populi</strong></span> <span class='ocrx_word' id='word_1_14' title='bbox 356 305 457 352; x_wconf 87' lang='lat' dir='ltr'><strong>pars</strong></span> <span class='ocrx_word' id='word_1_15' title='bbox 480 289 633 350; x_wconf 81' lang='lat' dir='ltr'><strong>legem</strong></span> <span class='ocrx_word' id='word_1_16' title='bbox 669 287 830 346; x_wconf 84' lang='lat' dir='ltr'><strong>jubere</strong></span> <span class='ocrx_word' id='word_1_17' title='bbox 852 291 897 337; x_wconf 64' lang='grc' dir='ltr'><strong>ὃς</strong></span> <span class='ocrx_word' id='word_1_18' title='bbox 926 288 1235 348; x_wconf 67' lang='lat' dir='ltr'><strong>magistratum</strong></span> <span class='ocrx_word' id='word_1_19' title='bbox 1273 301 1422 331; x_wconf 81' lang='lat' dir='ltr'><strong>creare</strong></span> <span class='ocrx_word' id='word_1_20' title='bbox 1449 285 1588 345; x_wconf 87' lang='lat' dir='ltr'><strong>potest</strong></span> <span class='ocrx_word' id='word_1_21' title='bbox 1613 302 1625 338; x_wconf 94' lang='lat'>;</span> <span class='ocrx_word' id='word_1_22' title='bbox 1659 285 1770 346; x_wconf 76' lang='lat' dir='ltr'><strong>quid</strong></span> <span class='ocrx_word' id='word_1_23' title='bbox 1801 293 1921 333; x_wconf 59' lang='lat' dir='ltr'><strong>vetat</strong></span> 
     </span>
     <span class='ocr_line' id='line_1_3' title="bbox 151 346 1923 417; baseline -0.002 -16"><span class='ocrx_word' id='word_1_24' title='bbox 151 371 245 417; x_wconf 91' lang='lat' dir='ltr'><strong>quo</strong></span> <span class='ocrx_word' id='word_1_25' title='bbox 281 354 430 413; x_wconf 85' lang='lat' dir='ltr'><strong>minus</strong></span> <span class='ocrx_word' id='word_1_26' title='bbox 456 359 495 398; x_wconf 73' lang='grc' dir='ltr'><strong>δι</strong></span> <span class='ocrx_word' id='word_1_27' title='bbox 533 352 626 414; x_wconf 90' lang='lat' dir='ltr'><strong>ipse</strong></span> <span class='ocrx_word' id='word_1_28' title='bbox 648 352 705 396; x_wconf 87' lang='lat' dir='ltr'><strong>de</strong></span> <span class='ocrx_word' id='word_1_29' title='bbox 731 350 1233 414; x_wconf 79' lang='lat' dir='ltr'><strong>magistratujudicare‚</strong></span> <span class='ocrx_word' id='word_1_30' title='bbox 1272 355 1310 395; x_wconf 74' lang='grc' dir='ltr'><strong>ἅτ</strong></span> <span class='ocrx_word' id='word_1_31' title='bbox 1330 348 1507 408; x_wconf 77' lang='lat' dir='ltr'><strong>judices</strong></span> <span class='ocrx_word' id='word_1_32' title='bbox 1530 348 1570 394; x_wconf 88' lang='lat' dir='ltr'><strong>ei</strong></span> <span class='ocrx_word' id='word_1_33' title='bbox 1597 346 1711 393; x_wconf 79' lang='lat' dir='ltr'><strong>ferre</strong></span> <span class='ocrx_word' id='word_1_34' title='bbox 1735 365 1871 411; x_wconf 79' lang='lat' dir='ltr'><strong>queat</strong></span> <span class='ocrx_word' id='word_1_35' title='bbox 1904 355 1923 396; x_wconf 87' lang='lat'>?</span> 
     </span>
     <span class='ocr_line' id='line_1_4' title="bbox 156 412 1928 478; baseline -0.002 -13"><span class='ocrx_word' id='word_1_36' title='bbox 156 431 236 465; x_wconf 88' lang='lat' dir='ltr'><strong>aut</strong></span> <span class='ocrx_word' id='word_1_37' title='bbox 259 420 289 465; x_wconf 88' lang='lat' dir='ltr'><strong>fi</strong></span> <span class='ocrx_word' id='word_1_38' title='bbox 312 416 516 464; x_wconf 70' lang='lat' dir='ltr'><strong>Tribuni</strong></span> <span class='ocrx_word' id='word_1_39' title='bbox 541 415 687 478; x_wconf 70' lang='lat' dir='ltr'><strong>plebis</strong></span> <span class='ocrx_word' id='word_1_40' title='bbox 710 414 933 468; x_wconf 86' lang='lat' dir='ltr'><strong>Romani,</strong></span> <span class='ocrx_word' id='word_1_41' title='bbox 965 418 1013 464; x_wconf 73' lang='grc' dir='ltr'><strong>δε</strong></span> <span class='ocrx_word' id='word_1_42' title='bbox 1037 415 1211 476; x_wconf 81' lang='lat' dir='ltr'>Ephori</span> <span class='ocrx_word' id='word_1_43' title='bbox 1237 412 1561 460; x_wconf 58' lang='lat' dir='ltr'><strong>Lacessemonii</strong></span> <span class='ocrx_word' id='word_1_44' title='bbox 1586 412 1641 459; x_wconf 88' lang='lat' dir='ltr'><strong>ad</strong></span> <span class='ocrx_word' id='word_1_45' title='bbox 1666 413 1928 461; x_wconf 82' lang='lat' dir='ltr'><strong>leniendam</strong></span> 
     </span>
     <span class='ocr_line' id='line_1_5' title="bbox 152 476 1928 544; baseline -0.002 -15"><span class='ocrx_word' id='word_1_46' title='bbox 152 482 248 529; x_wconf 74' lang='lat' dir='ltr'><strong>vim</strong></span> <span class='ocrx_word' id='word_1_47' title='bbox 268 480 451 544; x_wconf 83' lang='lat' dir='ltr'><strong>imperii</strong></span> <span class='ocrx_word' id='word_1_48' title='bbox 466 479 566 526; x_wconf 80' lang='lat' dir='ltr'><strong>sunt</strong></span> <span class='ocrx_word' id='word_1_49' title='bbox 586 479 779 542; x_wconf 75' lang='lat' dir='ltr'><strong>quaeliti,</strong></span> <span class='ocrx_word' id='word_1_50' title='bbox 796 478 1068 541; x_wconf 87' lang='lat' dir='ltr'><strong>iniquumne</strong></span> <span class='ocrx_word' id='word_1_51' title='bbox 1083 480 1299 541; x_wconf 77' lang='lat' dir='ltr'>cuiquam</span> <span class='ocrx_word' id='word_1_52' title='bbox 1320 476 1464 523; x_wconf 85' lang='lat' dir='ltr'><strong>videri</strong></span> <span class='ocrx_word' id='word_1_53' title='bbox 1482 478 1636 529; x_wconf 88' lang='lat' dir='ltr'><strong>debet,</strong></span> <span class='ocrx_word' id='word_1_54' title='bbox 1656 477 1685 524; x_wconf 78' lang='lat' dir='ltr'>fi</span> <span class='ocrx_word' id='word_1_55' title='bbox 1705 477 1822 524; x_wconf 61' lang='lat' dir='ltr'><strong>liber</strong></span> <span class='ocrx_word' id='word_1_56' title='bbox 1845 492 1928 539; x_wconf 91' lang='lat' dir='ltr'><strong>po-</strong></span> 
     </span>
     <span class='ocr_line' id='line_1_6' title="bbox 150 542 1930 608; baseline -0.002 -16"><span class='ocrx_word' id='word_1_57' title='bbox 150 547 286 608; x_wconf 78' lang='lat' dir='ltr'><strong>pulus</strong></span> <span class='ocrx_word' id='word_1_58' title='bbox 310 558 387 591; x_wconf 87' lang='lat' dir='ltr'><strong>aut</strong></span> <span class='ocrx_word' id='word_1_59' title='bbox 410 544 544 592; x_wconf 67' lang='lat' dir='ltr'><strong>simili</strong></span> <span class='ocrx_word' id='word_1_60' title='bbox 566 556 645 589; x_wconf 83' lang='lat' dir='ltr'><strong>aut</strong></span> <span class='ocrx_word' id='word_1_61' title='bbox 667 543 804 589; x_wconf 84' lang='lat' dir='ltr'><strong>etiam</strong></span> <span class='ocrx_word' id='word_1_62' title='bbox 831 543 1001 589; x_wconf 88' lang='lat' dir='ltr'><strong>diversa</strong></span> <span class='ocrx_word' id='word_1_63' title='bbox 1023 546 1198 590; x_wconf 87' lang='lat' dir='ltr'><strong>ratione</strong></span> <span class='ocrx_word' id='word_1_64' title='bbox 1219 544 1264 589; x_wconf 89' lang='lat' dir='ltr'><strong>in</strong></span> <span class='ocrx_word' id='word_1_65' title='bbox 1286 542 1576 604; x_wconf 86' lang='lat' dir='ltr'><strong>reprimenda</strong></span> <span class='ocrx_word' id='word_1_66' title='bbox 1599 542 1849 603; x_wconf 76' lang='lat' dir='ltr'><strong>tyrannid³s</strong></span> <span class='ocrx_word' id='word_1_67' title='bbox 1881 560 1930 588; x_wconf 81' lang='lat' dir='ltr'><strong>a-</strong></span> 
     </span>
     <span class='ocr_line' id='line_1_7' title="bbox 154 605 1928 672; baseline -0.002 -16"><span class='ocrx_word' id='word_1_68' title='bbox 154 609 376 656; x_wconf 75' lang='lat' dir='ltr'><strong>cerbitate</strong></span> <span class='ocrx_word' id='word_1_69' title='bbox 398 608 478 654; x_wconf 82' lang='lat' dir='ltr'><strong>fibi</strong></span> <span class='ocrx_word' id='word_1_70' title='bbox 498 608 778 672; x_wconf 86' lang='lat' dir='ltr'><strong>prospexerit</strong></span> <span class='ocrx_word' id='word_1_71' title='bbox 803 611 819 653; x_wconf 74' lang='grc' dir='ltr'><strong><em>ἓ</em></strong></span> <span class='ocrx_word' id='word_1_72' title='bbox 889 605 957 654; x_wconf 86' lang='grc' dir='ltr'><strong>Μ.</strong></span> <span class='ocrx_word' id='word_1_73' title='bbox 994 608 1086 654; x_wconf 81' lang='lat' dir='ltr'><strong>Hic</strong></span> <span class='ocrx_word' id='word_1_74' title='bbox 1109 624 1196 672; x_wconf 85' lang='lat' dir='ltr'><strong>ego</strong></span> <span class='ocrx_word' id='word_1_75' title='bbox 1222 606 1554 668; x_wconf 75' lang='lat' dir='ltr'>propemodum</span> <span class='ocrx_word' id='word_1_76' title='bbox 1575 605 1729 652; x_wconf 90' lang='lat' dir='ltr'><strong>videre</strong></span> <span class='ocrx_word' id='word_1_77' title='bbox 1752 607 1928 661; x_wconf 85' lang='lat' dir='ltr'><strong>videor,</strong></span> 
     </span>
     <span class='ocr_line' id='line_1_8' title="bbox 148 669 1924 736; baseline -0.001 -16"><span class='ocrx_word' id='word_1_78' title='bbox 148 674 264 736; x_wconf 79' lang='lat' dir='ltr'><strong>quid</strong></span> <span class='ocrx_word' id='word_1_79' title='bbox 285 673 483 736; x_wconf 88' lang='lat' dir='ltr'><strong>populus</strong></span> <span class='ocrx_word' id='word_1_80' title='bbox 508 672 634 734; x_wconf 79' lang='lat' dir='ltr'><strong>poffit</strong></span> <span class='ocrx_word' id='word_1_81' title='bbox 662 690 673 719; x_wconf 87' lang='lat'><strong>:</strong></span> <span class='ocrx_word' id='word_1_82' title='bbox 698 673 812 734; x_wconf 81' lang='lat' dir='ltr'><strong>quid</strong></span> <span class='ocrx_word' id='word_1_83' title='bbox 834 683 985 718; x_wconf 87' lang='lat' dir='ltr'><strong>autem</strong></span> <span class='ocrx_word' id='word_1_84' title='bbox 1012 671 1139 726; x_wconf 86' lang='lat' dir='ltr'><strong>velit,</strong></span> <span class='ocrx_word' id='word_1_85' title='bbox 1166 684 1242 718; x_wconf 84' lang='lat' dir='ltr'><strong>aut</strong></span> <span class='ocrx_word' id='word_1_86' title='bbox 1265 671 1396 725; x_wconf 88' lang='lat' dir='ltr'><strong>ferat,</strong></span> <span class='ocrx_word' id='word_1_87' title='bbox 1423 670 1608 716; x_wconf 77' lang='lat' dir='ltr'><strong>difficile</strong></span> <span class='ocrx_word' id='word_1_88' title='bbox 1626 670 1685 716; x_wconf 92' lang='lat' dir='ltr'><strong>est</strong></span> <span class='ocrx_word' id='word_1_89' title='bbox 1702 669 1924 730; x_wconf 76' lang='lat' dir='ltr'><strong>judicare.</strong></span> 
     </span>
     <span class='ocr_line' id='line_1_9' title="bbox 148 734 1935 799; baseline 0.001 -16"><span class='ocrx_word' id='word_1_90' title='bbox 148 738 304 799; x_wconf 88' lang='lat' dir='ltr'><strong>Major</strong></span> <span class='ocrx_word' id='word_1_91' title='bbox 324 737 447 783; x_wconf 87' lang='lat' dir='ltr'><strong>enim</strong></span> <span class='ocrx_word' id='word_1_92' title='bbox 471 754 572 797; x_wconf 84' lang='lat' dir='ltr'><strong>pars</strong></span> <span class='ocrx_word' id='word_1_93' title='bbox 598 736 689 782; x_wconf 86' lang='lat' dir='ltr'><strong>sere</strong></span> <span class='ocrx_word' id='word_1_94' title='bbox 715 749 865 782; x_wconf 74' lang='lat' dir='ltr'><strong>vetera</strong></span> <span class='ocrx_word' id='word_1_95' title='bbox 888 742 926 782; x_wconf 74' lang='grc' dir='ltr'><strong>δι</strong></span> <span class='ocrx_word' id='word_1_96' title='bbox 951 736 1162 783; x_wconf 85' lang='lat' dir='ltr'><strong>consueta</strong></span> <span class='ocrx_word' id='word_1_97' title='bbox 1183 735 1392 798; x_wconf 79' lang='lat' dir='ltr'><strong>requirit,</strong></span> <span class='ocrx_word' id='word_1_98' title='bbox 1418 751 1442 780; x_wconf 84' lang='lat' dir='ltr'><strong>a</strong></span> <span class='ocrx_word' id='word_1_99' title='bbox 1467 734 1667 780; x_wconf 87' lang='lat' dir='ltr'><strong>novitate</strong></span> <span class='ocrx_word' id='word_1_100' title='bbox 1694 735 1935 784; x_wconf 74' lang='lat' dir='ltr'><strong>abhorret:</strong></span> 
     </span>
     <span class='ocr_line' id='line_1_10' title="bbox 147 798 1930 864; baseline 0.001 -16"><span class='ocrx_word' id='word_1_101' title='bbox 147 802 275 863; x_wconf 87' lang='lat' dir='ltr'><strong>quod</strong></span> <span class='ocrx_word' id='word_1_102' title='bbox 299 818 354 848; x_wconf 91' lang='lat' dir='ltr'><strong>eo</strong></span> <span class='ocrx_word' id='word_1_103' title='bbox 384 801 529 862; x_wconf 83' lang='lat' dir='ltr'><strong>magis</strong></span> <span class='ocrx_word' id='word_1_104' title='bbox 551 800 809 846; x_wconf 85' lang='lat' dir='ltr'><strong>mirandum</strong></span> <span class='ocrx_word' id='word_1_105' title='bbox 830 800 908 855; x_wconf 84' lang='lat' dir='ltr'><strong>est,</strong></span> <span class='ocrx_word' id='word_1_106' title='bbox 936 817 1038 847; x_wconf 84' lang='lat' dir='ltr'><strong>cum</strong></span> <span class='ocrx_word' id='word_1_107' title='bbox 1064 801 1110 847; x_wconf 90' lang='lat' dir='ltr'><strong>in</strong></span> <span class='ocrx_word' id='word_1_108' title='bbox 1134 801 1265 853; x_wconf 84' lang='lat' dir='ltr'>cibis,</span> <span class='ocrx_word' id='word_1_109' title='bbox 1303 798 1485 854; x_wconf 71' lang='lat' dir='ltr'><strong>vestitu,</strong></span> <span class='ocrx_word' id='word_1_110' title='bbox 1512 799 1715 846; x_wconf 80' lang='lat' dir='ltr'><strong>aedificiis</strong></span> <span class='ocrx_word' id='word_1_111' title='bbox 1740 813 1930 864; x_wconf 80' lang='lat' dir='ltr'><strong>totoque</strong></span> 
     </span>
     <span class='ocr_line' id='line_1_11' title="bbox 152 864 1302 929; baseline -0.001 -18"><span class='ocrx_word' id='word_1_112' title='bbox 152 864 442 929; x_wconf 66' lang='lat' dir='ltr'><strong>supellectilis</strong></span> <span class='ocrx_word' id='word_1_113' title='bbox 464 866 763 912; x_wconf 80' lang='lat' dir='ltr'><strong>instrumento</strong></span> <span class='ocrx_word' id='word_1_114' title='bbox 790 874 914 911; x_wconf 81' lang='lat' dir='ltr'><strong>tanta</strong></span> <span class='ocrx_word' id='word_1_115' title='bbox 938 866 964 911; x_wconf 85' lang='lat' dir='ltr'>fi</span> <span class='ocrx_word' id='word_1_116' title='bbox 989 865 1302 912; x_wconf 86' lang='lat' dir='ltr'><strong>inconstantia.</strong></span> 
     </span>
    </p>

    <p class='ocr_par' dir='ltr' id='par_1_2' title="bbox 147 927 1933 2540">
     <span class='ocr_line' id='line_1_12' title="bbox 215 927 1930 992; baseline 0.001 -17"><span class='ocrx_word' id='word_1_117' title='bbox 215 929 441 978; x_wconf 74' lang='lat' dir='ltr'>LXXIX.</span> <span class='ocrx_word' id='word_1_118' title='bbox 480 936 532 978; x_wconf 85' lang='lat' dir='ltr'><strong>B.</strong></span> <span class='ocrx_word' id='word_1_119' title='bbox 569 929 687 976; x_wconf 86' lang='lat' dir='ltr'><strong>Noli</strong></span> <span class='ocrx_word' id='word_1_120' title='bbox 714 941 872 992; x_wconf 87' lang='lat' dir='ltr'><strong>putare</strong></span> <span class='ocrx_word' id='word_1_121' title='bbox 896 930 993 975; x_wconf 67' lang='lat' dir='ltr'><strong>haez:</strong></span> <span class='ocrx_word' id='word_1_122' title='bbox 1017 946 1041 975; x_wconf 89' lang='lat' dir='ltr'><strong>a</strong></span> <span class='ocrx_word' id='word_1_123' title='bbox 1066 946 1136 975; x_wconf 87' lang='lat' dir='ltr'><strong>me</strong></span> <span class='ocrx_word' id='word_1_124' title='bbox 1160 930 1280 976; x_wconf 64' lang='lat' dir='ltr'><strong>dieta</strong></span> <span class='ocrx_word' id='word_1_125' title='bbox 1301 929 1400 982; x_wconf 81' lang='lat' dir='ltr'><strong>esse,</strong></span> <span class='ocrx_word' id='word_1_126' title='bbox 1425 929 1547 990; x_wconf 90' lang='lat' dir='ltr'><strong>quod</strong></span> <span class='ocrx_word' id='word_1_127' title='bbox 1573 927 1819 991; x_wconf 84' lang='lat' dir='ltr'><strong>quicquam</strong></span> <span class='ocrx_word' id='word_1_128' title='bbox 1846 943 1930 977; x_wconf 88' lang='lat' dir='ltr'><strong>no-</strong></span> 
     </span>
     <span class='ocr_line' id='line_1_13' title="bbox 148 991 1929 1057; baseline 0.001 -17"><span class='ocrx_word' id='word_1_129' title='bbox 148 993 196 1041; x_wconf 83' lang='lat' dir='ltr'><strong>vi</strong></span> <span class='ocrx_word' id='word_1_130' title='bbox 222 994 268 1040; x_wconf 87' lang='lat' dir='ltr'><strong>in</strong></span> <span class='ocrx_word' id='word_1_131' title='bbox 292 995 380 1041; x_wconf 91' lang='lat' dir='ltr'><strong>hoc</strong></span> <span class='ocrx_word' id='word_1_132' title='bbox 403 1011 570 1057; x_wconf 86' lang='lat' dir='ltr'><strong>genere</strong></span> <span class='ocrx_word' id='word_1_133' title='bbox 594 994 691 1040; x_wconf 88' lang='lat' dir='ltr'><strong>fieri</strong></span> <span class='ocrx_word' id='word_1_134' title='bbox 713 993 870 1046; x_wconf 84' lang='lat' dir='ltr'><strong>velim,</strong></span> <span class='ocrx_word' id='word_1_135' title='bbox 915 993 987 1040; x_wconf 84' lang='lat' dir='ltr'><strong>sed</strong></span> <span class='ocrx_word' id='word_1_136' title='bbox 1011 1006 1060 1040; x_wconf 89' lang='lat' dir='ltr'><strong>ut</strong></span> <span class='ocrx_word' id='word_1_137' title='bbox 1081 995 1359 1040; x_wconf 86' lang='lat' dir='ltr'><strong>ostenderem</strong></span> <span class='ocrx_word' id='word_1_138' title='bbox 1383 991 1431 1038; x_wconf 89' lang='lat' dir='ltr'><strong>id</strong></span> <span class='ocrx_word' id='word_1_139' title='bbox 1455 1000 1582 1039; x_wconf 85' lang='lat' dir='ltr'><strong>vetus</strong></span> <span class='ocrx_word' id='word_1_140' title='bbox 1606 993 1803 1040; x_wconf 61' lang='lat' dir='ltr'><strong>fuissent</strong></span> <span class='ocrx_word' id='word_1_141' title='bbox 1827 996 1929 1041; x_wconf 67' lang='lat' dir='ltr'><strong>Rex</strong></span> 
     </span>
     <span class='ocr_line' id='line_1_14' title="bbox 147 1057 1930 1121; baseline 0.001 -16"><span class='ocrx_word' id='word_1_142' title='bbox 147 1060 271 1121; x_wconf 77' lang='lat' dir='ltr'><strong>apud</strong></span> <span class='ocrx_word' id='word_1_143' title='bbox 293 1059 471 1118; x_wconf 77' lang='lat' dir='ltr'><strong>judices</strong></span> <span class='ocrx_word' id='word_1_144' title='bbox 503 1058 677 1105; x_wconf 86' lang='lat' dir='ltr'><strong>causam</strong></span> <span class='ocrx_word' id='word_1_145' title='bbox 701 1057 874 1104; x_wconf 84' lang='lat' dir='ltr'><strong>diceret</strong></span> <span class='ocrx_word' id='word_1_146' title='bbox 898 1076 909 1104; x_wconf 89' lang='lat'>:</span> <span class='ocrx_word' id='word_1_147' title='bbox 942 1059 1068 1120; x_wconf 84' lang='lat' dir='ltr'><strong>quod</strong></span> <span class='ocrx_word' id='word_1_148' title='bbox 1092 1071 1140 1104; x_wconf 89' lang='lat' dir='ltr'><strong>tu</strong></span> <span class='ocrx_word' id='word_1_149' title='bbox 1162 1065 1193 1120; x_wconf 69' lang='lat' dir='ltr'><strong>‘p</strong></span> <span class='ocrx_word' id='word_1_150' title='bbox 1205 1059 1503 1119; x_wconf 82' lang='lat' dir='ltr'><strong>ropemodum</strong></span> <span class='ocrx_word' id='word_1_151' title='bbox 1528 1058 1814 1113; x_wconf 80' lang='lat' dir='ltr'><strong>incredibile,</strong></span> <span class='ocrx_word' id='word_1_152' title='bbox 1850 1077 1930 1106; x_wconf 90' lang='lat' dir='ltr'><strong>ne-</strong></span> 
     </span>
     <span class='ocr_line' id='line_1_15' title="bbox 150 1121 1930 1185; baseline 0 -15"><span class='ocrx_word' id='word_1_153' title='bbox 150 1124 265 1170; x_wconf 85' lang='lat' dir='ltr'><strong>dum</strong></span> <span class='ocrx_word' id='word_1_154' title='bbox 306 1139 477 1169; x_wconf 86' lang='lat' dir='ltr'><strong>novum</strong></span> <span class='ocrx_word' id='word_1_155' title='bbox 500 1122 731 1170; x_wconf 74' lang='lat' dir='ltr'><strong>credebas.</strong></span> <span class='ocrx_word' id='word_1_156' title='bbox 798 1122 922 1169; x_wconf 81' lang='lat' dir='ltr'><strong>Nam</strong></span> <span class='ocrx_word' id='word_1_157' title='bbox 962 1134 1010 1169; x_wconf 82' lang='lat' dir='ltr'><strong>ut</strong></span> <span class='ocrx_word' id='word_1_158' title='bbox 1034 1125 1243 1169; x_wconf 85' lang='lat' dir='ltr'><strong>omittam</strong></span> <span class='ocrx_word' id='word_1_159' title='bbox 1267 1122 1449 1184; x_wconf 31' lang='lat' dir='ltr'><strong>quoties·</strong></span> <span class='ocrx_word' id='word_1_160' title='bbox 1468 1121 1512 1167; x_wconf 84' lang='lat' dir='ltr'><strong>id</strong></span> <span class='ocrx_word' id='word_1_161' title='bbox 1541 1122 1705 1168; x_wconf 65' lang='lat' dir='ltr'><strong>factum</strong></span> <span class='ocrx_word' id='word_1_162' title='bbox 1734 1124 1784 1169; x_wconf 85' lang='lat' dir='ltr'><strong>fit</strong></span> <span class='ocrx_word' id='word_1_163' title='bbox 1806 1125 1930 1185; x_wconf 84' lang='lat' dir='ltr'><strong>apud</strong></span> 
     </span>
     <span class='ocr_line' id='line_1_16' title="bbox 154 1184 1930 1250; baseline 0.001 -18"><span class='ocrx_word' id='word_1_164' title='bbox 154 1189 368 1247; x_wconf 87' lang='lat' dir='ltr'><strong>majores,</strong></span> <span class='ocrx_word' id='word_1_165' title='bbox 397 1187 459 1234; x_wconf 89' lang='lat' dir='ltr'><strong>uti</strong></span> <span class='ocrx_word' id='word_1_166' title='bbox 483 1201 587 1234; x_wconf 89' lang='lat' dir='ltr'><strong>ante</strong></span> <span class='ocrx_word' id='word_1_167' title='bbox 606 1205 631 1233; x_wconf 89' lang='lat' dir='ltr'><strong>a</strong></span> <span class='ocrx_word' id='word_1_168' title='bbox 654 1187 783 1233; x_wconf 91' lang='lat' dir='ltr'><strong>nobis</strong></span> <span class='ocrx_word' id='word_1_169' title='bbox 807 1187 961 1248; x_wconf 82' lang='lat' dir='ltr'><strong>aliqua</strong></span> <span class='ocrx_word' id='word_1_170' title='bbox 982 1203 1038 1233; x_wconf 80' lang='lat' dir='ltr'><strong>ex</strong></span> <span class='ocrx_word' id='word_1_171' title='bbox 1061 1201 1187 1250; x_wconf 85' lang='lat' dir='ltr'><strong>parte</strong></span> <span class='ocrx_word' id='word_1_172' title='bbox 1210 1187 1382 1233; x_wconf 56' lang='lat' dir='ltr'><strong>dictum</strong></span> <span class='ocrx_word' id='word_1_173' title='bbox 1407 1184 1487 1241; x_wconf 86' lang='lat' dir='ltr'><strong>est,</strong></span> <span class='ocrx_word' id='word_1_174' title='bbox 1526 1191 1565 1233; x_wconf 72' lang='lat'><strong>32</strong></span> <span class='ocrx_word' id='word_1_175' title='bbox 1588 1198 1684 1233; x_wconf 80' lang='lat' dir='ltr'><strong>tute</strong></span> <span class='ocrx_word' id='word_1_176' title='bbox 1707 1204 1763 1233; x_wconf 83' lang='lat' dir='ltr'><strong>ex</strong></span> <span class='ocrx_word' id='word_1_177' title='bbox 1793 1187 1930 1235; x_wconf 75' lang='lat' dir='ltr'><strong>histo-</strong></span> 
     </span>
     <span class='ocr_line' id='line_1_17' title="bbox 149 1248 1930 1315; baseline -0.002 -17"><span class='ocrx_word' id='word_1_178' title='bbox 149 1251 222 1298; x_wconf 71' lang='lat' dir='ltr'><strong>ria</strong></span> <span class='ocrx_word' id='word_1_179' title='bbox 241 1252 373 1297; x_wconf 86' lang='lat' dir='ltr'><strong>facile</strong></span> <span class='ocrx_word' id='word_1_180' title='bbox 396 1248 614 1315; x_wconf 70' lang='lat' dir='ltr'><strong>coiligere</strong></span> <span class='ocrx_word' id='word_1_181' title='bbox 650 1265 795 1314; x_wconf 81' lang='lat' dir='ltr'><strong>petes,</strong></span> <span class='ocrx_word' id='word_1_182' title='bbox 843 1250 1063 1298; x_wconf 85' lang='lat' dir='ltr'><strong>audistine</strong></span> <span class='ocrx_word' id='word_1_183' title='bbox 1088 1264 1286 1314; x_wconf 78' lang='lat' dir='ltr'><strong>unquam</strong></span> <span class='ocrx_word' id='word_1_184' title='bbox 1312 1251 1368 1297; x_wconf 89' lang='lat' dir='ltr'><strong>ab</strong></span> <span class='ocrx_word' id='word_1_185' title='bbox 1391 1250 1452 1296; x_wconf 90' lang='lat' dir='ltr'><strong>eis</strong></span> <span class='ocrx_word' id='word_1_186' title='bbox 1476 1250 1555 1312; x_wconf 86' lang='lat' dir='ltr'><strong>qui</strong></span> <span class='ocrx_word' id='word_1_187' title='bbox 1579 1252 1635 1297; x_wconf 91' lang='lat' dir='ltr'><strong>de</strong></span> <span class='ocrx_word' id='word_1_188' title='bbox 1657 1268 1800 1313; x_wconf 68' lang='lat' dir='ltr'><strong>regno</strong></span> <span class='ocrx_word' id='word_1_189' title='bbox 1818 1269 1930 1299; x_wconf 89' lang='lat' dir='ltr'><strong>con-</strong></span> 
     </span>
     <span class='ocr_line' id='line_1_18' title="bbox 152 1315 1930 1376; baseline 0.001 -13"><span class='ocrx_word' id='word_1_190' title='bbox 152 1316 410 1370; x_wconf 85' lang='lat' dir='ltr'><strong>tenderent,</strong></span> <span class='ocrx_word' id='word_1_191' title='bbox 436 1317 549 1363; x_wconf 88' lang='lat' dir='ltr'><strong>itum</strong></span> <span class='ocrx_word' id='word_1_192' title='bbox 575 1317 660 1362; x_wconf 82' lang='lat' dir='ltr'><strong>effe</strong></span> <span class='ocrx_word' id='word_1_193' title='bbox 682 1316 737 1361; x_wconf 84' lang='lat' dir='ltr'><strong>ad</strong></span> <span class='ocrx_word' id='word_1_194' title='bbox 761 1315 954 1361; x_wconf 78' lang='lat' dir='ltr'><strong>arbitros</strong></span> <span class='ocrx_word' id='word_1_195' title='bbox 981 1319 997 1361; x_wconf 83' lang='lat'>?</span> <span class='ocrx_word' id='word_1_196' title='bbox 1040 1323 1105 1362; x_wconf 58' lang='lat' dir='ltr'><strong>M.</strong></span> <span class='ocrx_word' id='word_1_197' title='bbox 1140 1317 1276 1376; x_wconf 83' lang='lat' dir='ltr'>Apud</span> <span class='ocrx_word' id='word_1_198' title='bbox 1305 1316 1453 1361; x_wconf 85' lang='lat' dir='ltr'><strong>Persas</strong></span> <span class='ocrx_word' id='word_1_199' title='bbox 1476 1315 1665 1376; x_wconf 88' lang='lat' dir='ltr'><strong>quidem</strong></span> <span class='ocrx_word' id='word_1_200' title='bbox 1689 1317 1735 1362; x_wconf 88' lang='lat' dir='ltr'><strong>id</strong></span> <span class='ocrx_word' id='word_1_201' title='bbox 1759 1319 1930 1364; x_wconf 52' lang='lat' dir='ltr'><strong>facium</strong></span> 
     </span>
     <span class='ocr_line' id='line_1_19' title="bbox 154 1378 1930 1441; baseline 0.001 -16"><span class='ocrx_word' id='word_1_202' title='bbox 154 1381 404 1441; x_wconf 81' lang='lat' dir='ltr'><strong>aliquando</strong></span> <span class='ocrx_word' id='word_1_203' title='bbox 430 1380 602 1426; x_wconf 75' lang='lat' dir='ltr'><strong>audivi.</strong></span> <span class='ocrx_word' id='word_1_204' title='bbox 677 1387 729 1429; x_wconf 81' lang='lat' dir='ltr'><strong>B.</strong></span> <span class='ocrx_word' id='word_1_205' title='bbox 769 1382 826 1426; x_wconf 76' lang='lat' dir='ltr'><strong>Et</strong></span> <span class='ocrx_word' id='word_1_206' title='bbox 866 1379 1001 1425; x_wconf 85' lang='lat' dir='ltr'><strong>nostri</strong></span> <span class='ocrx_word' id='word_1_207' title='bbox 1026 1378 1262 1440; x_wconf 83' lang='lat' dir='ltr'><strong>scriptores</strong></span> <span class='ocrx_word' id='word_1_208' title='bbox 1285 1379 1408 1426; x_wconf 82' lang='lat' dir='ltr'><strong>idem</strong></span> <span class='ocrx_word' id='word_1_209' title='bbox 1451 1396 1476 1425; x_wconf 88' lang='lat' dir='ltr'><strong>a</strong></span> <span class='ocrx_word' id='word_1_210' title='bbox 1501 1379 1669 1426; x_wconf 81' lang='lat' dir='ltr'><strong>Grimo</strong></span> <span class='ocrx_word' id='word_1_211' title='bbox 1693 1387 1731 1427; x_wconf 66' lang='grc' dir='ltr'><strong>ἅ»</strong></span> <span class='ocrx_word' id='word_1_212' title='bbox 1757 1381 1930 1427; x_wconf 82' lang='lat' dir='ltr'><strong>Milco·</strong></span> 
     </span>
     <span class='ocr_line' id='line_1_20' title="bbox 148 1443 1931 1507; baseline 0.001 -17"><span class='ocrx_word' id='word_1_213' title='bbox 148 1445 320 1490; x_wconf 75' lang='lat' dir='ltr'><strong>’lumbo</strong></span> <span class='ocrx_word' id='word_1_214' title='bbox 342 1445 557 1491; x_wconf 84' lang='lat' dir='ltr'><strong>Secundo</strong></span> <span class='ocrx_word' id='word_1_215' title='bbox 582 1444 747 1491; x_wconf 71' lang='lat' dir='ltr'><strong>faE’tum</strong></span> <span class='ocrx_word' id='word_1_216' title='bbox 770 1456 968 1490; x_wconf 73' lang='lat' dir='ltr'><strong>narrant.</strong></span> <span class='ocrx_word' id='word_1_217' title='bbox 1038 1443 1143 1498; x_wconf 89' lang='lat' dir='ltr'><strong>Sed,</strong></span> <span class='ocrx_word' id='word_1_218' title='bbox 1165 1453 1221 1490; x_wconf 89' lang='lat' dir='ltr'><strong>ne</strong></span> <span class='ocrx_word' id='word_1_219' title='bbox 1242 1443 1291 1490; x_wconf 84' lang='lat' dir='ltr'><strong>id</strong></span> <span class='ocrx_word' id='word_1_220' title='bbox 1313 1460 1456 1507; x_wconf 81' lang='lat' dir='ltr'><strong>genus</strong></span> <span class='ocrx_word' id='word_1_221' title='bbox 1475 1445 1764 1504; x_wconf 72' lang='lat' dir='ltr'><strong>cognitorum</strong></span> <span class='ocrx_word' id='word_1_222' title='bbox 1789 1463 1815 1491; x_wconf 90' lang='lat' dir='ltr'><strong>a</strong></span> <span class='ocrx_word' id='word_1_223' title='bbox 1837 1447 1931 1493; x_wconf 86' lang='lat' dir='ltr'><strong>liti-</strong></span> 
     </span>
     <span class='ocr_line' id='line_1_21' title="bbox 148 1507 1932 1571; baseline -0.001 -17"><span class='ocrx_word' id='word_1_224' title='bbox 148 1508 374 1570; x_wconf 80' lang='lat' dir='ltr'><strong>gantibus</strong></span> <span class='ocrx_word' id='word_1_225' title='bbox 398 1508 596 1571; x_wconf 87' lang='lat' dir='ltr'><strong>ipsorum</strong></span> <span class='ocrx_word' id='word_1_226' title='bbox 620 1507 833 1555; x_wconf 84' lang='lat' dir='ltr'><strong>consensu</strong></span> <span class='ocrx_word' id='word_1_227' title='bbox 861 1508 1014 1554; x_wconf 71' lang='lat' dir='ltr'><strong>assumi</strong></span> <span class='ocrx_word' id='word_1_228' title='bbox 1039 1508 1176 1556; x_wconf 81' lang='lat' dir='ltr'><strong>solere</strong></span> <span class='ocrx_word' id='word_1_229' title='bbox 1200 1508 1407 1562; x_wconf 73' lang='lat' dir='ltr'><strong>causeris,</strong></span> <span class='ocrx_word' id='word_1_230' title='bbox 1430 1509 1489 1555; x_wconf 80' lang='lat' dir='ltr'><strong>ad</strong></span> <span class='ocrx_word' id='word_1_231' title='bbox 1506 1509 1683 1569; x_wconf 78' lang='lat' dir='ltr'><strong>judices</strong></span> <span class='ocrx_word' id='word_1_232' title='bbox 1707 1510 1932 1557; x_wconf 54' lang='lat' dir='ltr'><strong>ordinari„</strong></span> 
     </span>
     <span class='ocr_line' id='line_1_22' title="bbox 148 1572 1930 1637; baseline 0.003 -20"><span class='ocrx_word' id='word_1_233' title='bbox 148 1588 206 1618; x_wconf 81' lang='lat' dir='ltr'><strong>os</strong></span> <span class='ocrx_word' id='word_1_234' title='bbox 225 1572 476 1619; x_wconf 86' lang='lat' dir='ltr'><strong>veniamus.</strong></span> <span class='ocrx_word' id='word_1_235' title='bbox 544 1575 614 1620; x_wconf 84' lang='lat' dir='ltr'><strong>M.</strong></span> <span class='ocrx_word' id='word_1_236' title='bbox 649 1573 745 1619; x_wconf 90' lang='lat' dir='ltr'><strong>Hic</strong></span> <span class='ocrx_word' id='word_1_237' title='bbox 766 1589 922 1620; x_wconf 87' lang='lat' dir='ltr'><strong>vereor</strong></span> <span class='ocrx_word' id='word_1_238' title='bbox 940 1589 997 1619; x_wconf 88' lang='lat' dir='ltr'><strong>ne</strong></span> <span class='ocrx_word' id='word_1_239' title='bbox 1015 1574 1349 1635; x_wconf 72' lang='lat' dir='ltr'><strong>propemodum</strong></span> <span class='ocrx_word' id='word_1_240' title='bbox 1373 1574 1496 1618; x_wconf 86' lang='lat' dir='ltr'><strong>idem</strong></span> <span class='ocrx_word' id='word_1_241' title='bbox 1520 1572 1676 1626; x_wconf 84' lang='lat' dir='ltr'><strong>facias,</strong></span> <span class='ocrx_word' id='word_1_242' title='bbox 1698 1576 1802 1637; x_wconf 77' lang='lat' dir='ltr'><strong>acsi</strong></span> <span class='ocrx_word' id='word_1_243' title='bbox 1828 1576 1930 1637; x_wconf 81' lang='lat' dir='ltr'><strong>quis</strong></span> 
     </span>
     <span class='ocr_line' id='line_1_23' title="bbox 151 1635 1920 1699; baseline 0.002 -17"><span class='ocrx_word' id='word_1_244' title='bbox 151 1635 198 1683; x_wconf 76' lang='lat' dir='ltr'><strong>in</strong></span> <span class='ocrx_word' id='word_1_245' title='bbox 224 1638 413 1684; x_wconf 79' lang='lat' dir='ltr'><strong>Oceano</strong></span> <span class='ocrx_word' id='word_1_246' title='bbox 451 1637 688 1699; x_wconf 75' lang='lat' dir='ltr'><strong>captandis</strong></span> <span class='ocrx_word' id='word_1_247' title='bbox 732 1637 917 1685; x_wconf 78' lang='lat' dir='ltr'><strong>balaenis</strong></span> <span class='ocrx_word' id='word_1_248' title='bbox 960 1637 1119 1684; x_wconf 80' lang='lat' dir='ltr'><strong>tendat</strong></span> <span class='ocrx_word' id='word_1_249' title='bbox 1140 1638 1266 1683; x_wconf 85' lang='lat' dir='ltr'><strong>retia.</strong></span> <span class='ocrx_word' id='word_1_250' title='bbox 1339 1644 1392 1686; x_wconf 76' lang='lat' dir='ltr'><strong>B.</strong></span> <span class='ocrx_word' id='word_1_251' title='bbox 1428 1638 1740 1698; x_wconf 49' lang='lat' dir='ltr'><strong>(Quamobrem</strong></span> <span class='ocrx_word' id='word_1_252' title='bbox 1765 1656 1872 1686; x_wconf 85' lang='lat' dir='ltr'><strong>vero</strong></span> <span class='ocrx_word' id='word_1_253' title='bbox 1903 1637 1920 1686; x_wconf 67' lang='grc' dir='ltr'>ἓ</span> 
     </span>
     <span class='ocr_line' id='line_1_24' title="bbox 151 1702 1930 1764; baseline 0.002 -16"><span class='ocrx_word' id='word_1_254' title='bbox 151 1707 223 1749; x_wconf 65' lang='lat' dir='ltr'><strong>As.</strong></span> <span class='ocrx_word' id='word_1_255' title='bbox 258 1702 382 1764; x_wconf 77' lang='lat' dir='ltr'><strong>Qia</strong></span> <span class='ocrx_word' id='word_1_256' title='bbox 403 1702 552 1748; x_wconf 84' lang='lat' dir='ltr'><strong>om&#39;nis</strong></span> <span class='ocrx_word' id='word_1_257' title='bbox 575 1702 828 1764; x_wconf 72' lang='lat' dir='ltr'><strong>prehensio,</strong></span> <span class='ocrx_word' id='word_1_258' title='bbox 857 1702 1090 1755; x_wconf 75' lang='lat' dir='ltr'><strong>coercitio,</strong></span> <span class='ocrx_word' id='word_1_259' title='bbox 1123 1702 1451 1748; x_wconf 72' lang='lat' dir='ltr'><strong>animadversio</strong></span> <span class='ocrx_word' id='word_1_260' title='bbox 1477 1703 1743 1762; x_wconf 73' lang='lat' dir='ltr'><strong>potentioris</strong></span> <span class='ocrx_word' id='word_1_261' title='bbox 1767 1705 1826 1748; x_wconf 89' lang='lat' dir='ltr'><strong>est</strong></span> <span class='ocrx_word' id='word_1_262' title='bbox 1849 1705 1930 1751; x_wconf 88' lang='lat' dir='ltr'><strong>ad-</strong></span> 
     </span>
     <span class='ocr_line' id='line_1_25' title="bbox 150 1766 1931 1829; baseline 0.004 -20"><span class='ocrx_word' id='word_1_263' title='bbox 150 1766 306 1812; x_wconf 70' lang='lat' dir='ltr'><strong>-versu&#39;s</strong></span> <span class='ocrx_word' id='word_1_264' title='bbox 329 1766 579 1814; x_wconf 83' lang='lat' dir='ltr'><strong>inferiores.</strong></span> <span class='ocrx_word' id='word_1_265' title='bbox 651 1768 824 1829; x_wconf 82' lang='lat' dir='ltr'><strong>Regem</strong></span> <span class='ocrx_word' id='word_1_266' title='bbox 846 1780 956 1813; x_wconf 90' lang='lat' dir='ltr'><strong>vero</strong></span> <span class='ocrx_word' id='word_1_267' title='bbox 979 1767 1036 1812; x_wconf 89' lang='lat' dir='ltr'><strong>ad</strong></span> <span class='ocrx_word' id='word_1_268' title='bbox 1058 1783 1172 1829; x_wconf 87' lang='lat' dir='ltr'><strong>quos</strong></span> <span class='ocrx_word' id='word_1_269' title='bbox 1202 1767 1381 1828; x_wconf 87' lang='lat' dir='ltr'><strong>judices</strong></span> <span class='ocrx_word' id='word_1_270' title='bbox 1421 1767 1564 1813; x_wconf 82' lang='lat' dir='ltr'><strong>adeffe</strong></span> <span class='ocrx_word' id='word_1_271' title='bbox 1580 1766 1765 1827; x_wconf 81' lang='lat' dir='ltr'><strong>jubebis</strong></span> <span class='ocrx_word' id='word_1_272' title='bbox 1792 1771 1808 1814; x_wconf 86' lang='lat'>?</span> <span class='ocrx_word' id='word_1_273' title='bbox 1854 1771 1931 1816; x_wconf 80' lang='lat' dir='ltr'><strong>Ad</strong></span> 
     </span>
     <span class='ocr_line' id='line_1_26' title="bbox 153 1830 1928 1894; baseline 0.003 -20"><span class='ocrx_word' id='word_1_274' title='bbox 153 1830 286 1876; x_wconf 88' lang='lat' dir='ltr'><strong>eosne</strong></span> <span class='ocrx_word' id='word_1_275' title='bbox 312 1830 357 1876; x_wconf 82' lang='lat' dir='ltr'><strong>in</strong></span> <span class='ocrx_word' id='word_1_276' title='bbox 376 1848 491 1894; x_wconf 88' lang='lat' dir='ltr'><strong>quos</strong></span> <span class='ocrx_word' id='word_1_277' title='bbox 515 1832 596 1894; x_wconf 75' lang='lat' dir='ltr'><strong>ipsi</strong></span> <span class='ocrx_word' id='word_1_278' title='bbox 621 1830 795 1878; x_wconf 83' lang='lat' dir='ltr'><strong>summa</strong></span> <span class='ocrx_word' id='word_1_279' title='bbox 812 1830 1051 1892; x_wconf 83' lang='lat' dir='ltr'><strong>judicandi</strong></span> <span class='ocrx_word' id='word_1_280' title='bbox 1067 1832 1126 1877; x_wconf 88' lang='lat' dir='ltr'><strong>est</strong></span> <span class='ocrx_word' id='word_1_281' title='bbox 1146 1832 1334 1893; x_wconf 86' lang='lat' dir='ltr'><strong>potestas</strong></span> <span class='ocrx_word' id='word_1_282' title='bbox 1360 1834 1377 1877; x_wconf 71' lang='grc' dir='ltr'><strong>,Ρ</strong></span> <span class='ocrx_word' id='word_1_283' title='bbox 1414 1847 1529 1892; x_wconf 88' lang='lat' dir='ltr'><strong>quos</strong></span> <span class='ocrx_word' id='word_1_284' title='bbox 1555 1847 1645 1877; x_wconf 90' lang='lat' dir='ltr'><strong>uno</strong></span> <span class='ocrx_word' id='word_1_285' title='bbox 1668 1831 1748 1878; x_wconf 72' lang='lat' dir='ltr'><strong>illo</strong></span> <span class='ocrx_word' id='word_1_286' title='bbox 1773 1833 1928 1890; x_wconf 88' lang='lat' dir='ltr'><strong>verbo,</strong></span> 
     </span>
     <span class='ocr_line' id='line_1_27' title="bbox 153 1895 1932 1959; baseline 0.002 -18"><span class='ocrx_word' id='word_1_287' title='bbox 153 1895 239 1941; x_wconf 87' lang='lat' dir='ltr'><strong>VE</strong></span> <span class='ocrx_word' id='word_1_288' title='bbox 253 1896 356 1950; x_wconf 90' lang='grc' dir='ltr'><strong>ΓΟ,</strong></span> <span class='ocrx_word' id='word_1_289' title='bbox 392 1897 517 1954; x_wconf 82' lang='lat' dir='ltr'><strong>poffit</strong></span> <span class='ocrx_word' id='word_1_290' title='bbox 538 1896 821 1959; x_wconf 81' lang='lat' dir='ltr'><strong>compescere</strong></span> <span class='ocrx_word' id='word_1_291' title='bbox 854 1898 871 1941; x_wconf 85' lang='lat'>?</span> <span class='ocrx_word' id='word_1_292' title='bbox 905 1901 960 1945; x_wconf 87' lang='lat' dir='ltr'><strong>B.</strong></span> <span class='ocrx_word' id='word_1_293' title='bbox 999 1896 1124 1958; x_wconf 80' lang='lat' dir='ltr'><strong>Qid</strong></span> <span class='ocrx_word' id='word_1_294' title='bbox 1155 1897 1182 1941; x_wconf 78' lang='lat' dir='ltr'><strong>si</strong></span> <span class='ocrx_word' id='word_1_295' title='bbox 1207 1896 1350 1956; x_wconf 83' lang='lat' dir='ltr'><strong>major</strong></span> <span class='ocrx_word' id='word_1_296' title='bbox 1373 1895 1526 1958; x_wconf 87' lang='lat' dir='ltr'><strong>aliqua</strong></span> <span class='ocrx_word' id='word_1_297' title='bbox 1548 1897 1736 1958; x_wconf 85' lang='lat' dir='ltr'><strong>potestas</strong></span> <span class='ocrx_word' id='word_1_298' title='bbox 1762 1899 1932 1959; x_wconf 87' lang='lat' dir='ltr'><strong>reperi-</strong></span> 
     </span>
     <span class='ocr_line' id='line_1_28' title="bbox 152 1960 1929 2023; baseline 0.003 -19"><span class='ocrx_word' id='word_1_299' title='bbox 152 1971 275 2012; x_wconf 72' lang='lat' dir='ltr'><strong>atur,</strong></span> <span class='ocrx_word' id='word_1_300' title='bbox 296 1960 371 2006; x_wconf 88' lang='lat' dir='ltr'><strong>cui</strong></span> <span class='ocrx_word' id='word_1_301' title='bbox 390 1960 565 2021; x_wconf 84' lang='lat' dir='ltr'><strong>idjuris</strong></span> <span class='ocrx_word' id='word_1_302' title='bbox 590 1961 641 2007; x_wconf 72' lang='lat' dir='ltr'><strong>sit</strong></span> <span class='ocrx_word' id='word_1_303' title='bbox 665 1961 710 2007; x_wconf 90' lang='lat' dir='ltr'><strong>in</strong></span> <span class='ocrx_word' id='word_1_304' title='bbox 736 1962 903 2023; x_wconf 83' lang='lat' dir='ltr'><strong>Reges,</strong></span> <span class='ocrx_word' id='word_1_305' title='bbox 931 1965 1057 2022; x_wconf 88' lang='lat' dir='ltr'><strong>quod</strong></span> <span class='ocrx_word' id='word_1_306' title='bbox 1080 1960 1286 2023; x_wconf 80' lang='lat' dir='ltr'><strong>Regibus</strong></span> <span class='ocrx_word' id='word_1_307' title='bbox 1310 1961 1368 2005; x_wconf 86' lang='lat' dir='ltr'><strong>est</strong></span> <span class='ocrx_word' id='word_1_308' title='bbox 1389 1960 1436 2006; x_wconf 90' lang='lat' dir='ltr'><strong>in</strong></span> <span class='ocrx_word' id='word_1_309' title='bbox 1457 1972 1641 2009; x_wconf 77' lang='lat' dir='ltr'><strong>caeteros</strong></span> <span class='ocrx_word' id='word_1_310' title='bbox 1668 1963 1684 2006; x_wconf 85' lang='lat'>?</span> <span class='ocrx_word' id='word_1_311' title='bbox 1724 1964 1793 2008; x_wconf 85' lang='lat' dir='ltr'><strong>M.</strong></span> <span class='ocrx_word' id='word_1_312' title='bbox 1831 1967 1929 2013; x_wconf 46' lang='lat' dir='ltr'><strong>Au*-</strong></span> 
     </span>
     <span class='ocr_line' id='line_1_29' title="bbox 153 2023 1931 2088; baseline 0.003 -19"><span class='ocrx_word' id='word_1_313' title='bbox 153 2023 252 2069; x_wconf 83' lang='lat' dir='ltr'><strong>dire</strong></span> <span class='ocrx_word' id='word_1_314' title='bbox 274 2025 391 2070; x_wconf 87' lang='lat' dir='ltr'><strong>istud</strong></span> <span class='ocrx_word' id='word_1_315' title='bbox 409 2024 560 2077; x_wconf 75' lang='lat' dir='ltr'><strong>cupio.</strong></span> <span class='ocrx_word' id='word_1_316' title='bbox 634 2031 686 2074; x_wconf 84' lang='lat' dir='ltr'><strong>B.</strong></span> <span class='ocrx_word' id='word_1_317' title='bbox 729 2026 881 2079; x_wconf 83' lang='lat' dir='ltr'><strong>Hanc,</strong></span> <span class='ocrx_word' id='word_1_318' title='bbox 908 2024 938 2070; x_wconf 66' lang='lat' dir='ltr'><strong>sa</strong></span> <span class='ocrx_word' id='word_1_319' title='bbox 965 2024 1222 2079; x_wconf 83' lang='lat' dir='ltr'><strong>meministi,</strong></span> <span class='ocrx_word' id='word_1_320' title='bbox 1247 2025 1294 2071; x_wconf 88' lang='lat' dir='ltr'><strong>in</strong></span> <span class='ocrx_word' id='word_1_321' title='bbox 1318 2025 1491 2086; x_wconf 85' lang='lat' dir='ltr'><strong>populo</strong></span> <span class='ocrx_word' id='word_1_322' title='bbox 1514 2024 1713 2071; x_wconf 81' lang='lat' dir='ltr'><strong>diximus</strong></span> <span class='ocrx_word' id='word_1_323' title='bbox 1739 2028 1822 2073; x_wconf 79' lang='lat' dir='ltr'><strong>else</strong></span> <span class='ocrx_word' id='word_1_324' title='bbox 1845 2045 1931 2088; x_wconf 90' lang='lat' dir='ltr'><strong>po-</strong></span> 
     </span>
     <span class='ocr_line' id='line_1_30' title="bbox 149 2089 1928 2153; baseline 0.003 -20"><span class='ocrx_word' id='word_1_325' title='bbox 149 2089 378 2134; x_wconf 56' lang='lat' dir='ltr'><strong>›testatem.</strong></span> <span class='ocrx_word' id='word_1_326' title='bbox 447 2091 516 2136; x_wconf 74' lang='lat' dir='ltr'><strong>M.</strong></span> <span class='ocrx_word' id='word_1_327' title='bbox 561 2091 618 2136; x_wconf 66' lang='lat' dir='ltr'><strong>{n</strong></span> <span class='ocrx_word' id='word_1_328' title='bbox 643 2089 847 2139; x_wconf 74' lang='lat' dir='ltr'><strong>universo</strong></span> <span class='ocrx_word' id='word_1_329' title='bbox 870 2089 1057 2151; x_wconf 77' lang='lat' dir='ltr'><strong>quidem</strong></span> <span class='ocrx_word' id='word_1_330' title='bbox 1084 2090 1273 2152; x_wconf 80' lang='lat' dir='ltr'><strong>populo,</strong></span> <span class='ocrx_word' id='word_1_331' title='bbox 1307 2089 1448 2136; x_wconf 89' lang='lat' dir='ltr'><strong>autin</strong></span> <span class='ocrx_word' id='word_1_332' title='bbox 1476 2089 1643 2150; x_wconf 81' lang='lat' dir='ltr'><strong>majore</strong></span> <span class='ocrx_word' id='word_1_333' title='bbox 1664 2089 1760 2149; x_wconf 81' lang='lat' dir='ltr'><strong>ejus</strong></span> <span class='ocrx_word' id='word_1_334' title='bbox 1788 2105 1928 2153; x_wconf 83' lang='lat' dir='ltr'><strong>parte.</strong></span> 
     </span>
     <span class='ocr_line' id='line_1_31' title="bbox 161 2153 1930 2217; baseline 0.003 -19"><span class='ocrx_word' id='word_1_335' title='bbox 161 2153 447 2199; x_wconf 61' lang='lat' dir='ltr'><strong>Illud‘et‘iam</strong></span> <span class='ocrx_word' id='word_1_336' title='bbox 469 2155 666 2217; x_wconf 84' lang='lat' dir='ltr'><strong>amplius</strong></span> <span class='ocrx_word' id='word_1_337' title='bbox 682 2154 770 2200; x_wconf 74' lang='lat' dir='ltr'><strong>tibi</strong></span> <span class='ocrx_word' id='word_1_338' title='bbox 792 2153 979 2215; x_wconf 81' lang='lat' dir='ltr'><strong>largior,</strong></span> <span class='ocrx_word' id='word_1_339' title='bbox 1001 2154 1047 2199; x_wconf 83' lang='lat' dir='ltr'><strong>in</strong></span> <span class='ocrx_word' id='word_1_340' title='bbox 1070 2154 1125 2201; x_wconf 83' lang='lat' dir='ltr'><strong>iis</strong></span> <span class='ocrx_word' id='word_1_341' title='bbox 1149 2154 1194 2200; x_wconf 90' lang='lat' dir='ltr'><strong>in</strong></span> <span class='ocrx_word' id='word_1_342' title='bbox 1214 2171 1333 2216; x_wconf 81' lang='lat' dir='ltr'><strong>quos</strong></span> <span class='ocrx_word' id='word_1_343' title='bbox 1355 2155 1549 2214; x_wconf 80' lang='lat' dir='ltr'><strong>populus</strong></span> <span class='ocrx_word' id='word_1_344' title='bbox 1566 2166 1642 2200; x_wconf 91' lang='lat' dir='ltr'><strong>aut</strong></span> <span class='ocrx_word' id='word_1_345' title='bbox 1664 2155 1807 2216; x_wconf 77' lang='lat' dir='ltr'><strong>major</strong></span> <span class='ocrx_word' id='word_1_346' title='bbox 1829 2174 1930 2217; x_wconf 77' lang='lat' dir='ltr'><strong>pars</strong></span> 
     </span>
     <span class='ocr_line' id='line_1_32' title="bbox 153 2218 1931 2280; baseline 0.003 -20"><span class='ocrx_word' id='word_1_347' title='bbox 153 2219 446 2279; x_wconf 24' lang='lat' dir='ltr'><strong>*populi&#39;eam</strong></span> <span class='ocrx_word' id='word_1_348' title='bbox 475 2219 738 2277; x_wconf 82' lang='lat' dir='ltr'><strong>potestatem</strong></span> <span class='ocrx_word' id='word_1_349' title='bbox 754 2218 1056 2264; x_wconf 84' lang='lat' dir='ltr'><strong>transmiserit.</strong></span> <span class='ocrx_word' id='word_1_350' title='bbox 1112 2221 1167 2265; x_wconf 88' lang='lat' dir='ltr'><strong>B.</strong></span> <span class='ocrx_word' id='word_1_351' title='bbox 1202 2218 1476 2272; x_wconf 10' lang='lat' dir='ltr'><strong>Benejfacis,</strong></span> <span class='ocrx_word' id='word_1_352' title='bbox 1500 2218 1580 2280; x_wconf 85' lang='lat' dir='ltr'><strong>qui</strong></span> <span class='ocrx_word' id='word_1_353' title='bbox 1608 2235 1679 2264; x_wconf 86' lang='lat' dir='ltr'><strong>me</strong></span> <span class='ocrx_word' id='word_1_354' title='bbox 1697 2218 1778 2265; x_wconf 86' lang='lat' dir='ltr'><strong>isto</strong></span> <span class='ocrx_word' id='word_1_355' title='bbox 1802 2221 1931 2266; x_wconf 81' lang='lat' dir='ltr'><strong>labo·-</strong></span> 
     </span>
     <span class='ocr_line' id='line_1_33' title="bbox 156 2282 1932 2345; baseline 0.003 -18"><span class='ocrx_word' id='word_1_356' title='bbox 156 2298 205 2328; x_wconf 83' lang='lat' dir='ltr'><strong>re</strong></span> <span class='ocrx_word' id='word_1_357' title='bbox 228 2284 364 2328; x_wconf 78' lang='lat' dir='ltr'><strong>leves·</strong></span> <span class='ocrx_word' id='word_1_358' title='bbox 435 2285 504 2329; x_wconf 81' lang='lat' dir='ltr'><strong>M.</strong></span> <span class='ocrx_word' id='word_1_359' title='bbox 531 2284 617 2330; x_wconf 78' lang='lat' dir='ltr'><strong>Sed</strong></span> <span class='ocrx_word' id='word_1_360' title='bbox 643 2295 734 2330; x_wconf 81' lang='lat' dir='ltr'><strong>non</strong></span> <span class='ocrx_word' id='word_1_361' title='bbox 758 2284 938 2345; x_wconf 72' lang='lat' dir='ltr'><strong>ignoras</strong></span> <span class='ocrx_word' id='word_1_362' title='bbox 965 2283 1178 2342; x_wconf 74' lang='lat' dir='ltr'><strong>majorem</strong></span> <span class='ocrx_word' id='word_1_363' title='bbox 1206 2282 1513 2329; x_wconf 65' lang='lat' dir='ltr'><strong>multitudinis</strong></span> <span class='ocrx_word' id='word_1_364' title='bbox 1537 2297 1708 2344; x_wconf 79' lang='lat' dir='ltr'><strong>partem</strong></span> <span class='ocrx_word' id='word_1_365' title='bbox 1741 2286 1809 2330; x_wconf 78' lang='lat' dir='ltr'><strong>vel</strong></span> <span class='ocrx_word' id='word_1_366' title='bbox 1837 2303 1932 2332; x_wconf 60' lang='lat' dir='ltr'><strong>me*-</strong></span> 
     </span>
     <span class='ocr_line' id='line_1_34' title="bbox 152 2345 1933 2409; baseline 0.002 -17"><span class='ocrx_word' id='word_1_367' title='bbox 152 2357 213 2392; x_wconf 62' lang='grc' dir='ltr'><strong>4τι]</strong></span> <span class='ocrx_word' id='word_1_368' title='bbox 237 2347 310 2392; x_wconf 87' lang='lat' dir='ltr'><strong>vel</strong></span> <span class='ocrx_word' id='word_1_369' title='bbox 335 2347 534 2408; x_wconf 87' lang='lat' dir='ltr'><strong>praemiis</strong></span> <span class='ocrx_word' id='word_1_370' title='bbox 552 2350 624 2394; x_wconf 87' lang='lat' dir='ltr'><strong>vel</strong></span> <span class='ocrx_word' id='word_1_371' title='bbox 646 2347 722 2409; x_wconf 91' lang='lat' dir='ltr'><strong>spe</strong></span> <span class='ocrx_word' id='word_1_372' title='bbox 744 2345 996 2408; x_wconf 80' lang='lat' dir='ltr'><strong>largitionis</strong></span> <span class='ocrx_word' id='word_1_373' title='bbox 1017 2353 1056 2393; x_wconf 75' lang='grc' dir='ltr'><strong>δε</strong></span> <span class='ocrx_word' id='word_1_374' title='bbox 1075 2347 1361 2409; x_wconf 84' lang='lat' dir='ltr'><strong>impunitatis</strong></span> <span class='ocrx_word' id='word_1_375' title='bbox 1374 2346 1626 2408; x_wconf 73' lang='lat' dir='ltr'><strong>corrumpi,</strong></span> <span class='ocrx_word' id='word_1_376' title='bbox 1645 2362 1692 2394; x_wconf 90' lang='lat' dir='ltr'><strong>ut</strong></span> <span class='ocrx_word' id='word_1_377' title='bbox 1710 2349 1783 2395; x_wconf 83' lang='lat' dir='ltr'><strong>sua</strong></span> <span class='ocrx_word' id='word_1_378' title='bbox 1805 2365 1933 2395; x_wconf 88' lang='lat' dir='ltr'><strong>com-</strong></span> 
     </span>
     <span class='ocr_line' id='line_1_35' title="bbox 158 2410 1930 2475; baseline 0.002 -18"><span class='ocrx_word' id='word_1_379' title='bbox 158 2413 296 2457; x_wconf 58' lang='lat' dir='ltr'><strong>moda</strong></span> <span class='ocrx_word' id='word_1_380' title='bbox 321 2416 361 2456; x_wconf 76' lang='grc' dir='ltr'><strong>δε</strong></span> <span class='ocrx_word' id='word_1_381' title='bbox 386 2413 662 2472; x_wconf 69' lang='lat' dir='ltr'><strong>voluptateS,</strong></span> <span class='ocrx_word' id='word_1_382' title='bbox 690 2412 886 2474; x_wconf 71' lang='lat' dir='ltr'><strong>publica:</strong></span> <span class='ocrx_word' id='word_1_383' title='bbox 914 2410 1099 2457; x_wconf 84' lang='lat' dir='ltr'><strong>utilitati</strong></span> <span class='ocrx_word' id='word_1_384' title='bbox 1122 2426 1258 2473; x_wconf 84' lang='lat' dir='ltr'><strong>atque</strong></span> <span class='ocrx_word' id='word_1_385' title='bbox 1279 2412 1415 2457; x_wconf 87' lang='lat' dir='ltr'><strong>etiam</strong></span> <span class='ocrx_word' id='word_1_386' title='bbox 1442 2413 1745 2458; x_wconf 80' lang='lat' dir='ltr'><strong>incolumitati</strong></span> <span class='ocrx_word' id='word_1_387' title='bbox 1770 2415 1930 2475; x_wconf 77' lang='lat' dir='ltr'><strong>praefe·</strong></span> 
     </span>
     <span class='ocr_line' id='line_1_36' title="bbox 152 2475 1822 2540; baseline 0.003 -19"><span class='ocrx_word' id='word_1_388' title='bbox 152 2487 264 2540; x_wconf 68' lang='lat' dir='ltr'><strong>‘rant</strong></span> <span class='ocrx_word' id='word_1_389' title='bbox 286 2493 298 2522; x_wconf 90' lang='lat'>:</span> <span class='ocrx_word' id='word_1_390' title='bbox 333 2475 414 2537; x_wconf 84' lang='lat' dir='ltr'><strong>qui</strong></span> <span class='ocrx_word' id='word_1_391' title='bbox 444 2489 597 2522; x_wconf 86' lang='lat' dir='ltr'><strong>autem</strong></span> <span class='ocrx_word' id='word_1_392' title='bbox 616 2475 672 2521; x_wconf 87' lang='lat' dir='ltr'><strong>iis</strong></span> <span class='ocrx_word' id='word_1_393' title='bbox 697 2476 827 2522; x_wconf 89' lang='lat' dir='ltr'><strong>rebus</strong></span> <span class='ocrx_word' id='word_1_394' title='bbox 853 2491 942 2522; x_wconf 91' lang='lat' dir='ltr'><strong>non</strong></span> <span class='ocrx_word' id='word_1_395' title='bbox 971 2490 1254 2531; x_wconf 81' lang='lat' dir='ltr'><strong>moveantur,</strong></span> <span class='ocrx_word' id='word_1_396' title='bbox 1281 2493 1369 2522; x_wconf 87' lang='lat' dir='ltr'><strong>non</strong></span> <span class='ocrx_word' id='word_1_397' title='bbox 1395 2476 1510 2522; x_wconf 88' lang='lat' dir='ltr'><strong>adeo</strong></span> <span class='ocrx_word' id='word_1_398' title='bbox 1534 2476 1786 2525; x_wconf 82' lang='lat' dir='ltr'><strong>multisunt</strong></span> <span class='ocrx_word' id='word_1_399' title='bbox 1811 2496 1822 2526; x_wconf 73' lang='grc' dir='ltr'>ε</span> 
     </span>
    </p>

    <p class='ocr_par' dir='ltr' id='par_1_3' title="bbox 153 2539 1932 3118">
     <span class='ocr_line' id='line_1_37' title="bbox 412 2539 1581 2604; baseline 0.001 -17"><span class='ocrx_word' id='word_1_400' title='bbox 412 2543 527 2588; x_wconf 74' lang='lat' dir='ltr'><strong>Rari</strong></span> <span class='ocrx_word' id='word_1_401' title='bbox 551 2545 695 2603; x_wconf 74' lang='lat' dir='ltr'><strong>quippe</strong></span> <span class='ocrx_word' id='word_1_402' title='bbox 716 2539 811 2586; x_wconf 81' lang='lat' dir='ltr'><strong>boni</strong></span> <span class='ocrx_word' id='word_1_403' title='bbox 833 2559 846 2595; x_wconf 86' lang='lat'><em>3</em></span> <span class='ocrx_word' id='word_1_404' title='bbox 881 2557 1041 2586; x_wconf 75' lang='lat' dir='ltr'><strong>numero</strong></span> <span class='ocrx_word' id='word_1_405' title='bbox 1063 2547 1149 2588; x_wconf 84' lang='lat' dir='ltr'><strong>vix</strong></span> <span class='ocrx_word' id='word_1_406' title='bbox 1157 2541 1261 2599; x_wconf 83' lang='lat' dir='ltr'><strong>sunt</strong></span> <span class='ocrx_word' id='word_1_407' title='bbox 1279 2544 1462 2595; x_wconf 72' lang='lat' dir='ltr'><strong>toti-dem,</strong></span> <span class='ocrx_word' id='word_1_408' title='bbox 1486 2555 1581 2604; x_wconf 73' lang='lat' dir='ltr'><strong>quot</strong></span> 
     </span>
     <span class='ocr_line' id='line_1_38' title="bbox 311 2604 1507 2667; baseline 0 -15"><span class='ocrx_word' id='word_1_409' title='bbox 311 2662 317 2663; x_wconf 14' lang='grc' dir='ltr'><strong><em>ἶ</em></strong></span> <span class='ocrx_word' id='word_1_410' title='bbox 416 2604 654 2652; x_wconf 65' lang='lat' dir='ltr'><strong>Thebarum</strong></span> <span class='ocrx_word' id='word_1_411' title='bbox 667 2617 821 2666; x_wconf 72' lang='lat' dir='ltr'><strong>portae‚</strong></span> <span class='ocrx_word' id='word_1_412' title='bbox 847 2606 924 2650; x_wconf 76' lang='lat' dir='ltr'><strong>‘vel</strong></span> <span class='ocrx_word' id='word_1_413' title='bbox 942 2609 1101 2652; x_wconf 68' lang='lat' dir='ltr'><strong>divisis</strong></span> <span class='ocrx_word' id='word_1_414' title='bbox 1123 2609 1226 2667; x_wconf 80' lang='lat' dir='ltr'><strong>ostia</strong></span> <span class='ocrx_word' id='word_1_415' title='bbox 1245 2606 1358 2653; x_wconf 68' lang='lat' dir='ltr'><strong>Nili.</strong></span> <span class='ocrx_word' id='word_1_416' title='bbox 1504 2662 1507 2666; x_wconf 7' lang='grc' dir='ltr'>ἃ</span> 
     </span>
     <span class='ocr_line' id='line_1_39' title="bbox 153 2668 1930 2734; baseline -0.001 -17"><span class='ocrx_word' id='word_1_417' title='bbox 153 2668 326 2717; x_wconf 86' lang='lat' dir='ltr'><strong>Omnis</strong></span> <span class='ocrx_word' id='word_1_418' title='bbox 349 2681 501 2717; x_wconf 79' lang='lat' dir='ltr'><strong>antem</strong></span> <span class='ocrx_word' id='word_1_419' title='bbox 535 2669 716 2732; x_wconf 71' lang='lat' dir='ltr'><strong>reliqua</strong></span> <span class='ocrx_word' id='word_1_420' title='bbox 736 2669 958 2715; x_wconf 88' lang='lat' dir='ltr'><strong>colluvies</strong></span> <span class='ocrx_word' id='word_1_421' title='bbox 986 2673 1203 2732; x_wconf 79' lang='lat' dir='ltr'><strong>languine</strong></span> <span class='ocrx_word' id='word_1_422' title='bbox 1227 2674 1274 2720; x_wconf 69' lang='grc' dir='ltr'><strong>ὃς</strong></span> <span class='ocrx_word' id='word_1_423' title='bbox 1299 2669 1466 2732; x_wconf 90' lang='lat' dir='ltr'><strong>rapinis</strong></span> <span class='ocrx_word' id='word_1_424' title='bbox 1490 2669 1692 2734; x_wconf 81' lang='lat' dir='ltr'><strong>saginata</strong></span> <span class='ocrx_word' id='word_1_425' title='bbox 1725 2671 1844 2720; x_wconf 88' lang='lat' dir='ltr'><strong>snam</strong></span> <span class='ocrx_word' id='word_1_426' title='bbox 1871 2673 1930 2720; x_wconf 84' lang='lat' dir='ltr'><strong>li.</strong></span> 
     </span>
     <span class='ocr_line' id='line_1_40' title="bbox 158 2733 1928 2799; baseline 0.003 -19"><span class='ocrx_word' id='word_1_427' title='bbox 158 2735 378 2781; x_wconf 72' lang='lat' dir='ltr'><strong>berratem</strong></span> <span class='ocrx_word' id='word_1_428' title='bbox 420 2734 557 2781; x_wconf 87' lang='lat' dir='ltr'><strong>habet</strong></span> <span class='ocrx_word' id='word_1_429' title='bbox 590 2733 793 2780; x_wconf 88' lang='lat' dir='ltr'><strong>venalem</strong></span> <span class='ocrx_word' id='word_1_430' title='bbox 834 2733 992 2779; x_wconf 81' lang='lat' dir='ltr'><strong>alienae</strong></span> <span class='ocrx_word' id='word_1_431' title='bbox 1026 2734 1218 2782; x_wconf 86' lang='lat' dir='ltr'><strong>invidet.</strong></span> <span class='ocrx_word' id='word_1_432' title='bbox 1250 2762 1253 2765; x_wconf 97' lang='lat'>·</span> <span class='ocrx_word' id='word_1_433' title='bbox 1288 2735 1356 2782; x_wconf 89' lang='lat' dir='ltr'><strong>Ut</strong></span> <span class='ocrx_word' id='word_1_434' title='bbox 1379 2736 1516 2782; x_wconf 82' lang='lat' dir='ltr'><strong>etiam</strong></span> <span class='ocrx_word' id='word_1_435' title='bbox 1554 2751 1630 2781; x_wconf 87' lang='lat' dir='ltr'><strong>eos</strong></span> <span class='ocrx_word' id='word_1_436' title='bbox 1663 2750 1928 2799; x_wconf 80' lang='lat' dir='ltr'><strong>praeteream</strong></span> 
     </span>
     <span class='ocr_line' id='line_1_41' title="bbox 156 2799 1929 2861; baseline 0.003 -17"><span class='ocrx_word' id='word_1_437' title='bbox 156 2799 327 2860; x_wconf 83' lang='lat' dir='ltr'><strong>quibus</strong></span> <span class='ocrx_word' id='word_1_438' title='bbox 350 2799 573 2845; x_wconf 86' lang='lat' dir='ltr'><strong>malorum</strong></span> <span class='ocrx_word' id='word_1_439' title='bbox 602 2814 786 2861; x_wconf 66' lang='lat' dir='ltr'><strong>quoque</strong></span> <span class='ocrx_word' id='word_1_440' title='bbox 811 2800 991 2861; x_wconf 81' lang='lat' dir='ltr'><strong>Regum</strong></span> <span class='ocrx_word' id='word_1_441' title='bbox 1017 2814 1184 2845; x_wconf 89' lang='lat' dir='ltr'><strong>nomen</strong></span> <span class='ocrx_word' id='word_1_442' title='bbox 1219 2799 1279 2846; x_wconf 89' lang='lat' dir='ltr'><strong>est</strong></span> <span class='ocrx_word' id='word_1_443' title='bbox 1302 2800 1624 2846; x_wconf 65' lang='lat' dir='ltr'><strong>sacrosanctum</strong></span> <span class='ocrx_word' id='word_1_444' title='bbox 1648 2819 1658 2847; x_wconf 92' lang='lat'>:</span> <span class='ocrx_word' id='word_1_445' title='bbox 1693 2801 1857 2848; x_wconf 87' lang='lat' dir='ltr'><strong>omitto</strong></span> <span class='ocrx_word' id='word_1_446' title='bbox 1879 2820 1929 2850; x_wconf 88' lang='lat' dir='ltr'><strong>e·</strong></span> 
     </span>
     <span class='ocr_line' id='line_1_42' title="bbox 157 2862 1930 2927; baseline 0.003 -19"><span class='ocrx_word' id='word_1_447' title='bbox 157 2864 269 2909; x_wconf 77' lang='lat' dir='ltr'><strong>tiam</strong></span> <span class='ocrx_word' id='word_1_448' title='bbox 292 2863 414 2917; x_wconf 86' lang='lat' dir='ltr'><strong>illos,</strong></span> <span class='ocrx_word' id='word_1_449' title='bbox 439 2863 519 2924; x_wconf 88' lang='lat' dir='ltr'><strong>qui</strong></span> <span class='ocrx_word' id='word_1_450' title='bbox 541 2864 618 2910; x_wconf 78' lang='lat' dir='ltr'><strong>etsi</strong></span> <span class='ocrx_word' id='word_1_451' title='bbox 644 2870 736 2909; x_wconf 84' lang='lat' dir='ltr'><strong>nou</strong></span> <span class='ocrx_word' id='word_1_452' title='bbox 759 2862 973 2925; x_wconf 87' lang='lat' dir='ltr'><strong>ignorant</strong></span> <span class='ocrx_word' id='word_1_453' title='bbox 994 2864 1119 2926; x_wconf 68' lang='lat' dir='ltr'><strong>quid;</strong></span> <span class='ocrx_word' id='word_1_454' title='bbox 1140 2864 1276 2911; x_wconf 84' lang='lat' dir='ltr'><strong>liceat</strong></span> <span class='ocrx_word' id='word_1_455' title='bbox 1298 2870 1338 2910; x_wconf 69' lang='lat' dir='ltr'><strong>Bc</strong></span> <span class='ocrx_word' id='word_1_456' title='bbox 1363 2881 1545 2927; x_wconf 82' lang='lat' dir='ltr'><strong>aequurn</strong></span> <span class='ocrx_word' id='word_1_457' title='bbox 1573 2865 1640 2919; x_wconf 88' lang='lat' dir='ltr'><strong>fit,</strong></span> <span class='ocrx_word' id='word_1_458' title='bbox 1674 2876 1822 2912; x_wconf 86' lang='lat' dir='ltr'><strong>tamen</strong></span> <span class='ocrx_word' id='word_1_459' title='bbox 1846 2867 1930 2913; x_wconf 92' lang='lat' dir='ltr'><strong>ho-</strong></span> 
     </span>
     <span class='ocr_line' id='line_1_43' title="bbox 161 2927 1932 2993; baseline 0.003 -21"><span class='ocrx_word' id='word_1_460' title='bbox 161 2927 292 2974; x_wconf 87' lang='lat' dir='ltr'><strong>nestis</strong></span> <span class='ocrx_word' id='word_1_461' title='bbox 320 2927 532 2990; x_wconf 88' lang='lat' dir='ltr'><strong>periculis</strong></span> <span class='ocrx_word' id='word_1_462' title='bbox 555 2929 757 2989; x_wconf 86' lang='lat' dir='ltr'><strong>quietam</strong></span> <span class='ocrx_word' id='word_1_463' title='bbox 781 2927 989 2973; x_wconf 69' lang='lat' dir='ltr'><strong>inertiam</strong></span> <span class='ocrx_word' id='word_1_464' title='bbox 1015 2927 1278 2990; x_wconf 73' lang='lat' dir='ltr'><strong>praeferunt,</strong></span> <span class='ocrx_word' id='word_1_465' title='bbox 1304 2934 1344 2975; x_wconf 71' lang='lat' dir='ltr'><strong>Sc</strong></span> <span class='ocrx_word' id='word_1_466' title='bbox 1367 2930 1413 2974; x_wconf 89' lang='lat' dir='ltr'><strong>in</strong></span> <span class='ocrx_word' id='word_1_467' title='bbox 1440 2940 1627 2975; x_wconf 88' lang='lat' dir='ltr'><strong>eventus</strong></span> <span class='ocrx_word' id='word_1_468' title='bbox 1650 2931 1932 2993; x_wconf 64' lang='lat' dir='ltr'><strong>expectatio·-</strong></span> 
     </span>
     <span class='ocr_line' id='line_1_44' title="bbox 158 2991 1929 3056; baseline 0.003 -20"><span class='ocrx_word' id='word_1_469' title='bbox 158 3006 266 3037; x_wconf 80' lang='lat' dir='ltr'><strong>nem</strong></span> <span class='ocrx_word' id='word_1_470' title='bbox 290 2991 444 3038; x_wconf 83' lang='lat' dir='ltr'><strong>animo</strong></span> <span class='ocrx_word' id='word_1_471' title='bbox 478 2992 664 3054; x_wconf 75' lang='lat' dir='ltr'><strong>suspensi</strong></span> <span class='ocrx_word' id='word_1_472' title='bbox 689 2991 765 3037; x_wconf 91' lang='lat' dir='ltr'><strong>sua</strong></span> <span class='ocrx_word' id='word_1_473' title='bbox 789 2991 975 3038; x_wconf 77' lang='lat' dir='ltr'><strong>consilia</strong></span> <span class='ocrx_word' id='word_1_474' title='bbox 1004 3005 1289 3053; x_wconf 86' lang='lat' dir='ltr'><strong>componunt</strong></span> <span class='ocrx_word' id='word_1_475' title='bbox 1313 3012 1326 3048; x_wconf 89' lang='lat'>;</span> <span class='ocrx_word' id='word_1_476' title='bbox 1361 3005 1440 3039; x_wconf 86' lang='lat' dir='ltr'><strong>aut</strong></span> <span class='ocrx_word' id='word_1_477' title='bbox 1464 2993 1693 3040; x_wconf 76' lang='lat' dir='ltr'><strong>fortunam</strong></span> <span class='ocrx_word' id='word_1_478' title='bbox 1730 2995 1929 3056; x_wconf 80' lang='lat' dir='ltr'><strong>partium</strong></span> 
     </span>
     <span class='ocr_line' id='line_1_45' title="bbox 157 3055 1805 3118; baseline 0.002 -17"><span class='ocrx_word' id='word_1_479' title='bbox 157 3070 250 3101; x_wconf 83' lang='lat' dir='ltr'><strong>non</strong></span> <span class='ocrx_word' id='word_1_480' title='bbox 275 3056 449 3102; x_wconf 90' lang='lat' dir='ltr'><strong>causam</strong></span> <span class='ocrx_word' id='word_1_481' title='bbox 476 3055 738 3118; x_wconf 86' lang='lat' dir='ltr'><strong>sequuntur.</strong></span> <span class='ocrx_word' id='word_1_482' title='bbox 807 3058 924 3104; x_wconf 79' lang='lat' dir='ltr'><strong>Haec</strong></span> <span class='ocrx_word' id='word_1_483' title='bbox 947 3070 1117 3118; x_wconf 79' lang='lat' dir='ltr'><strong>quanta</strong></span> <span class='ocrx_word' id='word_1_484' title='bbox 1141 3058 1191 3104; x_wconf 84' lang='lat' dir='ltr'><strong>fit</strong></span> <span class='ocrx_word' id='word_1_485' title='bbox 1213 3058 1367 3105; x_wconf 84' lang='lat' dir='ltr'><strong>futura</strong></span> <span class='ocrx_word' id='word_1_486' title='bbox 1387 3058 1638 3104; x_wconf 83' lang='lat' dir='ltr'><strong>multitudo</strong></span> <span class='ocrx_word' id='word_1_487' title='bbox 1660 3058 1805 3105; x_wconf 87' lang='lat' dir='ltr'><strong>vides.</strong></span> 
     </span>
    </p>

    <p class='ocr_par' dir='ltr' id='par_1_4' title="bbox 155 3120 1929 3499">
     <span class='ocr_line' id='line_1_46' title="bbox 222 3120 1919 3185; baseline 0.003 -20"><span class='ocrx_word' id='word_1_488' title='bbox 222 3120 416 3166; x_wconf 87' lang='lat' dir='ltr'>LXXX.</span> <span class='ocrx_word' id='word_1_489' title='bbox 450 3122 508 3167; x_wconf 88' lang='lat' dir='ltr'><strong>B.</strong></span> <span class='ocrx_word' id='word_1_490' title='bbox 544 3122 717 3184; x_wconf 82' lang='lat' dir='ltr'><strong>Magna</strong></span> <span class='ocrx_word' id='word_1_491' title='bbox 739 3120 979 3180; x_wconf 58' lang='lat' dir='ltr'><strong>profecto:</strong></span> <span class='ocrx_word' id='word_1_492' title='bbox 1018 3136 1101 3168; x_wconf 86' lang='lat' dir='ltr'><strong>nec</strong></span> <span class='ocrx_word' id='word_1_493' title='bbox 1124 3132 1276 3170; x_wconf 86' lang='lat' dir='ltr'><strong>tamen</strong></span> <span class='ocrx_word' id='word_1_494' title='bbox 1299 3124 1516 3169; x_wconf 81' lang='lat' dir='ltr'><strong>maxima.</strong></span> <span class='ocrx_word' id='word_1_495' title='bbox 1585 3123 1708 3170; x_wconf 88' lang='lat' dir='ltr'><strong>Nam</strong></span> <span class='ocrx_word' id='word_1_496' title='bbox 1734 3124 1919 3185; x_wconf 84' lang='lat' dir='ltr'><strong>Tyran-</strong></span> 
     </span>
     <span class='ocr_line' id='line_1_47' title="bbox 160 3184 1928 3250; baseline 0.004 -21"><span class='ocrx_word' id='word_1_497' title='bbox 160 3198 324 3230; x_wconf 76' lang='lat' dir='ltr'><strong>norum</strong></span> <span class='ocrx_word' id='word_1_498' title='bbox 348 3184 526 3246; x_wconf 78' lang='lat' dir='ltr'><strong>injuriae</strong></span> <span class='ocrx_word' id='word_1_499' title='bbox 548 3186 604 3232; x_wconf 89' lang='lat' dir='ltr'><strong>ad</strong></span> <span class='ocrx_word' id='word_1_500' title='bbox 628 3185 814 3240; x_wconf 82' lang='lat' dir='ltr'><strong>multos,</strong></span> <span class='ocrx_word' id='word_1_501' title='bbox 843 3185 1060 3232; x_wconf 80' lang='lat' dir='ltr'><strong>beneficia</strong></span> <span class='ocrx_word' id='word_1_502' title='bbox 1083 3188 1138 3233; x_wconf 58' lang='lat' dir='ltr'><strong>ad</strong></span> <span class='ocrx_word' id='word_1_503' title='bbox 1159 3186 1329 3250; x_wconf 83' lang='lat' dir='ltr'><strong>paucos</strong></span> <span class='ocrx_word' id='word_1_504' title='bbox 1352 3187 1578 3250; x_wconf 84' lang='lat' dir='ltr'><strong>pertinere</strong></span> <span class='ocrx_word' id='word_1_505' title='bbox 1600 3189 1797 3250; x_wconf 80' lang='lat' dir='ltr'><strong>poss‘unt.</strong></span> <span class='ocrx_word' id='word_1_506' title='bbox 1813 3216 1816 3217; x_wconf 28' lang='grc' dir='ltr'><em>ν</em></span> <span class='ocrx_word' id='word_1_507' title='bbox 1832 3189 1928 3236; x_wconf 91' lang='lat' dir='ltr'><strong>Cu-</strong></span> 
     </span>
     <span class='ocr_line' id='line_1_48' title="bbox 162 3248 1929 3315; baseline 0.003 -22"><span class='ocrx_word' id='word_1_508' title='bbox 162 3248 331 3310; x_wconf 81' lang='lat' dir='ltr'><strong>piditas</strong></span> <span class='ocrx_word' id='word_1_509' title='bbox 356 3251 476 3296; x_wconf 86' lang='lat' dir='ltr'><strong>enim</strong></span> <span class='ocrx_word' id='word_1_510' title='bbox 501 3250 633 3314; x_wconf 85' lang='lat' dir='ltr'><strong>vulgi</strong></span> <span class='ocrx_word' id='word_1_511' title='bbox 655 3250 962 3310; x_wconf 81' lang='lat' dir='ltr'><strong>inexplebilis,</strong></span> <span class='ocrx_word' id='word_1_512' title='bbox 986 3250 1111 3298; x_wconf 88' lang='lat' dir='ltr'><strong>velut</strong></span> <span class='ocrx_word' id='word_1_513' title='bbox 1134 3250 1254 3315; x_wconf 82' lang='lat' dir='ltr'><strong>ignis</strong></span> <span class='ocrx_word' id='word_1_514' title='bbox 1276 3251 1449 3313; x_wconf 63' lang='lat' dir='ltr'><strong>adjecta</strong></span> <span class='ocrx_word' id='word_1_515' title='bbox 1472 3265 1662 3299; x_wconf 78' lang='lat' dir='ltr'><strong>materia</strong></span> <span class='ocrx_word' id='word_1_516' title='bbox 1682 3253 1929 3300; x_wconf 84' lang='lat' dir='ltr'><strong>vehemen-</strong></span> 
     </span>
     <span class='ocr_line' id='line_1_49' title="bbox 160 3312 1928 3380; baseline 0.003 -22"><span class='ocrx_word' id='word_1_517' title='bbox 160 3312 251 3358; x_wconf 87' lang='lat' dir='ltr'><strong>tius</strong></span> <span class='ocrx_word' id='word_1_518' title='bbox 275 3315 568 3362; x_wconf 72' lang='lat' dir='ltr'><strong>accenditur:</strong></span> <span class='ocrx_word' id='word_1_519' title='bbox 602 3315 726 3377; x_wconf 83' lang='lat' dir='ltr'><strong>quod</strong></span> <span class='ocrx_word' id='word_1_520' title='bbox 750 3329 857 3361; x_wconf 87' lang='lat' dir='ltr'><strong>vero</strong></span> <span class='ocrx_word' id='word_1_521' title='bbox 878 3331 904 3360; x_wconf 90' lang='lat' dir='ltr'><strong>a</strong></span> <span class='ocrx_word' id='word_1_522' title='bbox 928 3315 1080 3360; x_wconf 80' lang='lat' dir='ltr'><strong>multis</strong></span> <span class='ocrx_word' id='word_1_523' title='bbox 1103 3316 1306 3363; x_wconf 85' lang='lat' dir='ltr'><strong>aufertur</strong></span> <span class='ocrx_word' id='word_1_524' title='bbox 1331 3333 1410 3378; x_wconf 87' lang='lat' dir='ltr'><strong>per</strong></span> <span class='ocrx_word' id='word_1_525' title='bbox 1431 3315 1542 3369; x_wconf 88' lang='lat' dir='ltr'><strong>vim,</strong></span> <span class='ocrx_word' id='word_1_526' title='bbox 1567 3333 1809 3380; x_wconf 80' lang='lat' dir='ltr'><strong>paucorum</strong></span> <span class='ocrx_word' id='word_1_527' title='bbox 1833 3335 1928 3364; x_wconf 77' lang='lat' dir='ltr'><strong>rna—</strong></span> 
     </span>
     <span class='ocr_line' id='line_1_50' title="bbox 155 3375 1929 3441; baseline 0.005 -21"><span class='ocrx_word' id='word_1_528' title='bbox 155 3375 234 3439; x_wconf 72' lang='lat' dir='ltr'><strong>gis</strong></span> <span class='ocrx_word' id='word_1_529' title='bbox 272 3377 354 3423; x_wconf 85' lang='lat' dir='ltr'><strong>alit</strong></span> <span class='ocrx_word' id='word_1_530' title='bbox 374 3377 560 3434; x_wconf 87' lang='lat' dir='ltr'><strong>famem,</strong></span> <span class='ocrx_word' id='word_1_531' title='bbox 601 3395 738 3441; x_wconf 88' lang='lat' dir='ltr'><strong>quam</strong></span> <span class='ocrx_word' id='word_1_532' title='bbox 761 3379 904 3426; x_wconf 76' lang='lat' dir='ltr'><strong>¹saciat</strong></span> <span class='ocrx_word' id='word_1_533' title='bbox 924 3378 1184 3427; x_wconf 84' lang='lat' dir='ltr'><strong>libidinem.</strong></span> <span class='ocrx_word' id='word_1_534' title='bbox 1252 3381 1438 3430; x_wconf 89' lang='lat' dir='ltr'><strong>Deinde</strong></span> <span class='ocrx_word' id='word_1_535' title='bbox 1466 3381 1634 3429; x_wconf 76' lang='lat' dir='ltr'><strong>¹tal-ium</strong></span> <span class='ocrx_word' id='word_1_536' title='bbox 1659 3381 1755 3430; x_wconf 84' lang='lat' dir='ltr'><strong>fere</strong></span> <span class='ocrx_word' id='word_1_537' title='bbox 1777 3383 1929 3429; x_wconf 86' lang='lat' dir='ltr'><strong>homi-</strong></span> 
     </span>
     <span class='ocr_line' id='line_1_51' title="bbox 160 3442 519 3499; baseline 0.011 -13"><span class='ocrx_word' id='word_1_538' title='bbox 160 3457 274 3487; x_wconf 74' lang='lat' dir='ltr'><strong>num</strong></span> <span class='ocrx_word' id='word_1_539' title='bbox 297 3442 421 3489; x_wconf 85' lang='lat' dir='ltr'><strong>fluxa</strong></span> <span class='ocrx_word' id='word_1_540' title='bbox 442 3445 519 3499; x_wconf 83' lang='lat' dir='ltr'><strong>est,</strong></span> 
     </span>
    </p>

    <p class='ocr_par' dir='ltr' id='par_1_5' title="bbox 159 3510 1932 3689">
     <span class='ocr_line' id='line_1_52' title="bbox 165 3510 1288 3573; baseline 0.004 -20"><span class='ocrx_word' id='word_1_541' title='bbox 165 3566 168 3570; x_wconf 87' lang='lat'>.</span> <span class='ocrx_word' id='word_1_542' title='bbox 418 3510 477 3555; x_wconf 87' lang='lat' dir='ltr'><strong>Et</strong></span> <span class='ocrx_word' id='word_1_543' title='bbox 495 3528 582 3556; x_wconf 89' lang='lat' dir='ltr'><strong>cum</strong></span> <span class='ocrx_word' id='word_1_544' title='bbox 587 3514 774 3573; x_wconf 77' lang='lat' dir='ltr'><strong>sbrtuna</strong></span> <span class='ocrx_word' id='word_1_545' title='bbox 781 3511 951 3573; x_wconf 85' lang='lat' dir='ltr'><strong>statque</strong></span> <span class='ocrx_word' id='word_1_546' title='bbox 970 3513 1160 3573; x_wconf 77' lang='lat' dir='ltr'><strong>caditque</strong></span> <span class='ocrx_word' id='word_1_547' title='bbox 1165 3513 1288 3573; x_wconf 81' lang='lat' dir='ltr'><strong>fides.</strong></span> 
     </span>
     <span class='ocr_line' id='line_1_53' title="bbox 159 3569 1925 3642; baseline 0.002 -25"><span class='ocrx_word' id='word_1_548' title='bbox 159 3569 302 3634; x_wconf 75' lang='lat' dir='ltr'><strong>Qud</strong></span> <span class='ocrx_word' id='word_1_549' title='bbox 323 3570 358 3619; x_wconf 77' lang='lat' dir='ltr'><strong>fi</strong></span> <span class='ocrx_word' id='word_1_550' title='bbox 386 3574 527 3625; x_wconf 83' lang='lat' dir='ltr'><strong>etiam</strong></span> <span class='ocrx_word' id='word_1_551' title='bbox 548 3592 597 3624; x_wconf 81' lang='lat' dir='ltr'><strong>m</strong></span> <span class='ocrx_word' id='word_1_552' title='bbox 618 3575 836 3624; x_wconf 87' lang='lat' dir='ltr'><strong>sententia</strong></span> <span class='ocrx_word' id='word_1_553' title='bbox 868 3577 1068 3627; x_wconf 72' lang='lat' dir='ltr'><strong>maxima</strong></span> <span class='ocrx_word' id='word_1_554' title='bbox 1087 3576 1348 3642; x_wconf 77' lang='lat' dir='ltr'><strong>perstarent,</strong></span> <span class='ocrx_word' id='word_1_555' title='bbox 1388 3587 1541 3625; x_wconf 69' lang='lat' dir='ltr'><strong>tamen</strong></span> <span class='ocrx_word' id='word_1_556' title='bbox 1564 3575 1613 3624; x_wconf 88' lang='lat' dir='ltr'><strong>in</strong></span> <span class='ocrx_word' id='word_1_557' title='bbox 1642 3576 1814 3625; x_wconf 81' lang='lat' dir='ltr'><strong>civium</strong></span> <span class='ocrx_word' id='word_1_558' title='bbox 1839 3591 1925 3622; x_wconf 72' lang='lat' dir='ltr'><strong>nu-</strong></span> 
     </span>
     <span class='ocr_line' id='line_1_54' title="bbox 682 3647 1932 3689; baseline 0.002 -2"><span class='ocrx_word' id='word_1_559' title='bbox 682 3647 687 3659; x_wconf 52' lang='lat'>*</span> <span class='ocrx_word' id='word_1_560' title='bbox 1835 3655 1932 3689; x_wconf 59' lang='lat' dir='ltr'><strong>me*</strong></span> 
     </span>
    </p>
   </div>
  </div>
 </body>
</html>
