1994 3833
155 130 283 207 518
465 132 823 200 RERUM
915 135 1682 210 Scor-reanum-

154 225 239 275 bus
260 228 408 276 minus
430 229 621 275 honestis
645 229 738 274 fieri
761 230 893 289 solet)
915 233 1120 278 muffaret
1140 250 1151 278 t
1173 234 1275 279 Rex
1298 245 1448 283 tamen
1470 250 1634 294 certus,
1657 243 1734 290 nisi
1757 261 1804 292 re
1825 259 1911 293 ex:-

152 293 330 352 plorata
354 294 523 340 nemini
556 292 757 348 eredere,
778 309 968 357 accepto
991 294 1220 342 Davidem
1243 298 1505 346 cubiculum
1528 303 1715 364 Reginae
1737 307 1907 372 ingres«
1969 342 1971 345 .
1993 302 1994 341 Ῐ

151 354 264 411 sum,
281 358 374 419 ipse
389 358 445 403 ad
465 356 691 428 ostiolum,
707 358 835 418 cujus
847 359 1018 405 clavem
1033 360 1074 406 se
1090 377 1226 422 penes
1241 363 1414 426 semper
1426 364 1638 420 habebat,
1654 371 1840 426 acceffit,
1856 385 1910 418 ac

146 434 313 481 praeter
334 437 504 492 morem
527 425 715 467 interius
737 421 1068 484 oppessulatam
1087 425 1262 472 invenit
1285 445 1296 472 :
1318 443 1421 473 cum
1446 430 1641 490 pulsanti
1664 448 1798 479 nemo
1818 436 1906 480 res-

147 488 385 544 ponderet,
415 496 648 546 ingentem
671 484 839 532 irarum
863 489 1032 533 molem
1058 488 1211 536 animo
1234 498 1455 554 ecquem,
1478 496 1655 541 noctem
1679 511 1776 543 eam
1800 513 1910 560 pro·
1984 530 1986 532 v

144 566 205 611 pe
226 549 478 595 insomnem
499 549 610 611 egit.
1155 592 1157 594 .
1941 596 1944 600 .

211 614 361 684 LVdI.
396 615 467 659 Ex
487 613 571 659 illo
593 613 748 675 paucis
767 614 793 662 ὲ
815 614 1069 662 domesticis
1101 615 1318 665 adhibitis
1360 620 1538 682 (paucis
1567 621 1687 669 enim
1719 623 1906 680 fidebat,
1981 655 1985 660 ›

146 688 199 723 ut
218 694 297 739 qui
319 689 502 724 caeteros
524 694 549 722 a
571 677 751 740 Regina
783 692 1039 741 corruptos,
1078 685 1117 727 &
1140 676 1362 729 faeto'rum
1397 687 1624 740 omnium,
1657 687 1911 734 diciorum-

145 758 235 799 que
257 741 562 802 exploratores
583 743 664 788 s1bi
689 744 919 804 appositos
943 743 1092 803 sciret)
1130 746 1186 791 de
1213 746 1394 793 Davide
1438 750 1644 796 tollendo
1666 751 1906 798 consultat.
1981 762 1983 765 ’

141 805 221 852 lili
243 805 480 853 confilium
503 805 690 869 quidem
723 807 996 868 probabant,
1035 809 1106 854 sed
1132 811 1193 855 rei
1217 813 1430 873 gerendae
1447 814 1670 861 rationem
1694 831 1785 861 non
1804 816 1908 861 satis

140 869 462 933 expediebant.
488 872 553 917 Ea
572 870 841 917 consultatio
853 870 1030 934 aliquot
1051 873 1147 920 dies
1171 874 1332 921 tenuit.
1357 876 1452 922 Alii
1469 877 1655 924 ministri
1677 879 1757 941 qui
1778 892 1913 926 extra-

138 936 190 985 id
213 935 447 982 confilium
467 947 612 989 erant,
635 934 683 981 id
706 936 833 997 quod
854 949 949 982 erat
965 935 1173 998 suspicati
1195 939 1350 985 multis
1372 940 1702 1001 prodeuntibus
1721 943 1908 990 indiciis
1955 970 1959 975 -

141 1002 310 1048 factum
336 1002 392 1046 ad
416 1001 643 1063 Reginam
668 999 899 1054 deferunt,
932 1013 1072 1062 atque
1102 1017 1201 1048 eam
1228 1002 1276 1049 in
1314 1021 1409 1050 rem
1451 1006 1713 1067 praesentem
1738 1007 1778 1052 se
1800 1009 1904 1069 pol-

138 1067 337 1113 licentur
351 1066 579 1111 ducturos.
605 1065 708 1110 Nec
730 1063 778 1110 in
790 1080 844 1110 eo
860 1063 1134 1112 fefellerunt.
1165 1067 1416 1114 Observato
1431 1070 1553 1115 enim
1581 1083 1783 1133 tempore
1797 1073 1910 1120 cum

139 1131 327 1180 exclusis
351 1128 453 1175 aliis
477 1131 577 1175 Rex
599 1128 732 1182 solos,
757 1128 923 1190 quibus
949 1129 1131 1181 fidebat,
1165 1131 1387 1178 ministros
1412 1132 1558 1179 secum
1583 1134 1786 1190 haberet,
1810 1121 1933 1182 Re}¹¹¹

137 1195 250 1259 gina
280 1194 408 1240 velut
428 1210 509 1256 per
529 1193 795 1239 cubiculum
825 1192 920 1248 eius
943 1193 999 1239 ad
1021 1193 1149 1240 suum
1179 1196 1431 1252 transitura,
1468 1199 1645 1261 Regem
1667 1214 1769 1245 cum
1794 1215 1905 1246 con..

138 1261 237 1308 sciis
260 1258 526 1306 arcanorum
548 1258 775 1320 oppressit.
842 1257 901 1306 Et
922 1256 968 1303 in
1004 1274 1110 1304 eum
1132 1259 1292 1306 acerbe
1325 1260 1503 1308 invecta
1527 1263 1782 1310 domesticis
1805 1263 1906 1324 ejus

136 1325 338 1389 graviter
370 1321 663 1370 interminata
695 1321 855 1368 frustra
871 1337 948 1367 eos
973 1323 1240 1378 consultare,
1280 1323 1322 1370 se
1345 1341 1504 1372 omnes
1543 1327 1903 1375 machinationes

136 1408 181 1437 et
195 1406 295 1436 rum
315 1388 514 1441 scira&
537 1385 790 1432 remedium
812 1386 859 1431 in
883 1398 1089 1446 tempore
1110 1387 1436 1437 adhibituram.

202 1455 384 1501 LVIII.
417 1452 536 1498 Cum
560 1451 609 1496 in
633 1467 687 1496 eo
720 1451 832 1495 statu
854 1466 922 1496 res
945 1451 1067 1505 esset,
1106 1452 1207 1498 Rex
1229 1453 1435 1500 dolorem
1474 1454 1601 1504 suum
1633 1472 1736 1503 cum
1772 1470 1907 1520 patre

138 1517 463 1581 communicat.
532 1516 765 1562 Malorum
805 1513 1092 1576 praesentium
1134 1532 1188 1562 un
1200 1533 1248 1563 us
1270 1517 1336 1563 eis
1374 1519 1553 1565 videtur
1588 1521 1754 1576 exitus,
1794 1523 1823 1568 fi
1846 1538 1900 1568 ea

65 1632 68 1636 ,
137 1601 240 1637 pars
260 1579 529 1634 nobilitatiS,
560 1596 663 1640 quae
685 1578 841 1625 aderat
861 1577 1164 1633 reconciliari,
1190 1586 1229 1627 ἀ
1252 1598 1354 1643 quae
1379 1583 1548 1636 aberat,
1575 1586 1774 1632 revocari
1797 1586 1898 1648 pos·

135 1648 215 1695 set.
263 1647 351 1693 Sed
375 1633 432 1691 ad
453 1643 501 1690 id
524 1642 806 1689 festinatione
827 1659 942 1705 opus
964 1654 1075 1697 erat,
1096 1646 1223 1704 quod
1238 1646 1335 1706 jam
1357 1645 1450 1692 dies
1470 1648 1574 1694 ess'et
1594 1649 1904 1713 propinquus,

134 1729 229 1777 quo
251 1713 325 1758 die
359 1709 540 1771 Regina
561 1723 769 1770 proceres
792 1707 993 1754 absentes
1029 1707 1244 1754 damnare
1265 1709 1542 1757 decreverat.
1610 1708 1675 1758 Ea
1696 1714 1818 1759 enim
1842 1714 1902 1760 de

133 1776 265 1825 causa
296 1784 574 1822 conventum
606 1772 736 1818 illum
771 1771 1014 1823 indixerat,
1059 1774 1348 1825 Francorum,
1373 1779 1413 1820 &
1453 1775 1710 1838 Anglorum
1736 1777 1899 1839 legatis

136 1842 333 1889 multum
355 1838 705 1902 deprecantibus
732 1854 741 1882 :
768 1848 818 1882 ut
838 1837 920 1898 qui
942 1835 1104 1881 seirent
1125 1836 1239 1883 nihil
1263 1850 1356 1885 tam
1378 1838 1527 1885 severa
1547 1840 1898 1888 animadversio·

134 1924 194 1953 ne
215 1905 405 1962 dignum
448 1920 472 1948 a
518 1902 604 1948 reis
627 1901 913 1948 commiss'um
952 1918 962 1946 :
997 1899 1247 1964 animisque
1269 1904 1407 1951 etiam
1445 1903 1697 1952 secuturum
1727 1919 1898 1968 praece-

127 1981 291 2038 perant
308 1968 579 2033 periculum.
1557 2015 1560 2018 Δ

199 2036 327 2083 LIX.
360 2033 540 2081 Eisdem
571 2030 731 2079 diebus
766 2029 911 2076 literae
933 2028 1199 2092 longiffimae
1228 2029 1287 2078 ab
1320 2030 1503 2096 Angliae
1540 2032 1723 2096 Regina
1759 2049 1904 2080 vene·
1968 2066 1971 2071 f

132 2114 235 2150 rant
260 2116 272 2145 t
305 2099 351 2145 in
376 2098 542 2161 quibus
576 2096 722 2142 multa
743 2094 984 2144 benevole,
1020 2101 1060 2139 «Sc
1083 2096 1329 2156 prudenter
1361 2099 1419 2142 de
1440 2097 1648 2159 praese'nti
1674 2114 1823 2144 rerum
1846 2098 1895 2145 in

103 2226 107 2227 ⁷
134 2164 290 2213 Scotia
309 2164 422 2210 statu
443 2160 680 2208 differebat
713 2178 723 2206 ε
761 2161 830 2221 (1)
858 2159 1127 2220 leV1terque‚
1165 2173 1302 2222 atque
1324 2160 1461 2206 etiam
1484 2175 1687 2210 amanter
1707 2162 1897 2224 propin-

130 2247 236 2294 quae
257 2228 463 2276 animum
486 2225 629 2272 abira
650 2224 708 2271 ad
731 2221 1092 2276 moderationem
1111 2224 1368 2271 revocabat.
1435 2226 1539 2280 Ea3‚
1559 2226 1668 2286 quia
1689 2241 1901 2288 proceres

128 2295 296 2342 venisse
318 2291 534 2345 sciebant,
558 2305 722 2352 -neque
743 2287 983 2334 dubitabat
1003 2287 1259 2349 quisquam,
1293 2305 1392 2350 *qua
1409 2287 1465 2334 de
1487 2304 1534 2336 re
1555 2290 1892 2353 erant-scriptae‚

128 2358 349 2407 civilioris
371 2355 513 2404 animi
534 2355 747 2402 affectum
769 2350 950 2416 Regina
969 2367 1077 2414 erga
1098 2367 1172 2398 eos
1196 2353 1741 2417 simulans-compluribus
1761 2354 1895 2400 adhi-

88 2472 89 2475 ,
130 2424 240 2475 bitis
262 2423 415 2486 legere
437 2431 653 2484 coeperat.
721 2419 845 2465 Cum
865 2416 914 2462 in
939 2416 1091 2462 medio
1114 2417 1241 2464 cursu
1262 2417 1417 2464 David
1438 2434 1537 2464 eam
1560 2418 1710 2480 palam
1734 2418 1894 2465 admo·

130 2489 252 2543 nuit,
285 2487 387 2533 satis
413 2487 581 2532 lectum
603 2485 687 2530 esse
713 2501 724 2530 z
759 2493 896 2544 atque
919 2480 1279 2540 subfisterejuffit
1303 2499 1314 2529 ε
1347 2481 1396 2528 id
1427 2482 1523 2542 ejus
1553 2483 1722 2529 fafitum
1745 2481 1891 2545 magis

130 2551 394 2618 superbum,
417 2549 557 2613 quam
580 2563 751 2596 novum
772 2544 987 2593 omnibus
1009 2546 1068 2591 est
1089 2545 1234 2593 visum
1264 2563 1274 2592 ε
1298 2545 1472 2609 quippe
1492 2546 1576 2608 qui·
1595 2562 1686 2593 non
1708 2544 1892 2609 ignora·

128 2629 249 2673 rent,
273 2631 414 2678 quam
434 2613 673 2676 imperiose
694 2613 962 2674 plaerunque
984 2627 1093 2673 erga
1113 2627 1214 2656 eam
1235 2610 1321 2657 sese
1342 2623 1519 2674 gereret
1544 2629 1555 2657 :
1591 2623 1727 2674 atque
1747 2610 1891 2657 inter-

127 2682 240 2729 dum
262 2679 410 2727 acrius
429 2677 798 2741 reprehenderet,
820 2673 958 2737 quam
982 2673 1169 2721 maritus
1190 2675 1394 2722 auderet.

127 2769 141 2783 >s
193 2746 297 2794 LX.
331 2745 417 2790 Per
435 2759 513 2790 eos
535 2742 632 2788 dies
654 2741 704 2789 in
724 2750 952 2787 conventu
974 2739 1162 2802 publico
1183 2740 1241 2786 de
1262 2739 1392 2787 causa
1411 2739 1598 2788 exulum
1619 2736 1781 2786 acriter
1801 2736 1891 2784 dis-

126 2809 376 2876 putabatur
400 2826 412 2854 :
447 2806 548 2854 aliis
572 2817 623 2853 ut
641 2805 835 2870 Reginae
855 2803 1234 2866 gratificarentur,
1257 2820 1443 2866 poenam
1463 2801 1790 2867 perduellionis
1811 2803 1894 2848 de-

126 2873 420 2924 cernentibus
455 2890 469 2919 :
499 2870 599 2919 aliis
636 2867 1020 2917 contendentibus
1059 2867 1174 2928 nihil
1211 2869 1363 2915 adhuc
1395 2868 1524 2915 fuiffe
1559 2878 1889 2930 perpetratum,
1951 2885 1954 2887 >

125 2931 371 3003 quod'tam
391 2936 541 2984 severe
561 2935 850 2998 plecteretur.
927 2931 1086 2978 David
1105 2932 1279 2980 interea
1303 2932 1504 2996 fingulos
1524 2931 1811 2985 circumibat,
1842 2946 1892 2977 a·

126 3003 364 3067 nimosque
385 3000 689 3064 pertentabat,
706 2997 819 3060 quid
839 2995 900 3049 de,
917 2996 1174 3044 absentibus
1189 2997 1453 3043 decreturus
1469 2995 1660 3059 quisque
1677 2996 1798 3049 effet,
1815 2993 1845 3040 fi
1865 3010 1900 3040 a⁴
1959 3051 1962 3054 ι
1979 3039 1981 3041 ,

125 3069 306 3133 reliquo
328 3078 557 3114 conventu
581 3066 678 3128 [(2)
718 3059 996 3123 Proboulos]
1019 3060 1246 3124 legeretur
1265 3077 1278 3107 ε
1303 3077 1387 3107 nec
1404 3060 1644 3107 dubitabat
1660 3059 1891 3106 ostendere
1955 3068 1991 3130 «ξ

125 3146 282 3197 aperte
303 3130 533 3194 Reginam
553 3130 671 3176 velle
691 3144 768 3175 eos
788 3125 1091 3173 condemnari
1110 3143 1123 3173 ε
1144 3124 1225 3189 qui
1242 3125 1369 3173 <secus
1388 3124 1565 3180 fecerit,
1587 3123 1746 3170 frustra
1763 3121 1850 3170 niti
1874 3139 1888 3169 :

127 3201 348 3260 superque
383 3197 551 3242 malam
584 3193 779 3257 gratiam
811 3190 936 3253 apud
967 3189 1227 3254 principem
1258 3190 1502 3237 initurum.
1568 3188 1687 3234 Haec
1724 3187 1891 3250 agebat

125 3275 314 3325 partim,
349 3271 400 3306 ut
438 3259 709 3305 infirmiores
747 3257 842 3320 spe,
883 3259 929 3305 &
967 3266 1093 3302 metu
1116 3255 1317 3303 turbaret
1348 3251 1559 3316 :partim
1582 3264 1633 3298 ut
1654 3251 1889 3312 „firmiores
1985 3280 1990 3287 ·

125 3341 152 3372 e
175 3340 364 3371 numero
380 3321 591 3385 judicum
630 3322 896 3369 selectorum
917 3319 1284 3367 excluderentur.
1352 3319 1521 3365 Saltem
1547 3327 1596 3363 ut
1616 3314 1759 3376 major
1781 3329 1883 3376 pars

126 3403 184 3433 ex
206 3403 261 3433 eo
283 3396 473 3440 numero
493 3388 616 3442 effet,
650 3385 732 3448 qui
752 3385 908 3432 omnia
928 3383 1122 3449 Reginae
1139 3383 1476 3430 assentarentur.
1541 3380 1679 3427 Hanc
1697 3378 1746 3425 in
1767 3378 1886 3424 sum-

127 3467 204 3499 ma
223 3450 518 3512 improbitate
554 3449 756 3501 hominis
776 3447 954 3500 obscuri
984 3446 1241 3515 potentiam
1263 3462 1370 3494 cum
1403 3442 1631 3509 plaerique,
1655 3442 1884 3503 timerent,-

186 3566 246 3620 (ι)
275 3567 342 3608 Al.
361 3545 598 3616 leniterque„
1092 3565 1158 3618 (2)
1187 3565 1386 3605 Prendent.
1429 3557 1435 3562 “

1787 3620 1903 3654 nm*—
1965 3591 1975 3618 ’-
