2053 3822
567 160 898 228 LIBER
990 158 1372 224 NONUS„
1703 173 1850 238 275z

58 261 273 333 'quorum
295 262 458 328 posteri
479 260 663 310 alterius
684 260 732 306 in
755 259 923 306 Nithia
943 256 1334 310 Drumlanricum,
1369 251 1554 301 alterius
1574 252 1622 299 in
1645 253 1745 301 Fifa
1766 270 1834 302 ar-

75 349 177 379 cem
206 334 326 378 lacus
352 326 551 385 Levinii,
585 324 851 387 opulentosq
861 340 914 368 ue
936 322 1055 369 circa
1073 338 1205 385 agros
1226 319 1377 367 adhuc
1392 328 1566 365 tenent.
1633 318 1749 365 Haec
1768 319 1835 365 fe-

58 409 124 444 .re
139 397 166 443 a
184 394 330 442 Scotis
347 395 395 441 in
411 389 566 438 Gallia
582 387 739 452 paucis
757 387 886 432 annis
904 389 1024 449 gesta
1040 386 1200 432 leviter
1220 381 1543 446 percurrimus,
1560 396 1611 431 ut
1623 400 1833 435 externa:

76 467 119 508 Sc
143 475 339 523 quorum
361 457 498 503 fustor
517 452 767 517 explicatio
787 466 844 496 ex
865 451 1103 497 annalibus
1125 450 1370 496 Gallorum
1391 446 1489 510 peti
1505 450 1665 512 potest.
1701 453 1836 514 Qae‚

22 525 31 535 '
74 526 154 573 etsi
178 525 234 571 ab
254 521 437 568 historia
457 522 698 566 Scotorum
720 532 814 563 non
831 513 932 560 sunt
948 514 1096 561 aliena
1113 514 1311 577 penitus,
1332 525 1483 558 tamen
1502 514 1556 561 ad
1580 530 1634 561 ea
1654 531 1747 563 non
1766 515 1838 562 di-

74 588 312 640 vertiffem,
339 585 419 631 nifi
452 582 740 647 quorundam
771 577 1042 640 scriptorum
1065 578 1367 641 Anglicorum
1390 577 1658 625 obtrectatio
1679 581 1736 627 eb
1764 596 1838 627 me

68 651 300 715 coegiffet.
367 646 683 697 Maledicendi
702 644 826 693 enim
847 643 992 690 studio
1014 643 1227 707 vellicare
1248 654 1485 698 conantur,
1503 645 1609 707 quae
1628 640 1751 707 gesta
1766 645 1845 692 fu-

59 717 148 764 -iss‘e
172 731 337 778 negare
360 730 452 761 non
474 713 671 761 audeant
695 729 706 757 :
732 725 854 772 quae,
875 708 905 753 fi
927 706 1066 754 etiam
1092 705 1273 753 historia
1296 718 1658 761 taceret,·tamen
1681 715 1721 757 &
1744 710 1838 757 Re-

72 797 187 844 gum
207 778 533 831 munificentia,
548 783 589 824 Sc
611 774 848 822 civitatum
869 773 1067 827 decreta,
1089 774 1139 821 δε
1158 770 1408 817 honorifica
1432 772 1647 828 Aureliae,
1664 776 1715 823 ὃς
1733 775 1837 822 Tu-

72 846 198 893 ronis
221 855 520 891 monumenta
541 840 641 887 satis
660 856 713 887 ea
735 837 1051 901 praedicarent.
1108 835 1235 899 Qid
1256 852 1366 898 ergo
1383 835 1460 882 hic
1480 835 1594 893 vitio
1617 850 1798 886 vertunt
1817 843 1845 885 ἓ

76 912 235 957 Scotoss
256 909 383 954 aiunt
403 905 694 970 pauperiores
717 905 818 956 effe,
835 901 976 966 quam
999 913 1049 950 ut
1070 912 1214 949 tantas
1234 900 1387 962 copias
1405 899 1454 946 in
1471 912 1658 948 externo
1680 902 1773 950 solo
1791 921 1841 951 a·

72 975 165 1021 lere
187 974 384 1036 poffent:
440 972 761 1033 Paupertatem
784 969 814 1014 s1
837 966 1001 1014 vitium
1029 976 1205 1029 putant,
1225 964 1325 1028 agri
1345 966 1422 1020 est,
1446 981 1538 1011 non
1559 966 1710 1028 gentis
1734 968 1837 1014 viti.

74 1055 168 1085 um.
200 1038 303 1083 Nec
324 1052 412 1098 ego
435 1035 483 1082 id
500 1035 587 1097 pro
618 1032 827 1080 convicio
848 1031 1142 1093 accaepiss‘em,
1166 1029 1246 1076 nifi
1269 1023 1432 1092 scripta
1459 1045 1618 1076 eorum
1640 1032 1841 1079 convici-

71 1102 181 1149 andi
205 1102 357 1151 animo
380 1100 552 1147 dicium
574 1098 702 1144 fuisse
719 1096 1017 1144 ostenderent.
1033 1095 1216 1158 Qibus
1239 1095 1328 1139 hoc
1346 1104 1521 1140 tantum
1539 1094 1843 1157 respondebo,

74 1183 294 1228 pauperes
317 1166 437 1219 istos,
455 1170 501 1211 δε
519 1168 590 1226 (ut
610 1162 681 1209 isti
698 1162 877 1220 volunt)
894 1159 1101 1206 omnium
1121 1174 1271 1204 rerum
1293 1156 1453 1222 inopes
1473 1160 1630 1204 Scotos
1649 1161 1707 1206 de
1726 1178 1843 1224 opu..

73 1232 204 1277 lenti
234 1229 399 1292 Anglis
433 1229 614 1282 multa5‚
641 1233 682 1274 δε
710 1225 944 1289 praeclaras
979 1222 1173 1270 retulisse
1198 1221 1403 1268 vietor-ias
1429 1238 1441 1267 z
1471 1222 1522 1268 id
1544 1222 1576 1268 fi
1614 1224 1734 1278 mihi,
1749 1241 1841 1273 non

71 1296 282 1350 credunt,
307 1293 499 1340 historiis
524 1292 550 1338 a
567 1293 608 1337 se
636 1291 809 1354 scriptis
832 1290 1047 1335 credant:
1073 1286 1240 1350 quibus
1262 1286 1293 1332 fi
1314 1286 1398 1346 ipfi
1423 1285 1558 1332 fidem
1583 1287 1839 1343 detrahant,

73 1376 132 1407 ne
155 1361 398 1422 postulent,
421 1370 471 1404 ut
502 1372 582 1403 nos
605 1373 678 1403 eas
707 1372 790 1419 pro
816 1352 936 1401 veris
958 1351 1252 1415 accipiamus.
1322 1351 1411 1397 Sed
1433 1351 1489 1396 ad
1509 1366 1577 1398 res
1603 1354 1842 1410 Scotorum

77 1425 332 1482 redeamus.
819 1452 830 1464 ,-

140 1490 294 1536 XXV.
327 1487 542 1542 Suffecto,
564 1486 632 1532 uti
654 1483 870 1539 diximus,
894 1482 942 1528 in
964 1483 1121 1529 locum
1141 1479 1278 1543 patris
1302 1481 1528 1527 Mordaco
1551 1480 1693 1528 soluta
1714 1482 1843 1532 domi

76 1552 331 1616 disciplina,
353 1567 459 1598 cum
481 1549 616 1598 liberi
634 1551 730 1610 ejus
758 1555 908 1612 (erant
926 1560 1076 1592 autem
1095 1547 1327 1598 Valteru3‚
1354 1546 1630 1611 Alexander,
1649 1550 1697 1596 ὃς
1713 1548 1844 1595 Iaco-

76 1617 179 1677 bus)
204 1618 440 1664 inferiores
455 1627 816 1667 contemnerent,
841 1628 895 1660 ac
912 1610 1107 1674 proinde
1138 1609 1293 1655 multis
1315 1609 1492 1670 injuriis
1512 1610 1842 1672 opprimerent,

76 1678 516 1743 adolescentiamque
536 1680 720 1734 eisdem,
741 1677 908 1740 quibus
930 1675 1013 1736 ipsi
1036 1674 1182 1720 dediti
1202 1686 1331 1719 erant
1352 1673 1843 1734 flagitiis'contamina-

60 1759 193 1800 frent,
215 1762 299 1792 nec
318 1760 446 1808 pater
467 1760 626 1790 eorum
646 1752 971 1804 comprimeret
989 1738 1235 1792 licentiam,
1256 1737 1438 1783 tandem
1459 1738 1516 1783 ad
1537 1736 1682 1801 ipsum
1696 1758 1845 1802 pravae

75 1810 368 1866 institutionis
391 1824 529 1871 poena
549 1807 802 1870 proserpfit.
872 1803 1089 1853 Habebat
1123 1802 1254 1849 senex
1274 1801 1322 1867 in
1359 1801 1527 1848 delitiis
1547 1819 1677 1849 avem
1710 1822 1765 1850 ex
1788 1823 1843 1853 eo

76 1891 243 1936 genere
263 1874 536 1935 aquilarum,
553 1872 677 1934 quod
698 1865 862 1933 vulgus
887 1869 1089 1914 falcones
1108 1866 1326 1929 appellat.
1395 1868 1507 1912 Eam
1536 1868 1640 1912 cum
1664 1867 1690 1913 ὲ
1712 1883 1843 1931 patre

76 1940 387 2001 saepenumero
415 1938 624 1984 Valterus
649 1934 839 1998 petisset,
868 1949 951 1979 nec
972 1932 1139 1994 affequi
1164 1942 1313 1977 tamen
1337 1932 1494 1992 posset,
1521 1931 1546 1978 ὲ
1572 1930 1682 1978 senis
1707 1950 1845 1981 manu
1889 1958 1892 1959 ⁷

74 2004 310 2064 abreptam
334 2003 519 2048 obtorto
543 2000 664 2046 collo
687 1997 900 2046 extinxit.
970 1997 1062 2042 Cui
1085 2008 1231 2058 pater,
1251 1995 1488 2058 Qoniam
1513 2007 1579 2049 tu,
1603 1995 1771 2059 inquit,
1796 2016 1845 2045 a·

75 2067 203 2113 nimo
229 2080 306 2113 tuo
325 2066 548 2128 imperare
570 2080 660 2110 non
679 2076 828 2126 potes,
849 2072 898 2108 ut
920 2060 1035 2107 mihi
1053 2076 1225 2123 pareas,
1242 2076 1330 2122 ego
1353 2059 1492 2106 alium
1513 2061 1752 2117 accersam,
1772 2064 1847 2111 cui

72 2132 390 2193 obtemperare
417 2130 553 2177 ambo
572 2145 808 2192 cogemur.
829 2128 985 2188 Atque
1006 2141 1062 2171 ex
1073 2142 1126 2171 eo
1146 2124 1203 2170 ad
1217 2124 1436 2171 Iacobum
1455 2126 1708 2186 patruelem
1723 2128 1847 2173 resti-

57 2197 297 2242 tuendum
321 2211 506 2243 omnem
530 2193 672 2240 animi
692 2189 1023 2255 cogitationem
1046 2189 1724 2252 convertit2CalenovCa1nbello
1747 2192 1846 2238 viro

75 2261 215 2316 claro,
241 2273 377 2322 atque
408 2260 527 2306 inter
547 2258 841 2321 Argathelios
864 2253 1098 2318 primario,
1126 2259 1164 2300 δε
1188 2271 1327 2317 quem
1348 2253 1558 2299 valterus
1582 2267 1716 2301 antea
1735 2272 1845 2302 con-

75 2324 280 2371 tumeliis
305 2324 535 2378 affecerat,
560 2322 610 2368 id
627 2320 861 2369 confilium
888 2327 928 2366 δε
966 2319 1206 2379 probante,
1231 2325 1270 2365 &-
1294 2318 1501 2376 juvante.
1567 2319 1847 2368 Convocatis

53 2388 223 2452 ,igitur
259 2387 468 2435 omnium
507 2386 723 2443 ordinum
755 2384 926 2432 seleEtis
959 2384 1194 2438 Perthurn,
1219 2398 1322 2428 cum
1347 2382 1402 2441 de
1433 2383 1697 2433 revocando¹
1717 2385 1847 2448 Rege

55 2453 268 2517 ,consulti
290 2454 444 2507 effem,
468 2453 540 2500 vel
559 2451 712 2497 favore
735 2466 843 2513 erga
863 2448 1125 2512 legitimum
1145 2445 1543 2510 regriihaeredem,
1562 2447 1634 2492 vel
1653 2449 1844 2509 praesen-

75 2518 192 2564 tium
211 2520 361 2564 rei-um
385 2518 540 2570 taedio‚
558 2515 709 2562 cunfti
733 2514 929 2561 libenter
947 2512 1186 2558 decrevere
1209 2510 1488 2573 legationem
1507 2511 1567 2556 ad
1587 2528 1692 2558 eum
1715 2530 1847 2576 repe-

76 2584 283 2633 tendum.
339 2581 459 2628 Miffi
480 2583 502 2628 ὲ
530 2581 599 2641 (1)
626 2579 905 2642 primoribus
923 2577 1083 2639 legati,
1100 2576 1354 2639 proniores,
1379 2576 1520 2636 quam
1543 2573 1844 2638 speraverant,

76 2647 257 2709 Anglos
277 2645 506 2692 invenere.
577 2645 687 2690 Dux
709 2641 833 2690 enim
858 2641 1142 2696 Glocestriae‚
1182 2639 1260 2703 qni
1293 2652 1391 2685 tum
1423 2639 1552 2702 Rege
1585 2657 1728 2703 puero
1750 2660 1848 2690 rem

76 2710 326 2773 A‘nglicam
349 2708 704 2762 administrabat,
744 2707 967 2755 advocato
990 2705 1179 2752 consilio
1210 2703 1346 2751 facile
1378 2703 1611 2766 persuasit,
1645 2719 1695 2752 ut
1719 2708 1848 2754 Iaco-

27 2771 30 2775 ’
78 2775 162 2822 bus
185 2773 326 2837 Regis
351 2776 591 2836 Scotorum
616 2772 735 2819 filius
758 2770 845 2817 suis
866 2770 1127 2832 petentibus
1145 2770 1336 2816 domum
1358 2767 1681 2824 remitteretur,
1703 2788 1848 2833 quan-

78 2841 140 2886 do
161 2855 243 2886 nec
264 2856 316 2885 ea
334 2839 441 2886 estet
457 2838 580 2899 apud
598 2836 698 2884 suos
715 2835 1002 2889 auctoritate,
1025 2848 1075 2882 ut
1093 2836 1165 2881 vel
1187 2832 1356 2880 auxilia
1379 2832 1669 2881 Scotorum‘e
1693 2836 1849 2881 Gallia

0 2956 2 2958 v
76 2915 328 2957 revocaret,
343 2905 415 2949 vel
438 2903 641 2963 aliquam
664 2900 795 2964 regni
817 2911 994 2962 partem
1017 2900 1075 2946 ad
1098 2900 1359 2962 Anglorum
1382 2894 1631 2943 amicitiam
1653 2900 1850 2944 attrahe-

8 3002 14 3006 s
80 2981 162 3015 ret.
231 2967 339 3014 Alia
358 2967 502 3031 igitur
525 2965 699 3013 ratione
721 2966 918 3012 fructum
942 2980 999 3012 ex
1020 2980 1075 3011 eo
1098 2962 1374 3026 capiendum
1398 2960 1500 3015 effe,
1524 2973 1574 3007 ut
1596 2977 1686 3007 non
1709 2964 1850 3009 modo
1871 3000 1878 3009 .

10 3086 12 3088 ,
42 3065 47 3070 -
79 3032 234 3079 firmus
256 3030 447 3087 amicus,
472 3029 546 3079 sed
565 3031 703 3076 etiarn
727 3039 950 3092 perpetuo
968 3028 1018 3074 in
1039 3030 1300 3091 Anglorum
1324 3025 1540 3088 potestate
1558 3026 1678 3071 effer.
1724 3023 1849 3074 Nam

50 3131 54 3134 »
77 3098 300 3143 Ioannam
324 3095 522 3143 Comitis
541 3092 784 3154 Sqmerseti
802 3092 942 3139 filiam
960 3094 1171 3140 omnium
1195 3090 1443 3151 aequalium
1465 3089 1603 3151 longe
1625 3088 1849 3138 formosis-

8 3202 15 3209 ,
51 3200 58 3205 .
81 3161 238 3206 simam
265 3162 423 3220 (quam
437 3160 533 3219 jam
556 3170 655 3204 tum
676 3157 754 3204 ille
779 3159 1072 3212 vehementer
1093 3155 1351 3216 deperibat)
1394 3153 1424 3197 fi
1461 3167 1647 3198 uxorem
1671 3154 1850 3217 accipe.

78 3237 163 3278 ret,
189 3239 271 3286 per
291 3237 392 3270 eam
414 3222 565 3271 foedus‘
575 3221 825 3268 Gallicum
842 3220 978 3267 facile
999 3217 1263 3267 labefaciari
1279 3217 1400 3280 poffe
1418 3214 1500 3261 fibi
1517 3215 1846 3278 persuadebat:

28 3314 47 3321 κ

84 3387 286 3434 Dalkeith,
299 3389 369 3426 arrd
383 3387 560 3426 William
570 3390 749 3440 Douglass
761 3391 836 3428 first
848 3389 940 3428 laird
996 3388 1088 3427 liam
1103 3387 1184 3437 Hay
1198 3386 1356 3426 ofErrol
1373 3386 1570 3434 constable,
1585 3389 1714 3439 Hem-y
1733 3392 1851 3436 Lign-

0 3468 2 3472 -
64 3467 65 3470 =
82 3442 417 3489 ofnrumlangrig‚
433 3444 578 3488 natural
594 3444 658 3481 son
670 3453 708 3482 to
718 3447 845 3497 James
862 3443 940 3480 earl
995 3451 1060 3479 ton
1093 3443 1216 3490 bishop
1248 3441 1297 3479 of
1323 3439 1532 3487 Aberdeen‚
1564 3443 1777 3482 Alexan-sier
1786 3435 1851 3481 ‘Ir-

82 3499 130 3535 οἷ
142 3494 317 3543 Douglass
338 3494 425 3531 ssain
444 3504 481 3531 at
498 3498 719 3535 Ort-erbum.
894 3524 895 3528 ,
959 3524 961 3527 .
994 3495 1081 3532 vine
1114 3496 1158 3532 of
1187 3495 1322 3539 Drum,
1358 3495 1428 3530 and
1465 3494 1632 3534 Richard
1661 3498 1851 3536 Cornwall

80 3559 85 3562 ·
110 3600 111 3604 ¹
137 3549 196 3598 (ι)
225 3547 418 3586 Ar‘chbald
444 3550 519 3587 earl
541 3550 585 3587 of
608 3547 800 3600 Douglass,
835 3549 940 3588 Wil-
1001 3548 1227 3587 archdeacon
1244 3547 1289 3587 of
1300 3546 1479 3587 Lothian·

866 3650 1062 3706 Mmz
1270 3706 1273 3708 ,
1806 3656 1859 3706 ὃῖ
