1994 3833
117 137 249 201 574
434 121 794 186 RERUM
882 123 1572 205 Scor-irenaei}

116 212 258 286 bello,
298 217 348 264 ὃς
378 235 488 282 pace
511 220 661 285 gestis,
702 235 855 268 tamen
877 219 996 269 inter
1019 222 1237 270 instabilis
1260 225 1377 270 aulae
1399 225 1616 285 procellas
1637 226 1702 274 ita
1716 230 1883 289 jaff-‘itia¹

115 277 305 333 fuerint,
328 293 376 326 ut
395 282 611 331 summam
632 287 826 348 gloriam
846 303 991 349 prope
1009 289 1183 350 semper
1201 289 1374 335 summa
1389 289 1780 354 compensaret(1)
1801 295 1873 360 ig-

113 344 317 415 nomina.
358 347 490 396 Pater
511 352 751 413 majestatis
773 352 1019 414 postulatus
1039 351 1225 414 publice
1248 368 1429 415 poenarn
1448 353 1611 400 luerat.
1667 359 1735 416 (z)
1757 357 1876 409 Duae

114 422 257 456 etiam
283 412 555 478 propinquae
577 416 672 477 ejus
695 417 1127 481 Reginaesupplicio
1149 417 1329 464 fuerant
1350 418 1535 464 affectae.
1584 419 1679 482 lpse
1701 421 1747 467 in
1777 435 1877 470 tan·

114 485 162 547 ²²3
199 493 349 526 rerum
387 482 593 543 angustia·
628 481 879 530 liberaliter
899 482 1116 529 educatus
1140 482 1364 530 familiam
1387 483 1444 528 ab
1465 481 1651 531 interitu
1671 485 1878 535 vindica-

115 552 184 585 wt
204 563 218 591 z
249 549 287 589 &
311 543 360 591 in
381 544 693 606 ipsojuventae
715 545 904 595 introitu
926 545 1163 608 singularis
1187 546 1441 609 prudentiae
1459 546 1580 607 spem
1602 549 1906 610 praebuerat„⁴

115 607 277 655 Paucis
300 623 453 659 autem
486 612 614 660 annis
648 612 877 660 mortibus
895 626 1109 665 uxorum,
1146 617 1187 659 δε
1222 611 1352 658 novis
1388 609 1689 659 matrimoniis
1712 614 1898 668 ditatu&

115 675 376 737 Anglorum
401 670 540 739 lo'nge
568 678 897 739 potentiffirrus
917 676 1013 738 post
1034 677 1185 740 Reges
1206 676 1344 723 evasit
1368 694 1379 724 :
1416 692 1467 723 ac
1488 676 1671 737 opibus,
1707 684 1747 725 δι
1772 695 1881 742 pru-

116 742 275 789 dentia
297 742 472 808 reliqua
494 743 682 804 quidem
711 742 924 791 nobilitas
947 740 990 787 ei
1011 740 1218 788 cedebat.
1286 742 1377 788 Sed
1412 740 1461 786 in
1498 757 1546 787 re
1569 742 1755 791 militari
1777 746 1880 792 nul.

113 807 212 853 lum
237 808 385 854 adhuc
403 808 466 853 lui
491 808 719 869 specimen
741 808 944 854 dederat.
1012 806 1064 851 In
1088 805 1323 869 religionis
1355 807 1464 852 vero
1502 808 1815 855 controverfiis
1840 810 1881 859 i*

115 885 163 920 za
183 871 225 918 se
246 872 514 936 amblguum
539 872 745 936 gerebat,
786 886 834 918 ut
855 869 1062 933 quamvis
1099 886 1157 916 ex
1179 870 1333 917 animo
1356 869 1566 934 Papismo
1595 873 1882 928 faverendi.

111 938 340 986 vei-sarum
381 951 532 990 tamen
557 937 755 1000 partium
777 936 1043 993 hominibus
1078 933 1261 982 interim
1283 934 1348 982 ita
1377 936 1419 985 se
1439 937 1599 994 dabat,
1637 950 1687 985 ut
1722 956 1890 988 eorum,
1920 956 1924 960 ’

113 1004 339 1067 plaerique
362 1019 443 1064 pro
465 1002 543 1049 suo
565 1020 673 1049 eum>
692 1014 998 1048 numerarent.

182 1070 290 1116 XL}
347 1070 471 1115 inter
493 1068 590 1114 haec
614 1066 794 1129 Regina
818 1068 1054 1112 Scotorum
1078 1063 1240 1127 praelio
1261 1063 1380 1112 vidia
1397 1065 1443 1112 in
1467 1067 1687 1131 Angliam
1711 1068 1753 1115 se
1771 1085 1891 1117 con--

117 1134 244 1187 tulit,
278 1139 314 1179 δι
340 1134 490 1178 literas
526 1136 582 1179 de
621 1132 751 1178 caula
788 1130 854 1178 sui
876 1131 1096 1177 adventus
1118 1129 1176 1174 ad
1197 1129 1426 1193 Reginam
1450 1133 1710 1195 Anglorum
1736 1134 1880 1185 dedit.

117 1200 198 1246 Ab
218 1216 269 1243 ea
284 1198 396 1258 jussa
425 1197 485 1242 est
503 1197 625 1260 apud
647 1198 868 1258 Scrupum
893 1193 1128 1241 hominem
1148 1194 1372 1249 nobilem,
1397 1201 1435 1241 &
1456 1196 1616 1245 limitis
1637 1200 1894 1263 propinqui.

116 1263 383 1328 praefectum
408 1261 580 1308 interea
618 1262 860 1315 divertere,
903 1261 1014 1306 dum
1053 1259 1110 1304 de
1131 1260 1366 1320 postulatis
1403 1259 1499 1321 ejus
1522 1263 1597 1325 agi
1623 1262 1670 1308 in
1694 1267 1882 1314 conlilio

91 1346 93 1349 ¹
117 1329 276 1392 poss‘et.
346 1328 486 1373 Porro
506 1326 667 1388 Scrupi
689 1326 826 1373 Uxor
846 1323 1042 1372 Hauarti
1062 1337 1158 1369 erat
1179 1322 1316 1372 soror.
1369 1327 1453 1373 Per
1475 1342 1577 1373 eam
1599 1328 1799 1390 primum
1818 1329 1884 1378 ses

118 1405 246 1439 creto
269 1393 504 1438 tractatum
529 1393 589 1438 est
625 1392 681 1437 de
718 1389 1008 1436 matrimonio
1030 1404 1129 1434 eam
1154 1404 1258 1435 cum
1279 1391 1488 1440 Hauarto
1510 1392 1770 1454 copulando
1795 1412 1808 1442 ε
1836 1391 1884 1443 ’δε

115 1457 247 1503 velut
267 1455 488 1503 divinitus
509 1457 662 1502 oblata
680 1456 733 1501 ad
753 1455 804 1501 id
821 1452 1311 1507 occafione‚Hauartus
1330 1455 1462 1502 tertia
1481 1472 1619 1503 uxore
1641 1456 1735 1504 vita
1752 1457 1886 1506 func·

119 1534 167 1568 ta
185 1534 280 1567 tum
302 1521 472 1566 coelebs
495 1533 605 1566 erat.
675 1521 741 1566 Ea
764 1518 948 1564 confilia
972 1518 1049 1564 etsi
1075 1534 1326 1579 paucorum
1344 1520 1629 1569 conscientiae
1652 1523 1885 1571 commissa

117 1585 532 1647 supprimebantur,
550 1584 718 1631 crebris
741 1596 891 1630 tamen
914 1581 1042 1646 vulgi
1065 1583 1330 1630 rumusculis
1353 1587 1570 1648 paulatim
1595 1588 1896 1635 emanabant..

119 1650 227 1713 Spei
249 1649 376 1696 enim
397 1650 670 1712 magnitudo
693 1647 890 1712 angustis
912 1649 1148 1708 petitorum
1167 1649 1364 1694 claustris
1394 1648 1617 1697 contineri
1642 1667 1730 1698 non
1754 1668 1887 1713 pote-

118 1727 189 1763 rat
210 1733 224 1762 ε
256 1729 308 1760 ac
330 1714 582 1761 immodica
599 1713 765 1761 laeticia
786 1712 1067 1776 producente
1087 1710 1229 1757 statim
1250 1729 1330 1775 per
1349 1729 1428 1759 ora
1450 1715 1609 1776 populi
1627 1716 1668 1761 se
1682 1715 1886 1768 diffudit.

118 1782 316 1827 Iamffue
335 1780 392 1826 εἰ)
418 1780 641 1842 progressa
662 1795 731 1824 res
752 1791 865 1843 erat,
881 1788 929 1822 ut
946 1774 1102 1822 omnia
1119 1775 1228 1822 belli
1243 1776 1389 1824 civilis
1408 1777 1630 1826 incendiis
1651 1796 1760 1827 mox
1778 1796 1864 1829 con
1877 1811 1889 1820 ·

120 1845 366 1907 flagratura
388 1843 666 1890 viderentur.
701 1842 803 1890 Nec
823 1839 1112 1903 deerant,qui
1130 1842 1335 1902 expensis
1352 1844 1551 1906 partium
1565 1842 1738 1891 viribus
1756 1844 1887 1892 Hau-
1938 1857 1943 1872 ⁸

119 1921 288 1963 artum,
307 1925 410 1972 quae
433 1909 571 1956 vellet
592 1924 684 1955 non
708 1922 877 1972 magno
902 1904 1142 1953 molimine
1164 1906 1254 1953 fine
1277 1907 1323 1953 vi
1354 1907 1669 1956 confeEturum
1692 1910 1886 1958 affirma·

167 1983 235 2021 nt.

113 1990 165 2023 re
186 2038 340 2085 XLII.
374 2038 428 2084 In
453 2036 540 2084 hoc
562 2037 675 2093 statu
711 2052 860 2083 rerum
892 2051 1100 2098 proceres
1124 2035 1365 2083 Scotorum
1388 2035 1648 2100 frequentes
1670 2039 1898 2089 Perthum.

119 2113 448 2156 convenerant,
473 2113 521 2148 ut
543 2103 737 2149 duarum
760 2099 1042 2163 Reginarum
1066 2100 1287 2161 postulata
1306 2102 1532 2149 audirent.
1570 2103 1818 2166 Scripserat
1840 2122 1888 2152 e·-
1932 2102 1937 2112 ¹
1961 2127 1990 2142 -x

119 2168 217 2216 nim
243 2180 432 2230 utraque
456 2167 510 2213 ad
535 2167 775 2229 publicum
797 2164 946 2228 gentis
969 2164 1223 2212 confilium.
1289 2166 1484 2230 Reginae
1503 2168 1765 2231 Anglorum
1788 2168 1892 2217 lite--

117 2249 183 2279 1·ae
205 2232 341 2279 trium
367 2231 687 2278 corditionum
714 2247 850 2278 unam
887 2229 1222 2292 proponebant.
1289 2230 1441 2279 Prima
1477 2232 1667 2293 fimplex
1689 2245 1801 2287 erat,
1843 2247 1900 2282 ut

120 2296 304 2361 Regina
326 2296 490 2343 Scotiae
512 2296 560 2343 in
583 2295 817 2359 pristinum
841 2294 1016 2348 locum,
1047 2300 1086 2340 ἃ
1109 2292 1425 2343 aufloritatem
1449 2297 1767 2344 restitueretur.
1813 2299 1894 2346 Sin
1958 2320 1991 2327 ¹¹

121 2362 168 2408 id
193 2360 431 2424 impetrari
453 2376 545 2407 non
571 2361 727 2422 posset,
754 2370 802 2406 ut
832 2359 1140 2406 communiter
1160 2374 1265 2404 curn
1301 2360 1397 2408 filio
1419 2375 1647 2426 regnaret,
1680 2366 1729 2411 Sc
1751 2363 1891 2427 Regii

122 2425 321 2474 nominis
344 2425 518 2472 honore
542 2425 591 2471 in
614 2425 776 2480 literiS,
801 2429 840 2470 ει
861 2422 970 2470 actis
987 2422 1187 2485 publicis
1207 2422 1446 2473 frueretur.
1515 2427 1694 2473 Interea
1715 2424 1891 2474 summa

121 2507 273 2539 rerum
314 2506 452 2554 penes
477 2490 720 2553 Protegem
744 2489 865 2540 esset,
890 2488 1038 2534 donec
1069 2488 1170 2534 Rex
1192 2503 1361 2537 annum
1385 2490 1617 2537 decimum
1648 2491 1890 2554 septimum
1960 2492 1990 2530 2²³

120 2557 345 2618 expleret.
415 2554 578 2600 Tertia
599 2566 694 2600 erat
715 2552 939 2607 conditio,
964 2553 991 2599 fi
1018 2564 1229 2599 neutrum
1253 2556 1416 2601 horum
1438 2557 1580 2618 posset
1600 2555 1816 2611 obtineri,
1844 2568 1902 2603 ut·

126 2621 180 2683 (fi
215 2619 399 2692 quidem
427 2619 608 2682 Regina
630 2619 676 2664 id
701 2618 784 2665 srbi
801 2616 1061 2680 persuaderi
1083 2615 1402 2692 permitteret).
1419 2620 1596 2683 privata
1619 2620 1747 2668 domi
1767 2621 1896 2668 vive·

123 2697 211 2740 ret,
231 2701 295 2731 eis
314 2695 530 2730 contenta
546 2682 815 2740 honoribus,
836 2680 918 2745 qui
937 2680 1055 2727 salva
1072 2681 1214 2745 Regis
1233 2685 1499 2731 auctoritate
1521 2686 1564 2732 ei
1585 2685 1777 2732 concedi
1792 2683 1902 2748 pos-v

123 2749 240 2797 sent.
286 2747 433 2795 'Huic
458 2748 622 2795 ultimo
652 2747 790 2810 capiti
815 2744 950 2793 facile
972 2747 1039 2792 est¹
1055 2746 1287 2801 assensum,
1312 2748 1536 2811 fiquidem
1559 2749 1740 2813 Regina
1765 2751 1822 2796 ad
1845 2765 1894 2796 e.
1960 2723 1989 2798 :si

125 2830 202 2862 am
225 2812 540 2876 accipiendam
580 2812 905 2875 perduceretur
929 2827 940 2855 :
973 2823 1138 2857 caetera
1159 2810 1380 2859 obstinate
1399 2826 1580 2878 negata.
1648 2814 1821 2861 Melior
1845 2831 1896 2861 e·
1935 2826 1942 2838 ¹
1964 2825 1972 2842 ¹

123 2879 243 2934 nim,
279 2878 650 2940 &incorruptior
672 2875 926 2923 nobilitatis
958 2890 1059 2937 pars
1092 2873 1142 2920 in
1181 2891 1236 2923 eo
1258 2878 1497 2938 perstabat,
1539 2878 1688 2926 senec
1709 2878 1906 2935 debere„
1972 2915 1975 2919 .

125 2960 210 2992 nec
234 2943 355 3007 posse
375 2941 628 3015 quicquam
648 2941 854 2994 statuere,
877 2941 1004 3001 quod
1028 2939 1170 3002 Regis
1193 2942 1508 2990 auctoritatem
1529 2942 1802 2989 imminuere
1823 2943 1894 2989 vi·
1953 2936 1989 3003 ζ’

125 3009 326 3064 deretur,
360 3007 609 3071 praeserum
631 3021 738 3054 cum
760 3003 970 3071 legitime
997 3004 1099 3050 Rex
1122 3016 1298 3053 creatus
1319 3007 1441 3055 effet.
1507 3009 1666 3057 Priora
1687 3024 1796 3054 vero
1819 3022 1895 3054 ca-
1952 3047 1955 3051 ,
1979 3011 1991 3030 ³

181 3138 245 3189 (1)
271 3139 346 3177 Pro
363 3136 602 3186 ignominia:
631 3135 693 3176 Sic
711 3134 987 3186 puertia,1am-
1039 3148 1094 3184 ry,
1129 3135 1257 3174 whom
1276 3136 1325 3175 he
1342 3136 1511 3176 divorced
1542 3151 1554 3185 3
1600 3149 1641 3175 2.
1668 3139 1782 3176 Anne
1801 3137 1893 3176 Bul-

124 3204 188 3237 Μ,
208 3196 280 3230 &c.
308 3193 402 3241 apud
420 3193 554 3229 Horat.
585 3205 651 3243 pro
668 3188 840 3240 pueritia,
873 3188 986 3226 lami·
1039 3189 1154 3236 stine,
1175 3190 1325 3228 mother
1342 3200 1381 3228 to
1398 3204 1516 3240 queen
1533 3191 1747 3238 Elizabeth,
1766 3191 1906 3244 whom'.
1941 3207 1943 3209 ·
1960 3171 1980 3213 ‘l

125 3257 189 3291 na,
213 3249 284 3283 &c-
307 3244 474 3282 melioris
492 3244 571 3282 soni
606 3243 734 3293 gratia'.
789 3241 988 3290 Ignomina
1019 3293 1023 3296 -
1041 3241 1089 3280 he
1107 3245 1297 3281 executed.
1329 3258 1366 3295 3.
1385 3245 1480 3296 Jean
1499 3244 1692 3293 Seymour,
1707 3245 1795 3283 who
1812 3244 1895 3283 died
1964 3271 1967 3277 -

124 3296 158 3335 is
177 3297 241 3335 the
260 3299 339 3336 foot
381 3298 512 3344 Paean,
549 3297 676 3335 which
695 3295 828 3333 Cicero
845 3294 981 3332 thinks
1034 3296 1079 3332 of
1103 3296 1169 3334 the
1203 3296 1302 3334 birth
1322 3295 1368 3334 of
1389 3296 1484 3345 king
1503 3296 1658 3335 Edward
1687 3296 1752 3336 the
1782 3297 1891 3335 fixth.

125 3349 158 3386 is
176 3351 287 3388 fittest
306 3351 362 3387 for
382 3350 445 3387 the
466 3343 681 3399 beginning,
695 3349 835 3388 middle
853 3361 894 3385 or
910 3349 981 3384 end
1035 3360 1074 3396 4.
1096 3352 1209 3386 Anne
1234 3349 1280 3387 of
1291 3351 1421 3396 Cleve‚
1441 3349 1567 3387 whom
1595 3350 1644 3387 he
1669 3350 1898 3401 repudiated.

124 3402 170 3438 of
184 3416 204 3438 a
233 3404 403 3440 sentence
421 3403 460 3440 in
491 3403 606 3453 prose,
635 3401 761 3440 which
791 3401 926 3440 admits
942 3400 993 3439 oft
1038 3416 1077 3454 5.
1092 3403 1297 3442 catherine
1312 3403 1620 3451 Howard,whom
1638 3403 1688 3440 he
1705 3403 1893 3440 executed.

126 3454 369 3492 harmonicus
388 3456 563 3494 numbers
582 3469 619 3494 as
640 3456 726 3493 well
743 3468 780 3492 as
798 3453 910 3492 verse.
1000 3442 1003 3445 Δ
1037 3456 1076 3493 6.
1104 3455 1308 3493 catherine
1326 3457 1414 3503 Par,
1445 3455 1532 3493 who
1552 3456 1698 3508 escaped
1717 3454 1827 3494 death
1848 3454 1894 3503 by

183 3510 245 3556 (2)
275 3508 382 3556 Κίος,
400 3509 530 3558 Henry
550 3509 708 3546 married
724 3509 774 3545 fix
795 3507 921 3552 wives,
945 3519 981 3546 1.
1036 3507 1102 3551 the
1119 3507 1249 3560 king’s
1267 3508 1403 3551 sudden
1419 3509 1544 3552 death.

124 3559 329 3602 catherine
341 3562 379 3598 ot
398 3560 527 3610 Spain,
546 3561 695 3602 mother
709 3567 747 3602 to
759 3572 878 3611 queen
891 3560 984 3613 Mag
1331 3591 1334 3595 .

1801 3619 1909 3686 pita¹
1935 3679 1952 3690 x
