2006 3858
428 97 760 163 Ltssea
833 98 1461 167 V1cnstMu's.
1706 96 1836 184 60'7

56 191 124 246 ris
148 197 194 243 id
220 195 355 258 primi
375 195 549 242 circum
571 197 810 254 dederunt,
840 201 911 260 (ι)
934 216 1145 263 magnam
1170 199 1263 260 ejus
1288 212 1459 262 partem
1485 208 1611 244 extra
1635 202 1839 260 pomeria

65 260 360 313 excluserant,
387 260 451 305 ita
476 273 627 306 tamen
652 262 819 322 utjejus
863 266 1002 324 partis
1028 264 1357 312 habitaroribus
1381 263 1579 310 civitatis
1608 264 1682 324 jus
1719 264 1841 310 inte-

65 343 200 389 grum
223 326 481 372 servaretur.
503 324 607 369 Illic
628 323 938 386 igiturhabita
960 329 1060 375 sunt
1081 328 1412 389 comitia‚juris
1438 327 1592 389 peritis
1617 327 1842 390 interpre-

9 388 15 398 ⁷
68 390 270 436 tantibus
295 388 406 435 nihil
428 388 612 442 referre,
635 388 679 433 in
696 407 787 451 qua
800 392 922 439 urbis
947 408 1073 456 parte
1096 394 1386 440 haberentur.
1421 394 1473 440 In
1500 391 1586 438 hoc
1608 406 1838 439 conventu

68 471 172 501 cum
199 453 454 516 perduelles
476 453 613 498 essent
636 452 916 512 demandati,
935 457 1164 519 principes
1189 455 1283 504 fere
1305 474 1481 512 eorum,
1497 456 1578 520 qui
1601 472 1748 503 arcem
1774 469 1843 503 te·

69 520 256 571 nebant,
279 533 331 562 ac
346 518 391 562 hi
415 515 707 579 potissimum,
722 519 800 580 qui
815 521 874 565 ob
889 521 1208 567 conscientiam
1231 522 1368 568 caedis
1394 522 1550 584 Regis,
1568 538 1619 566 ac
1635 522 1844 585 Proregis

62 582 240 642 judicia
261 581 519 643 fugiebant,
544 578 733 627 rebelles
755 583 967 631 ordinum
991 587 1174 631 decreto
1213 587 1365 646 (cujus
1401 585 1564 646 judicii
1588 585 1762 632 summa
1783 587 1845 632 est

67 641 330 704 auetoffitas)
358 644 579 694 damnati,
595 662 650 691 ne
668 648 986 711 vulgus,quod
1012 653 1104 696 sere
1127 650 1151 695 a
1169 650 1424 696 nobilitatis
1440 663 1550 697 nutu
1576 651 1760 710 pendet,
1781 651 1842 696 ab

67 709 132 756 eis
149 710 434 763 alienaretur,
454 709 715 772 &ipfiexea
731 712 880 771 copia,
895 732 996 776 qua:
1017 715 1140 776 apud
1153 731 1230 760 eos
1242 729 1354 776 erat,
1371 715 1560 761 comitia
1573 728 1840 778 coegerunt.

63 767 204 821 Pauci
227 775 286 820 ab
307 774 370 820 eis
396 775 582 826 stabant,
607 776 772 837 quibus
792 776 866 836 jus
890 779 1090 840 suffragii
1112 791 1223 833 erat,
1266 794 1291 825 e
1331 780 1498 841 quibus
1523 779 1601 825 alii
1625 778 1673 827 in
1695 780 1844 827 'comi-

63 837 180 885 tium
206 856 297 885 non
323 853 562 891 venerunt,
604 839 681 884 alii
705 840 930 888 affuerunt
949 843 1155 905 quidem,
1182 844 1256 890 sed
1299 857 1346 889 ut
1371 843 1658 906 spefitatoreffi
1694 845 1849 892 omni·

62 901 241 966 busque
263 903 424 949 officiis
447 903 694 948 forensibus
719 904 1048 956 abstinuerunt.
1120 910 1185 953 lta
1209 910 1314 954 cusu
1340 924 1422 954 nec
1440 909 1580 969 justus
1606 907 1668 954 eis
1692 909 1848 956 suffra.

67 980 278 1030 gatorum
305 969 410 1014 ess'et
433 984 664 1022 numeruS,
689 985 773 1015 nec
795 969 842 1016 hi
869 984 1072 1033 tempore
1095 973 1325 1034 legitimo,
1365 987 1443 1018 aut
1473 989 1597 1018 more
1624 975 1847 1033 majorum

59 1031 325 1086 convocati,
353 1046 401 1078 ut
424 1045 576 1078 tamen
600 1032 795 1094 speciem
811 1035 1013 1098 aliquam
1029 1037 1251 1100 legitimae
1278 1037 1584 1095 multitudinis
1609 1038 1845 1094 haberent,

62 1097 160 1144 duo
186 1096 416 1158 Episcopi,
443 1096 614 1158 aliique
638 1100 843 1144 nonnulli
872 1101 1075 1147 absentes
1102 1103 1245 1163 (quod
1273 1118 1506 1162 nunquam
1553 1115 1686 1148 antea
1708 1103 1849 1150 fando

0 1218 2 1220 Ι
65 1161 274 1220 auditum
320 1163 436 1222 erat)
485 1165 554 1223 (2)
581 1160 792 1226 suffragia
834 1164 909 1212 sua
950 1166 999 1211 in
1041 1166 1291 1228 ancipitem
1314 1164 1610 1212 comitiorum
1632 1180 1848 1214 exeritum

2 1256 7 1267 .
61 1225 232 1287 ‘scripta
257 1226 486 1272 miserunt.

130 1292 211 1336 LI.
245 1291 372 1336 Toto
395 1291 483 1336 hoc
507 1301 712 1354 tempore
753 1308 857 1339 cum
883 1309 962 1339 arx
993 1293 1157 1342 affidue
1198 1294 1246 1341 in
1288 1310 1529 1355 procerum
1568 1310 1847 1345 conventum

66 1355 316 1415 majoribus
342 1355 565 1414 machinis
583 1356 878 1416 jacularetur,
903 1373 954 1403 ac
977 1358 1092 1422 saepe
1133 1359 1259 1423 <globi
1286 1359 1419 1406 ferrei
1445 1360 1491 1406 in
1527 1361 1723 1406 mediam
1752 1376 1850 1408 tur·

20 1447 22 1449 >
68 1418 172 1464 bam
192 1421 422 1471 caderent,
443 1418 672 1466 neminem
696 1432 848 1468 tamen
869 1433 946 1468 aut
967 1424 1254 1478 occiderunt,
1275 1425 1676 1483 autvulnerarunt.
1703 1426 1849 1472 Dam-

67 1483 162 1529 nati
187 1483 232 1530 in
259 1500 451 1545 utroque
471 1495 697 1531 conventu
723 1486 859 1548 pauci
886 1505 895 1533 :
930 1490 980 1536 ὃς
1023 1489 1208 1551 utrique
1246 1488 1436 1535 comitia
1455 1489 1501 1535 in
1527 1489 1724 1536 mensem
1749 1493 1851 1547 Au-

66 1550 246 1610 gustum
270 1549 552 1595 indixerunt.
610 1550 762 1596 Alteri
787 1550 1034 1597 Sterlinum
1061 1572 1072 1599 :
1107 1554 1236 1601 alteri
1260 1554 1618 1616 Edimburgum.
1688 1557 1861 1602 Soiuto-

68 1626 315 1667 conventu,
340 1631 392 1669 ac
412 1612 582 1661 neutris
604 1615 768 1661 alteros
788 1616 1120 1673 laceffentibus,
1138 1620 1263 1665 velut
1286 1618 1331 1664 in
1353 1619 1562 1665 inducias
1586 1619 1849 1667 consensum

66 1678 190 1732 effet,
241 1678 385 1738 major
427 1695 529 1741 pars
575 1680 977 1733 mercenariorum,
1019 1684 1225 1744 quicum
1251 1684 1492 1729 Mortonio
1517 1697 1661 1737 erant,
1686 1685 1849 1731 domos

69 1741 169 1788 sunt
193 1742 367 1805 dilapfi.
438 1742 532 1805 Qi
575 1743 800 1807 oppidum
847 1747 1080 1800 tenebant,
1125 1764 1217 1794 non
1242 1747 1387 1810 ignari
1412 1761 1581 1810 quanta
1603 1751 1708 1795 effet
1731 1749 1851 1796 circa

66 1806 357 1853 Mortonium
381 1807 705 1868 infrequentia,
731 1809 858 1855 simul
882 1810 1151 1873 ignominiae
1190 1811 1430 1876 superioris
1461 1814 1669 1860 delendae
1692 1814 1853 1876 cupidi

15 1915 18 1919 .
62 1872 290 1917 ducentos
315 1871 479 1935 viginti
503 1873 676 1933 pedites
700 1872 1008 1934 sclopetarios,
1033 1877 1210 1941 equites
1232 1891 1414 1924 centum
1440 1878 1640 1924 emisere.
1674 1878 1739 1925 Hi
1764 1879 1852 1923 du-

69 1952 115 1981 as
148 1936 378 1983 machinas
406 1952 552 1981 aeneas
576 1939 842 2000 campestres
887 1939 1035 1993 secum
1075 1956 1340 1997 avexerunt,
1375 1958 1431 1987 eo
1453 1942 1658 1997 confilio,
1687 1955 1736 1988 ut
1777 1945 1850 1989 vel

67 2000 347 2063 oppidulum
371 1999 678 2056 Dalkethum‚
707 2004 784 2060 ,ubi
809 2017 902 2049 tum
941 2006 1203 2052 Mortonius
1227 2019 1337 2061 erat,
1364 2007 1677 2061 incenderent,
1719 2009 1790 2054 vel
1819 2009 1851 2055 fi

67 2064 115 2110 id
142 2081 231 2111 non
256 2065 536 2118 succederet,
559 2080 681 2113 metu
705 2067 875 2114 hostem
900 2069 1018 2115 intra
1041 2069 1264 2134 oppidum
1290 2071 1580 2118 continerent
1605 2090 1615 2119 :
1648 2085 1786 2135 atque
1799 2090 1853 2120 ea

66 2130 197 2175 'velut
221 2129 398 2176 timori-r
422 2130 694 2178 conseffione
716 2134 932 2195 expres&
958 2135 1100 2197 vulgo
1139 2136 1180 2182 se
1223 2138 1514 2184 ostentarent.
1583 2137 1650 2184 Hi
1674 2153 1776 2184 cum
1801 2138 1850 2184 in

69 2194 188 2240 colle
211 2194 396 2240 adverso
421 2195 505 2241 sese
528 2195 762 2243 instrueres
782 2198 1084 2251 ostendiffent‚
1101 2200 1249 2246 subito
1272 2201 1497 2248 Dalkethi
1521 2201 1576 2248 ad
1597 2218 1723 2248 arma
1740 2218 1853 2249 con-

68 2259 319 2306 clamatum
343 2261 420 2306 est.
453 2260 743 2308 Mortoniani
766 2263 912 2309 statim
937 2265 1122 2311 ducenti
1153 2267 1346 2326 pedite5‚
1371 2270 1419 2315 ὃς
1441 2266 1623 2313 circiter
1645 2265 1853 2330 sexaginr

70 2333 118 2369 ta
138 2324 314 2386 equites
327 2341 407 2386 per
428 2325 661 2371 adversum
682 2327 848 2373 collem
872 2328 1110 2375 subeuntes
1133 2328 1180 2376 in
1203 2330 1657 2392 planitiemdemum
1681 2329 1852 2378 inveCii

24 2419 27 2421 »
69 2401 230 2434 contra
252 2390 305 2435 ad
333 2405 534 2452 pugnam
560 2391 705 2451 parati
729 2392 958 2438 steterunt.
1028 2395 1404 2441 Procurrentibus
1430 2394 1594 2442 deinde
1639 2397 1853 2459 utrinque

64 2450 395 2512 jaculatoribus
418 2453 507 2500 levi
531 2455 778 2502 certamine
800 2457 1002 2502 conserto
1022 2458 1232 2514 rebelles,
1252 2459 1333 2522 qui
1356 2459 1511 2506 omnia
1534 2462 1654 2523 apud
1678 2460 1850 2508 hostem

68 2517 112 2564 se
135 2516 357 2579 imparata
378 2517 733 2579 deprehensuros
755 2521 1061 2575 crediderant,
1087 2522 1161 2585 spe
1183 2523 1258 2570 sua
1280 2525 1460 2586 decepti
1483 2537 1604 2572 retro
1625 2538 1851 2588 quantum

70 2581 263 2645 integris
287 2581 526 2628 ordinibus
552 2596 760 2643 poterant
781 2585 999 2632 abeuntes
1023 2587 1178 2634 urbem
1195 2589 1479 2651 repetebant.
1548 2591 1728 2638 Interea
1749 2592 1851 2637 aliis

71 2647 358 2710 urgentibus,
400 2646 501 2694 aliis
543 2647 585 2693 se
626 2648 827 2712 recipere
869 2651 1161 2714 cupientibus
1204 2655 1262 2700 ad
1302 2654 1675 2719 Cragmillarium
1701 2671 1852 2703 arcem

70 2710 226 2756 medio
250 2711 344 2758 fere
366 2710 528 2758 itinere
556 2713 682 2759 fitam
714 2729 984 2776 perventum
1009 2717 1085 2763 est.
1156 2717 1229 2764 Ibi
1253 2718 1386 2780 pauci
1409 2718 1586 2782 pedites
1618 2720 1852 2767 Mortoni-

1 2774 6 2780 ”
71 2775 165 2829 ani,
189 2776 270 2837 qui
301 2778 359 2822 ab
382 2776 565 2822 adversa
587 2792 714 2840 parte
745 2795 895 2826 arcem
921 2784 1104 2827 occulte
1134 2783 1417 2837 transierant,
1450 2800 1508 2829 ex
1544 2784 1715 2839 insidiis
1739 2801 1850 2832 con·

70 2839 302 2902 surgentes
326 2840 374 2887 in
397 2841 613 2904 angustiis
638 2843 722 2889 viae
746 2843 955 2906 subjectae
977 2845 1124 2895 aciem
1148 2847 1342 2894 hostium
1366 2847 1570 2911 aggressi,
1607 2847 1850 2896 'ordinibus

6 2918 25 2965 ᾖ.
70 2903 227 2950 solutis
250 2921 347 2951 eam
372 2905 420 2952 in
452 2907 613 2969 fugam
631 2918 906 2957 averterunt.
977 2910 1073 2974 Qi
1098 2912 1354 2974 praefidium
1390 2914 1437 2959 in
1473 2929 1576 2959 arce
1601 2914 1851 2960 Edimbur-

5 2966 20 2974 ’
69 2969 194 3030 gensi
218 2968 470 3032 agitabant,
511 2988 536 3016 e
559 2971 787 3035 superiore
820 2975 925 3021 loco
954 2987 1189 3023 cernentes
1224 2976 1382 3040 fugam
1407 2976 1448 3023 se
1472 2977 1619 3023 versus
1644 2978 1850 3033 tendere,

62 3031 264 3090 {obsidio
288 3034 503 3081 miserunt
526 3035 782 3084 οὲὶοόεςὶπι
804 3040 1000 3102 equites,
1024 3044 1073 3089 ὃς
1092 3039 1282 3103 triginta
1304 3039 1478 3102 pedites
1505 3059 1516 3087 :
1555 3040 1725 3104 quibus
1745 3041 1853 3090 freti

42 3127 45 3129 >
69 3093 233 3151 hostes,
256 3098 433 3161 equites
457 3099 633 3163 Regios
658 3101 763 3163 (qui
784 3103 980 3149 dimidio
1003 3103 1239 3165 pauciores
1263 3107 1410 3163 erant)
1438 3106 1678 3153 rebellium
1701 3106 1853 3170 irnpe-

70 3172 165 3207 tum
188 3178 279 3209 non
302 3163 564 3211 sustinentes
584 3180 676 3210 non
702 3165 851 3213 minus
874 3168 1069 3230 trepide,
1090 3184 1227 3230 quam
1248 3168 1388 3230 paulo
1413 3182 1519 3216 ante
1541 3170 1679 3218 secuti
1701 3184 1850 3226 erant,

69 3224 181 3288 fuga
201 3238 321 3273 retro
343 3227 643 3290 impulerunt.
677 3229 889 3283 Peditum
914 3231 1131 3292 utrinque
1153 3248 1338 3294 operam
1360 3248 1502 3295 prope
1524 3234 1738 3282 inutilem
1760 3236 1850 3282 im-

47 3287 150 3337 'sber
171 3304 357 3352 repente
379 3292 500 3338 coelo
523 3288 686 3338 effusus
710 3293 834 3341 fecit.
903 3294 958 3341 In
981 3295 1090 3358 fuga
1103 3310 1162 3342 ex
1212 3297 1520 3346 Mortonianis
1558 3300 1659 3348 caefi
1691 3301 1849 3366 pauci,

30 3449 32 3456 ,
52 3398 61 3403 ι
122 3417 184 3464 (³1)
212 3417 382 3456 Betwixt
401 3419 455 3456 St.
479 3418 622 3466 Mary‘s
643 3423 752 3470 wyud
783 3424 852 3460 and
873 3424 930 3463 St.
984 3418 1186 3474 dtnb'urgh.

33 3475 39 3482 ’
64 3469 204 3521 John's
224 3473 318 3510 ctoss
332 3486 381 3509 on
399 3472 465 3510 the
484 3472 698 3512 south-fide
716 3475 760 3512 of
773 3476 838 3512 the
855 3477 930 3513 Ca-
1039 3479 1102 3529 (2)
1131 3482 1223 3519 Sent
1240 3484 1382 3531 proxi-os
1404 3492 1441 3521 to
1461 3494 1542 3524 eote
1561 3485 1621 3525 for
1639 3481 1762 3525 them.

65 3535 243 3573 nongate,
284 3526 483 3574 belonging
501 3536 539 3565 to
556 3526 621 3565 the
639 3527 802 3567 freedom
820 3530 864 3568 of
878 3532 930 3568 Em.

1745 3591 1826 3653 pte.
1840 3619 1854 3636 .
