2106 3864
480 169 808 246 Lrnnu
900 165 1392 231 Titurius,
1728 185 1808 245 71

48 270 176 317 sen-di
202 289 212 316 2
250 267 332 315 sibi
364 268 577 331 patriam,
601 266 839 327 conjuges,
865 275 1071 326 parentes
1098 283 1107 310 ς
1143 264 1234 311 illis
1274 262 1527 318 avaritiam,
1554 266 1604 313 ὅτ
1642 264 1819 312 luxuri-

49 353 123 381 am
144 333 293 380 causas
325 333 434 378 belli
456 333 540 377 effe
567 351 577 378 ε
603 331 861 382 receffuros,
889 339 937 374 ut
959 329 1108 374 Divus
1132 331 1278 390 julius
1303 327 1547 382 recessisset,
1569 330 1708 376 modo
1727 330 1818 375 vir-

50 412 167 445 tutes
209 398 429 458 majorum
465 396 645 441 suorum
669 394 990 440 aemularentur
1006 411 1030 443 ,²
1061 410 1174 439 neve
1209 393 1357 456 praelii
1388 393 1521 440 unius
1565 406 1643 440 aut
1664 394 1817 439 alteri-

55 479 105 509 us
144 475 309 509 eventu
345 459 666 522 pavescerent:
712 460 813 520 plus
843 459 1059 518 impetus,
1089 458 1308 518 majorem
1342 457 1642 505 constantiam
1679 466 1819 520 penes

50 528 231 572 miseros
255 526 369 570 effe:
397 524 492 584 jam
530 525 853 571 Britannorum
877 535 1014 567 ettam
1050 521 1173 569 Deos
1202 522 1415 576 misereri,
1443 523 1527 586 qui
1556 523 1822 570 Romanum

51 592 216 637 ducem
259 589 505 643 absentem,
547 588 629 651 qui
668 587 921 649 relegatum
954 586 1002 630 iu
1042 585 1130 631 alia
1166 586 1310 633 insula
1347 588 1598 634 exercitum
1641 587 1820 633 detine-

51 667 153 700 rent
176 673 186 700 :
215 655 308 716 jam
331 653 466 715 ipsos,
486 654 612 715 quod
637 651 959 698 difficillimum
984 649 1141 705 fuerit,
1162 651 1413 698 deliberare
1436 670 1448 699 ε
1480 668 1617 715 porro
1634 651 1683 699 in
1705 653 1821 714 ejus-

52 718 179 765 modi
198 718 393 764 consiliis
418 717 711 779 periculosius
733 717 817 761 esse
840 714 1141 777 deprehendi,
1161 732 1298 777 quam
1321 717 1500 764 audere.
1567 716 1658 764 His
1682 730 1821 779 atque

49 783 220 830 talibus
254 783 322 828 int.
337 782 456 827 icem
489 781 684 827 instincti
707 779 917 825 Voadica
939 778 1117 842 generis
1140 780 1278 843 Regii
1300 780 1490 828 foemina
1511 782 1645 838 duce,
1669 799 1822 845 neque

52 848 175 893 enim
211 847 364 892 sexum
399 845 443 891 in
485 844 690 907 imperiis
727 844 1000 899 discernunt,
1025 843 1248 906 sumpsere
1285 845 1474 892 universi
1514 846 1688 894 bellum
1713 866 1725 894 :
1755 864 1822 895 -ac

42 911 217 974 sparsos
237 928 317 974 per
338 910 514 956 castella
537 908 703 954 milites
726 908 983 963 consectati,
1008 909 1281 972 expugnatis
1305 909 1540 972 praefidiis,
1577 912 1718 974 ipsam
1742 918 1821 958 co-

52 976 225 1022 loniam
254 974 468 1028 invasere,
502 987 551 1019 ut
575 973 722 1020 sedem
752 972 973 1019 servitutis
1001 992 1010 1019 :
1046 988 1130 1019 nec
1163 974 1308 1020 ullum
1340 974 1389 1021 in
1417 975 1617 1021 barbaris
1639 975 1822 1023 saevitiae

53 1058 195 1091 uenus
217 1040 367 1086 omisit
385 1038 465 1091 ira,
493 1043 533 1083 Sc
557 1038 760 1084 vic'toria.
831 1039 967 1102 Qod
991 1038 1071 1084 nisi
1093 1038 1327 1090 Paulinus,
1347 1055 1401 1084 eo
1423 1038 1612 1103 cognito
1633 1040 1822 1102 provin-

51 1089 136 1151 ἷὶῑε
172 1101 535 1166 metm-proper&
567 1102 850 1157 subvenisset,
875 1103 1028 1148 amissa
1061 1102 1295 1148 Britannia
1324 1102 1477 1158 foret:
1514 1114 1653 1166 quam
1688 1104 1822 1152 unius

54 1169 201 1233 praelii
230 1168 414 1216 fortuna
450 1167 595 1212 veteri
617 1167 848 1228 patientiae
874 1167 1082 1220 restituit,
1115 1166 1374 1212 tenentibus
1402 1185 1527 1214 arma
1561 1168 1821 1232 plaerisque‚

53 1252 169 1300 quos
189 1231 461 1279 conscientia
475 1230 760 1285 detestionis,
778 1235 817 1277 <Sc
838 1229 1045 1293 proprius
1069 1246 1125 1276 ex
1143 1231 1296 1292 legato
1320 1230 1457 1277 timor
1473 1232 1693 1295 agitabat.
1727 1233 1824 1282 Hic

55 1316 162 1345 cum
184 1296 371 1360 egregiu
418 1311 594 1350 caetera,
620 1309 886 1358 arroganter
907 1296 951 1341 iu
973 1295 1171 1348 deditos,
1194 1301 1234 1340 δε
1259 1306 1308 1340 ut
1329 1294 1412 1341 suae
1436 1306 1621 1358 quoque
1642 1297 1823 1359 injuriae

55 1364 192 1417 ultor,
220 1361 374 1408 durius
411 1360 681 1415 consuleret,
709 1361 857 1406 missus
879 1359 1118 1406 Petronius
1141 1358 1445 1420 Turpilianus
1471 1373 1688 1424 tanquam
1711 1379 1823 1410 exo-

52 1426 262 1480 rabilior,
302 1432 341 1473 &
361 1421 535 1471 delictis
559 1425 752 1472 hostium
777 1442 937 1479 novus,
959 1440 1105 1486 eoque
1128 1423 1413 1485 poenitentiae
1437 1425 1607 1482 mitior,
1632 1442 1824 1490 compo·

52 1490 144 1538 sitis
169 1489 399 1554 'prioribus
424 1489 537 1537 nihil
560 1492 678 1536 ultra
699 1490 844 1544 auf-18,
869 1488 1112 1535 Trebellio
1140 1487 1351 1534 Maximo
1372 1490 1658 1551 provinciam
1683 1493 1823 1539 tradi-

52 1556 138 1604 dit.
207 1555 471 1601 Trebellius
506 1555 700 1618 segnior,
726 1560 765 1600 δε
797 1554 934 1600 nullis
967 1556 1209 1600 castrorum
1243 1554 1584 1615 experimentis,
1605 1557 1824 1604 comitate

53 1621 251 1685 quadam
273 1619 464 1666 curandi
496 1619 780 1681 provinciam
814 1619 975 1666 tenuit.
1045 1617 1263 1665 Didicere
1294 1618 1391 1678 jam
1427 1619 1605 1667 barbari
1633 1638 1823 1684 quoque

54 1684 289 1748 ignoscere
312 1683 434 1729 vitiis
457 1679 818 1737 blandientium,
845 1683 884 1729 Sc
905 1683 1187 1743 interventus
1215 1681 1419 1730 civilium
1453 1701 1685 1732 armorum
1706 1702 1823 1747 prae2

56 1748 333 1809 buitjustam
352 1747 555 1810 segnitiae
574 1746 925 1794 excusationem.
996 1747 1083 1792 Sed
1102 1745 1325 1792 discordia
1341 1748 1614 1805 laboratum,
1634 1767 1739 1797 cum
1758 1751 1824 1796 as-

57 1814 206 1858 suetus
229 1811 597 1874 expeditionibus
621 1812 751 1858 miles
770 1812 866 1857 otio
886 1811 1123 1857 lasciviret.
1193 1812 1455 1858 Trebellius
1493 1814 1604 1877 fuga
1636 1831 1688 1861 ac
1710 1817 1822 1862 late-

57 1877 151 1923 bris
174 1876 314 1935 vitata
334 1876 558 1923 exercitus
579 1877 663 1931 ira,
687 1874 945 1931 indecorus,
971 1889 1108 1937 atque
1129 1875 1333 1931 humilis,
1355 1873 1560 1938 precario
1579 1895 1685 1924 mox
1707 1897 1824 1941 prae-

62 1941 150 1988 suit
175 1960 185 1987 ε
221 1954 271 1987 ac
294 1943 418 1987 velut
450 1941 584 2001 pacti,
609 1940 833 1986 exercitus
857 1940 1105 1993 licentiam,
1132 1940 1224 1986 dux
1247 1939 1452 1988 salutem.
1521 1944 1640 1991 Haec
1663 1943 1824 1991 seditio

59 2003 149 2052 fine
180 2005 394 2067 sanguine
429 2004 560 2051 stetit.
630 2006 733 2051 Nec
755 2003 944 2051 Vettius
970 2005 1166 2051 Bolanus
1192 2006 1479 2052 manentibus
1502 2007 1653 2055 adhuc
1674 2009 1823 2056 civili-

58 2070 140 2115 bus
167 2070 295 2116 bellis
314 2069 506 2132 agitavit
529 2068 809 2116 Britanniam
833 2069 1086 2131 disciplina.
1153 2069 1324 2115 Eadem
1347 2069 1511 2118 inertia
1532 2089 1641 2136 erga
1658 2072 1821 2128 hostes,

57 2133 214 2181 similis
235 2134 488 2196 petulantia
508 2134 751 2180 castrorum
775 2153 784 2180 :
808 2134 886 2179 nist
904 2135 1032 2197 quod
1052 2133 1271 2181 innocens
1291 2136 1506 2190 Bolanus,
1523 2142 1565 2183 ac
1583 2138 1720 2184 nullis
1743 2140 1823 2193 de-

57 2198 174 2246 lictis
193 2198 358 2244 invisus
381 2197 616 2245 caritatem
639 2211 874 2261 paraverat
894 2200 996 2245 loco
1019 2197 1315 2245 auctoritatis,
1383 2197 1472 2246 Sed
1499 2201 1578 2247 ubi
1607 2214 1711 2249 cum
1735 2219 1823 2249 cae-

59 2274 155 2309 tero
177 2263 286 2310 orbe
308 2263 605 2326 Vespasianus
629 2270 668 2310 &
699 2263 981 2310 Britanniam
1015 2263 1299 2327 reciperavit,
1325 2265 1481 2328 magni
1513 2266 1669 2321 duces,
1693 2285 1825 2330 egre·

92 2327 125 2373 ii
146 2328 386 2381 exercitur„
409 2327 583 2375 minuta
605 2328 800 2375 hostium
822 2328 918 2389 spes
940 2347 950 2375 :
986 2334 1026 2375 8:
1048 2342 1267 2375 terrorem
1290 2329 1434 2375 statim
1457 2328 1615 2378 intulit
1633 2332 1837 2390 Petilius,

56 2344 269 2446 {Yerialiffi
293 2391 562 2456 Brigantum
598 2392 859 2447 civitatem,
875 2410 978 2455 quse
1013 2393 1362 2441 numerosissima
1398 2394 1537 2442 totius
1576 2396 1826 2458 provinciae

56 2456 341 2519 perhibetur,
367 2460 610 2521 aggressus.
679 2459 834 2505 Multa
860 2457 1035 2520 praelia„
1077 2465 1118 2505 85
1151 2457 1399 2521 aliquando
1420 2475 1511 2506 non
1548 2460 1823 2510 incruenta:

58 2535 368 2585 magnamque
391 2522 659 2586 Brigantum
682 2536 854 2585 partem
881 2536 958 2569 aut
979 2522 1172 2570 vic‘toria
1192 2524 1446 2585 amplexus,
1475 2537 1553 2571 aut
1576 2526 1714 2573 bello.
1766 2529 1826 2576 Et

59 2598 166 2632 cum
189 2585 380 2633 Cerialis
403 2587 592 2649 quidem
614 2587 799 2635 alterius
834 2587 1087 2634 successoris
1109 2598 1282 2643 curam,
1309 2588 1571 2654 famamque
1592 2590 1824 2647 obruiffet,

59 2648 263 2697 sustinuit
284 2667 469 2713 quoque
493 2654 663 2699 molem
697 2652 844 2715 Julius
875 2653 1119 2699 Frontinus
1150 2653 1220 2699 vir
1241 2669 1433 2715 magnus
1468 2668 1690 2718 quantum
1713 2657 1825 2702 lice-

60 2714 156 2768 bat,
180 2714 470 2778 validamque
506 2723 546 2764 &
579 2734 836 2780 pugnacem
873 2717 1073 2764 Silurum
1097 2729 1283 2780 gentem
1318 2717 1454 2765 armis
1477 2719 1682 2785 subegit,
1697 2720 1828 2785 super

60 2779 274 2827 virtutem
296 2780 491 2828 hostium
509 2782 717 2829 locorum
740 2799 925 2846 quoque
945 2781 1235 2830 difficultates
1257 2784 1493 2834 eluctatus.
1772 2786 1775 2788 ’

346 2868 387 2915 C
411 2869 434 2915 Ι
457 2871 498 2916 C
522 2871 558 2916 E
579 2871 621 2917 R
640 2871 685 2916 O
719 2871 776 2917 ad
811 2868 1106 2923 Trebatium,
1129 2867 1214 2915 lib.
1235 2885 1281 2932 7.
1306 2868 1434 2933 epist.
1457 2869 1567 2918 fam.

123 2942 211 2990 IV.
248 2942 334 2990 IN
366 2943 400 2988 B
419 2945 460 2989 R
481 2946 504 2990 I
524 2944 571 2990 T
587 2947 629 2991 A
644 2945 694 2990 N
715 2945 763 2991 N
777 2945 803 2997 I
822 2947 862 2990 A
895 2943 1011 2991 nihil
1026 2943 1162 2990 audio
1185 2961 1332 3008 neque
1356 2941 1471 2998 auri,
1498 2961 1647 3008 neque
1664 2963 1829 3010 argen-

61 3005 114 3053 ti.
203 3007 258 3052 Id
277 3006 308 3053 fi
338 3004 402 3053 ita
423 3009 500 3063 est,
525 3009 723 3056 essedum
745 3009 935 3072 aliquod
956 3009 1108 3072 capias
1128 3008 1311 3064 suadeo,
1341 3015 1382 3055 δε
1412 3011 1470 3056 ad
1490 3026 1573 3055 nos
1594 3010 1830 3074 quampri-

60 3087 191 3119 mum
207 3062 423 3126 recurras.
459 3072 538 3121 Sin
561 3087 714 3121 autem
737 3072 849 3137 (fine
870 3072 1103 3121 Britannia
1126 3075 1299 3133 tamen)
1323 3073 1373 3120 id
1395 3073 1581 3138 assequi,
1606 3076 1732 3137 quo'd
1750 3090 1831 3122 vo-

61 3136 230 3190 lumuS,
255 3135 485 3199 possimus,
507 3139 692 3200 perfice,
713 3151 764 3185 ut
786 3139 839 3186 fis
856 3137 904 3186 in
926 3137 1244 3186 familiaribus.

257 3221 294 3266 P
321 3221 362 3266 A
386 3221 433 3268 U
457 3221 495 3267 L
514 3221 563 3269 U
581 3223 609 3268 S
663 3224 708 3268 O
731 3224 771 3270 R
790 3224 835 3269 Ο
856 3224 886 3270 8
905 3224 930 3271 Ι
948 3222 996 3270 U
1015 3224 1044 3268 S
1094 3223 1152 3270 de
1176 3221 1404 3269 Hibernia
1424 3222 1639 3284 loquens.

124 3294 188 3340 V.
221 3295 272 3342 H
285 3296 347 3342 AE
364 3296 404 3341 C
435 3294 625 3359 propior
641 3295 907 3352 Britanniae,
929 3297 1073 3360 spatio
1094 3309 1319 3344 terrarum
1341 3289 1587 3358 angiustmr,
1613 3297 1736 3353 coeli,
1762 3298 1831 3345 so-

60 3358 206 3420 lisque
224 3359 446 3421 temperie
467 3359 614 3424 magis
639 3360 764 3407 uti-lis
786 3357 814 3408 a
836 3363 1076 3409 Scotorum
1093 3361 1309 3425 gentibus
1329 3360 1511 3407 colitur.
1544 3362 1673 3408 Huic
1694 3361 1835 3409 etiam

64 3423 283 3470 Mevania
299 3423 445 3471 insula
460 3424 672 3487 proxima
693 3427 769 3480 est,-
801 3426 955 3488 &ipsa
976 3426 1121 3490 spatio
1144 3442 1237 3473 non
1259 3441 1414 3488 parva,
1451 3425 1546 3473 solo
1570 3426 1832 3482 commoda,

65 3487 195 3551 aeque
220 3505 248 3534 a
265 3490 511 3536 Scotorum·
529 3490 744 3554 gentibus
763 3491 1012 3538 habitatur.

124 3625 156 3671 S
178 3626 216 3673 E
235 3627 280 3676 V
301 3627 339 3674 E
354 3629 399 3676 ‘R
423 3630 471 3677 U
491 3631 522 3678 S
556 3629 702 3679 victor
722 3629 772 3682 in
795 3564 1284 3683 Blritlgngiaffiheffflu
1311 3647 1430 3694 pene
1453 3630 1663 3693 omnium
1689 3627 1835 3677 socio-

1733 3709 1839 3738 rum

287 3826 312 3837 ⁵—
