2006 3858
300 144 630 208 LIBER
706 139 1618 205 DECIMUSTERT1US.
1741 142 1860 220 381

94 258 213 301 rent,
251 259 356 291 cum
384 239 478 302 ipse
516 237 664 284 sextus
704 255 729 284 e
754 237 943 299 privatis
979 238 1120 302 Regis
1151 235 1439 285 insolentiam
1476 236 1596 299 apud
1622 238 1872 286 -Calsonetn

92 307 446 373 compescuisset.
515 304 601 349 Sed
626 303 725 347 haec
746 303 810 348 ita
828 303 1000 350 incerta
1018 304 1118 349 sunt
1141 301 1313 355 habita,
1344 313 1394 348 ut
1416 317 1442 348 a
1462 301 1608 347 notho
1631 302 1773 365 Regis
1798 305 1871 349 Ia-

93 377 212 422 cobo
233 369 456 420 Moraviae
479 366 666 418 Comite
688 366 736 411 in
754 366 933 428 judicio
955 367 1119 430 capitis
1140 366 1319 414 Humio
1340 365 1518 427 objecta
1559 382 1652 412 non
1676 368 1873 415 multum

96 438 353 488 nocuerint.

159 504 284 550 XLI.
318 501 492 547 Verum
515 509 750 556 utcunque
764 510 832 540 res
857 494 1012 550 habet,
1037 495 1322 551 reticendum
1343 511 1436 543 non
1455 493 1722 550 existimavi,
1746 494 1873 557 quod

95 568 190 630 ipse
214 587 236 613 e
259 562 506 612 Laurentio
531 559 792 607 Taliferreo
813 558 913 606 viro
936 565 975 605 &
995 560 1159 622 probo,
1189 564 1240 611 &
1267 561 1403 607 dofto
1425 577 1517 612 non
1541 560 1676 607 semel
1698 559 1873 606 audivi.

88 633 134 679 Is
158 631 277 678 enim
300 629 385 676 sese
420 633 546 689 (narn
569 640 682 671 unu?
708 636 805 670 tum
828 640 853 669 e
877 624 1027 686 pueris
1048 624 1207 687 Regiis
1231 641 1400 688 pugnae
1420 625 1641 686 spectator
1659 625 1776 684 erat)
1803 624 1871 670 ai-

93 697 201 742 ebat
222 711 269 741 re
292 692 511 740 inclinata
547 691 723 751 Regem
748 688 798 734 in
828 703 1000 751 equum
1035 687 1298 750 impositum
1318 689 1476 736 vidiffe
1513 689 1730 738 Tuedam
1752 701 1877 736 tran-

87 760 190 807 seur.
202 772 307 805 tem.
331 757 460 805 Idem
484 755 743 818 complures
759 769 866 800 cum
888 752 1233 807 confirmaffent,
1251 753 1372 800 fama
1392 754 1561 801 multos
1581 770 1722 803 annos
1744 766 1856 803 tenu
1875 780 1881 789 ·

91 826 131 872 it
154 826 330 887 Regem
359 822 524 875 vivere,
550 834 627 881 atq
634 836 686 866 ue
709 819 755 865 in
780 831 986 881 tempore
1006 817 1272 873 affuturum,
1297 817 1527 881 persoluto
1548 819 1720 867 scilicet
1743 834 1871 874 voto,

93 903 187 952 quo
205 889 247 935 se
270 885 582 939 obstrinxerat,
611 882 935 946 Hierosolyma
956 882 1194 946 religionis
1214 899 1325 946 ergo
1342 883 1384 929 se
1407 883 1673 945 petiturum.
1727 885 1815 931 Sed
1837 884 1877 931 is

84 969 254 1000 rumor
276 950 405 1014 reque
423 966 567 996 vanus
589 950 649 994 est
672 947 976 1011 deprehensus
999 960 1138 1009 atque
1160 947 1256 1002 ille,
1293 947 1375 1010 qui
1396 947 1508 994 olim
1532 948 1698 1010 sparsus
1729 962 1826 996 erat
1850 966 1878 995 a

93 1017 380 1066 Rittonibus
412 1018 468 1061 de
493 1016 722 1067 Arbium„
749 1020 789 1059 <Sc
829 1025 934 1059 ante
957 1028 1125 1075 paucos
1166 1028 1307 1058 annos
1330 1029 1356 1058 a
1378 1013 1784 1075 Burgundionibus
1819 1015 1880 1060 de

97 1084 284 1130 Carolo.
342 1079 466 1126 lllud
479 1079 650 1126 constat
673 1080 852 1141 Anglos
875 1078 963 1123 five
985 1077 1129 1140 Regis
1153 1076 1327 1132 Iacobi,
1348 1075 1438 1122 five
1461 1077 1713 1125 Alexandri
1732 1079 1877 1126 Elfin-

98 1147 232 1194 stonii
255 1162 419 1207 corpus
442 1143 726 1206 requisitum,
760 1148 810 1192 &
831 1141 878 1190 in
911 1158 1078 1205 magna
1098 1141 1371 1187 cadaverum
1400 1141 1544 1204 strage
1564 1156 1794 1204 repertum
1828 1144 1879 1191 in

93 1211 315 1275 Angliam
341 1208 604 1256 interiorem
639 1207 957 1269 comportasse,
984 1213 1023 1252 δι
1046 1204 1320 1268 inexpiabili
1338 1205 1450 1252 odio
1472 1207 1678 1254 adversus
1701 1221 1878 1255 mortu-

93 1294 172 1324 um
196 1277 346 1323 adhuc
369 1285 580 1320 manente
598 1272 646 1318 in
667 1271 799 1334 capsa
820 1269 1281 1334 plumbeaincertum
1299 1270 1491 1316 barbara
1508 1271 1674 1334 magis,
1689 1288 1746 1318 an
1766 1273 1874 1318 stul—

95 1354 143 1388 ta
163 1339 433 1387 crudelitate
456 1338 734 1401 insepultum
757 1335 958 1390 servasse,
983 1335 1109 1397 quod
1132 1334 1303 1380 scilicet
1326 1350 1452 1380 arma
1474 1333 1691 1399 sacrilega
1715 1338 1877 1384 adver-

93 1405 164 1453 sus
185 1405 356 1452 Iulium
383 1403 651 1456 secundum,
676 1399 753 1447 cui
775 1414 872 1447 tum
896 1400 939 1447 se
961 1398 1108 1463 Angli
1127 1399 1443 1453 venditabant,
1468 1399 1633 1448 tulisset
1653 1417 1671 1456 ,ε
1707 1414 1803 1455 aut,
1830 1412 1882 1450 u't

101 1470 183 1518 alii
201 1470 443 1523 affirmant,
478 1467 608 1529 quod
629 1466 770 1512 homo
789 1465 996 1528 perjurus
1020 1475 1179 1511 contra
1200 1463 1384 1510 foederis
1406 1465 1531 1527 leges
1556 1464 1729 1513 bellum
1746 1468 1883 1514 Hen-

96 1535 197 1581 rico
226 1536 388 1581 oCtavo
411 1532 629 1580 intulisset
655 1549 667 1578 ε
703 1546 900 1593 quorum
933 1541 1146 1576 neutrum
1168 1528 1212 1575 ei
1232 1528 1499 1592 exprobrari
1519 1528 1757 1588 debuerat,
1798 1549 1881 1579 nec

94 1599 159 1647 ab
182 1600 271 1645 hoc
292 1600 440 1662 Rege,
461 1597 543 1660 qui
565 1597 674 1642 durn
693 1595 829 1651 vixit,
857 1595 926 1657 (1)
948 1594 1124 1641 nullam
1145 1610 1346 1656 unquam
1367 1593 1574 1640 stabilem
1595 1596 1653 1642 de
1676 1592 1882 1644 doctrina

109 1662 368 1710 Christiana
403 1662 734 1725 persuasionem
756 1659 996 1713 habuisset,
1021 1675 1106 1705 nec
1128 1659 1185 1704 ab
1207 1659 1296 1704 hoc
1318 1657 1511 1721 populo,
1531 1659 1613 1721 qui
1635 1660 1770 1707 toties
1801 1663 1884 1708 ad.

98 1728 247 1774 versus
272 1726 523 1789 Episcopos
545 1726 780 1772 Romanos
799 1724 921 1771 bella
941 1724 1176 1786 gesserant.
1230 1723 1416 1770 Omitto
1433 1721 1620 1772 interim
1638 1737 1707 1773 tot
1727 1727 1880 1792 Reges

97 1793 362 1857 Anglorum
383 1790 589 1854 perjuros
612 1789 794 1836 testibus
816 1805 975 1835 eorum
997 1785 1289 1851 scriptoribus
1313 1806 1324 1836 :

228 1873 523 1920 Gulielmum
546 1869 721 1919 Rufum
741 1890 756 1928 ς
794 1873 900 1918 teste
922 1871 1171 1933 PolydorO,
1197 1874 1237 1916 &
1261 1871 1509 1919 Graftono.

229 1936 490 1986 Henricum
513 1938 553 1982 I.
585 1936 774 1983 Thoma
791 1936 1129 1998 Volfingamio,
1154 1935 1509 1999 Hypodigmate
1530 1938 1820 1992 Normaniae.

233 2003 548 2066 Stephanum3
582 1999 925 2062 Neobrigienfi,
951 1999 1204 2052 GraftonO,
1229 2001 1476 2062 Polydoro.

233 2067 494 2115 Henricum
517 2066 581 2111 II.
606 2065 948 2128 Neobrigienfi,
971 2063 1220 2119 GraftonO,
1244 2066 1491 2127 Polydoro.

225 2131 477 2180 Ricardum
496 2131 535 2177 I.
559 2130 913 2193 Hypodigmate
931 2129 1220 2176 Normaniae.

232 2196 493 2244 Hem-icum
512 2197 534 2241 Ι
538 2196 601 2242 II
618 2195 971 2260 Hypodigmate
989 2195 1277 2251 Normaniae,
1297 2195 1549 2255 Graftono,
1562 2198 1750 2247 Thema
1767 2201 1884 2249 Vox·

355 2262 596 2325 fingamlo.
897 2273 899 2277 ⁴

226 2327 496 2376 Eduaidum
512 2327 550 2371 Ι.
572 2325 762 2372 Thoma
777 2324 1114 2391 Volfin·gami0.

164 2407 268 2459 Hos
302 2427 472 2476 paucos
509 2409 712 2474 exempli
732 2408 882 2474 gratia
902 2409 1162 2474 selegimus,
1200 2427 1293 2458 non
1318 2409 1344 2456 ὲ
1364 2409 1525 2473 primis
1552 2411 1647 2459 illis
1670 2414 1885 2463 Saxonici

105 2476 284 2546 generis
307 2476 535 2539 Regibus,
559 2491 755 2538 quorum
776 2491 942 2539 magna
959 2474 1279 2538 suppeditabat
1302 2475 1452 2536 copia,
1477 2476 1550 2525 sed
1573 2494 1598 2524 e
1619 2479 1885 2527 Normano-

102 2543 204 2588 rum
222 2540 415 2596 familia,
442 2545 480 2586 δε
502 2556 701 2604 quorum
720 2541 886 2602 posteri
904 2539 1055 2586 adhuc
1077 2557 1269 2604 regnum
1286 2552 1442 2586 tenent
1464 2559 1475 2586 :
1508 2546 1558 2592 δε
1581 2559 1779 2604 quorum
1798 2545 1883 2591 do-

105 2605 302 2653 minatus
325 2605 374 2652 in
398 2622 451 2652 ea
468 2604 634 2652 incidit
657 2616 882 2667 tempora,
906 2604 1074 2668 quibus
1095 2604 1271 2669 Anglia
1290 2605 1430 2670 longe
1454 2605 1543 2653 suit
1560 2607 1882 2665 florentiflima,

107 2683 157 2717 ut
192 2686 269 2717 eos
292 2667 582 2725 admoneam,
623 2668 706 2732 qui
728 2680 855 2716 tanta
874 2669 1167 2732 indulgentia
1187 2670 1369 2717 suorum
1409 2670 1612 2734 perjuria
1628 2673 1883 2736 patiuntur,

47 2747 51 2752 ⁴
101 2751 160 2782 ne
182 2734 231 2781 in
249 2746 430 2782 exteros
451 2735 516 2781 ita
538 2735 624 2781 fint
643 2733 796 2780 acerbi
821 2752 832 2781 :
867 2734 1114 2797 praesertim
1137 2751 1243 2782 cum
1266 2734 1490 2791 criminis,
1514 2738 1641 2800 quod
1669 2737 1887 2800 objicitur

104 2810 244 2862 'penes
267 2799 387 2863 ipsos
410 2799 550 2862 culpa
567 2798 721 2854 fuerit,
745 2797 828 2861 qui
848 2798 1021 2862 priores
1045 2800 1275 2847 violarunt
1294 2799 1517 2848 inducias.

170 2864 323 2911 XLII.
359 2863 449 2911 Sed
473 2875 523 2911 ut
543 2864 601 2910 ad
625 2879 720 2910 rem
743 2863 945 2918 redeam,
986 2881 1202 2929 magnam
1224 2882 1282 2912 ex
1313 2864 1395 2911 illa
1416 2881 1574 2930 pugna
1594 2877 1752 2913 contra
1774 2867 1885 2914 Sco-

104 2933 175 2975 tos
196 2928 405 2976 Thomas
427 2929 662 2976 Hauartus
687 2928 851 2976 Surriae
880 2930 1050 2975 Comes
1072 2929 1272 2994 gloriam
1295 2942 1624 2992 reportaverat,
1659 2932 1690 2977 fi
1725 2933 1886 2978 mode-

105 3003 204 3041 rate
223 2993 346 3040 suam
387 2992 620 3041 fortunam
646 2993 825 3041 tulifl'et.
895 2993 986 3040 Sed
1006 2994 1149 3041 homo
1179 2994 1476 3041 secundarum
1518 3011 1668 3041 rerum
1692 2995 1886 3043 successu

104 3055 230 3120 q‘uafi
265 3057 435 3112 ebriuS‚
460 3064 503 3105 ’δὲ
528 3057 832 3106 instabilitatis
863 3058 1076 3105 humanae
1097 3075 1260 3122 parurn
1293 3074 1474 3105 memor
1506 3058 1594 3104 suis
1627 3059 1886 3108 domesticis

104 3120 319 3173 ministris
346 3125 420 3183 (ut
452 3139 551 3169 mos
585 3123 647 3169 est
669 3123 861 3186 Anglis)
891 3135 1067 3178 notam,
1099 3140 1192 3186 qua
1230 3122 1596 3185 agnoscerentur,
1628 3122 1676 3170 in
1709 3123 1887 3173 sinistris

109 3184 310 3232 brachiis
332 3185 568 3233 ferendam
586 3186 718 3234 dedit
733 3189 916 3234 leonem
941 3188 1101 3233 album
1123 3190 1237 3249 (quo
1255 3185 1348 3249 ipse
1369 3184 1535 3249 infigni
1550 3187 1782 3248 utebatur)
1805 3190 1888 3254 qui

109 3247 302 3296 rubrum
324 3247 734 3310 superincumbens
754 3250 984 3314 unguibus
1005 3251 1294 3312 discerperet.
1342 3250 1478 3298 Hanc
1499 3251 1597 3312 ejus
1618 3248 1886 3302 insolentem

109 3309 472 3368 insultationem,
495 3314 625 3370 velut
644 3314 833 3361 numine
853 3315 1099 3377 metiente,
1123 3329 1259 3362 nemo
1281 3313 1375 3362 fere
1395 3316 1675 3378 posterorum
1698 3318 1794 3379 ejus
1822 3322 1888 3367 al-

116 3437 120 3441 ’
162 3437 227 3489 (1)
256 3426 328 3478 For
355 3440 395 3479 in
414 3440 479 3478 the
505 3420 707 3490 beginning
722 3440 773 3478 ‘he
793 3455 867 3480 was
886 3456 967 3480 ear·-
1023 3442 1089 3481 the
1107 3442 1249 3494 Faith3
1278 3453 1340 3494 yet
1364 3444 1633 3485 thereafterhe
1651 3445 1723 3486 ‘cast
1749 3448 1811 3487 off
1823 3449 1886 3490 the

108 3493 187 3531 nest
205 3495 276 3531 and
294 3494 453 3532 forward
471 3494 528 3531 for
545 3496 611 3532 the
630 3497 744 3544 Pope,
764 3498 836 3532 and
852 3504 971 3534 wrote
1026 3497 1158 3547 Pope's
1171 3499 1373 3548 authority,
1391 3502 1461 3538 and
1475 3500 1683 3539 overthrew
1701 3505 1886 3540 monaste-

110 3547 248 3594 against
262 3547 407 3585 Luther
422 3550 492 3585 and
511 3546 576 3585 the
596 3549 779 3586 reformed
797 3549 970 3598 religion,
1026 3550 1111 3598 ries,
1131 3560 1192 3600 yet
1219 3552 1293 3591 still
1316 3551 1372 3612 'he
1402 3554 1602 3596 continued
1625 3568 1671 3596 an
1690 3570 1824 3606 enemy
1845 3567 1883 3594 to

111 3599 174 3638 §or
188 3600 463 3652 whi-ehfhegot
478 3600 546 3644 the
566 3601 653 3644 title
670 3602 715 3644 of
727 3601 916 3645 Defendet
931 3602 978 3644 οἳ
1028 3606 1258 3656 protestari&-

210 3694 213 3699 “
1269 3689 1272 3692 ’
1772 3692 1893 3736 teru.
