2055 3828
200 171 328 237 232
503 156 859 221 RERUM
948 147 1640 220 S'COTICARUM

178 252 424 301 vDavidem
441 252 616 313 Regem
635 248 860 302 inviseret,
880 261 934 293 ac
950 244 1219 310 Philippum
1236 247 1272 294 F
1275 263 1462 295 rancum
1479 249 1536 296 de
1550 250 1660 299 statu
1675 268 1824 303 rerum
1844 254 1966 315 Scoo.
2015 276 2020 285 ·

194 317 387 365 ticarum
423 317 661 362 certiorem
693 310 862 358 faceret
890 328 901 357 ε
935 310 993 356 ab
1013 326 1161 373 eoque
1197 310 1374 374 aliquid
1393 312 1557 373 virium
1581 314 1788 366 adversus
1824 337 1954 368 com·
1992 311 2022 361 .ἶ

194 397 380 428 munem
403 381 569 427 hostem
587 377 866 438 impetraret.
899 372 1157 429 Moravius‚
1172 374 1254 437 qui
1267 376 1556 487 R0fl³¹¹¹ig⁰m
1572 377 1702 434 ierat,
1721 396 1821 429 acre
1838 401 1957 446 prae·
2032 397 2037 403 ·

193 445 310 493 lium
333 461 436 490 cum
461 440 654 489 Balliolo
691 439 747 485 ad
771 451 960 502 pontem
998 451 1127 485 extra
1149 437 1305 486 urbem
1340 455 1427 488 con
1447 441 1567 488 eruit
1587 459 1597 486 :
1630 441 1832 507 dumque
1855 446 1954 493 An-

190 509 284 571 glis
309 525 388 570 per
418 518 604 568 pontem
629 516 748 550 retro
769 503 816 549 in
839 502 1065 566 oppidum
1098 501 1140 550 se
1162 502 1488 566 recipientibus
1509 505 1640 553 instat
1661 508 1958 570 pertinacius,
2010 514 2015 518 ”

197 573 225 619 ὲ
245 571 329 618 suis
352 567 553 615 exclusus
575 567 622 614 in
645 566 836 614 hostium
856 568 1118 630 potestatem
1139 567 1290 615 venit:
1321 566 1650 633 victoriamque
1664 571 1761 632 jam
1780 586 1959 637 partam
2005 582 2009 605 ³

197 637 224 684 ὲ
246 634 450 681 manibus
473 631 632 678 aniifit.
680 631 856 678 Eodem
880 643 1084 693 tempore
1104 629 1151 677 in
1173 630 1347 679 diversa
1365 631 1554 696 regione
1571 634 1835 684 Gulielmus
1853 637 1958 686 Du·

195 699 371 761 glaffius
396 696 660 743 Lidalianus
679 698 911 742 contracto
930 710 1034 741 cum
1052 694 1217 757 Anglis
1239 697 1491 743 certamine
1508 712 1612 746 cum
1631 698 1726 761 ipse
1746 702 1958 748 vulnera·
2031 711 2038 722 ·

196 778 266 809 tus
290 764 334 808 in
359 762 622 821 potestatem
644 759 839 806 hostium
879 759 1081 818 yeniffet‚
1119 758 1299 808 suorum
1339 760 1516 808 animos
1538 765 1594 810 τό
1616 762 1717 809 casu
1739 765 1956 820 turbavit,
2006 768 2011 774 '

195 842 248 876 ac
268 826 470 871 turbatos
488 825 533 870 iii
559 823 715 887 fugam
738 823 916 870 avertit.

256 889 326 936 XI
331 889 465 937 .Haec
481 887 692 942 variantis
707 887 901 934 fortunae
920 886 1216 934 inconstantia
1233 888 1432 938 Scotiam
1450 888 1619 938 iterum
1629 889 1678 939 in
1700 891 1811 939 duas
1829 890 1961 940 facti·
2007 725 2039 1001 Ξ

2008 1022 2040 1281 ξ

191 970 303 1003 ones
316 953 533 1006 distraxit,
545 966 681 1014 prout
692 948 1349 1012 amor,odium,spes‚metus,&
1364 970 1510 1000 rerum
1526 954 1802 1017 privatarum
1815 973 1962 1028 quen·
2002 971 2039 1020 »g

229 1034 281 1066 ue
301 1018 414 1066 ratio
431 1016 714 1080 impellebat.
770 1016 878 1078 Ejus
900 1014 1072 1061 interea
1092 1017 1371 1079 occupandae
1395 1019 1468 1065 An
1504 1019 1574 1065 lus
1597 1036 1677 1082 per
1697 1020 1776 1067 has
1798 1021 1961 1069 diffen-

190 1037 338 1130 genes
359 1081 649 1128 commodam
668 1081 948 1128 occasionem
972 1080 1128 1125 naftus
1146 1080 1390 1127 Balliolum
1414 1034 1729 1138 infirmiorem,
1752 1079 1890 1145 quam
1911 1099 1961 1133 ut

192 1147 280 1195 suis
299 1146 470 1194 viribus
492 1146 533 1193 se
555 1145 670 1193 tueri
690 1145 847 1207 poss‘et,
870 1144 918 1190 in
937 1143 1072 1189 fidem
1095 1144 1281 1207 recaepit
1301 1163 1312 1191 t
1339 1150 1379 1192 δι
1402 1144 1679 1194 sacramento
1701 1148 1748 1195 in
1769 1147 1846 1195 sua
1858 1166 1962 1197 ver-

193 1213 254 1260 ba
273 1211 459 1276 adegit:
484 1227 537 1256 ac
560 1209 673 1256 nibil
694 1208 910 1255 reveritus
926 1209 1002 1270 jus
1016 1224 1121 1254 cum
1145 1209 1310 1256 Bruflio
1325 1208 1572 1266 affinitatis,
1593 1212 1817 1264 foederum
1836 1214 1975 1261 sanc-c
2001 1198 2035 1255 -Ῐ-

193 1277 392 1330 titatem‚
408 1271 760 1336 &jurisjurandi
784 1267 1054 1335 religionem
1073 1272 1183 1319 dum
1203 1272 1550 1321 immoderatam
1569 1275 1869 1338 cupiditatem
1891 1279 1963 1326 su·
2012 1279 2035 1330 θ’

193 1358 267 1388 am
293 1341 512 1402 expleret,
534 1339 705 1384 bellum
730 1334 878 1383 Scotis
902 1337 1030 1399 Rege
1055 1336 1296 1390 destitutis,
1328 1343 1368 1384 δι
1391 1337 1509 1385 inter
1538 1339 1580 1386 se
1603 1339 1883 1389 discordibus
1906 1344 1960 1390 fi·
2002 1348 2037 1398 rs'

194 1406 292 1452 niul
314 1403 498 1457 indicit,
523 1409 560 1449 δε
585 1400 707 1448 lacit.
776 1400 830 1446 Id
855 1413 1004 1446 autem
1043 1399 1212 1446 bellum
1251 1416 1300 1448 ut
1321 1400 1367 1448 in
1390 1401 1584 1464 speciem
1617 1404 1784 1465 justum
1814 1400 1962 1456 videri

195 1470 354 1531 posset,
383 1470 453 1529 (i)
474 1466 752 1530 legationem
775 1464 892 1510 misit
911 1463 966 1509 ad
991 1463 1229 1511 Bervicum
1251 1466 1566 1528 repetendum,
1588 1470 1714 1529 quod
1736 1470 1962 1532 oppidum
2002 1467 2005 1474 '
2030 1508 2034 1515 ,

194 1545 325 1595 pater
345 1532 462 1583 suuS,
482 1544 617 1590 atquc
639 1546 748 1574 avus
769 1529 934 1574 multos
953 1544 1093 1574 annos
1117 1530 1339 1585 tenuiffet,
1355 1545 1406 1576 ac
1425 1529 1515 1592 ipse
1537 1533 1607 1592 (2)
1629 1548 1733 1580 eum
1758 1550 1861 1580 cuni
1880 1552 1960 1582 ex-

195 1597 340 1642 ercitii
366 1594 508 1642 statim
533 1595 591 1639 est
612 1593 801 1639 ieciituu.
852 1591 1036 1652 Legatis
1050 1590 1325 1653 responsum,
1351 1595 1588 1641 Bervicum
1606 1596 1778 1659 semper
1801 1605 1961 1646 Scoto-
2019 1571 2042 1697 ἑ

193 1677 295 1706 rum
319 1659 462 1710 fuisse,
489 1659 635 1704 donec
660 1656 894 1702 Eiliiardus
918 1671 1025 1701 :ivus
1049 1655 1143 1716 ejus
1167 1655 1213 1701 id
1238 1674 1317 1719 per
1335 1657 1554 1706 summam
1577 1658 1790 1720 injuriam
1825 1674 1963 1710 occu.

194 1725 347 1786 piisl'et.
417 1722 627 1769 'l'andeui
652 1720 904 1767 Rebertum
929 1718 1148 1766 Brussium
1172 1720 1431 1783 proximum
1456 1722 1631 1785 Regem
1656 1723 1831 1788 reliqua
1852 1730 1963 1773 Sco-

193 1787 259 1834 tia
281 1800 559 1850 recuperata,
600 1785 648 1831 id
676 1800 858 1847 quoque
880 1783 1103 1846 oppidum
1129 1785 1360 1838 Eduardo,
1384 1784 1479 1845 ejus
1507 1787 1588 1850 qui
1619 1803 1739 1834 nunc
1761 1789 1808 1835 id
1831 1791 1963 1840 reddi
2008 1824 2030 1832 -

193 1853 389 1913 postulet
412 1850 547 1914 patri,
587 1848 812 1901 ademisse,
850 1861 987 1909 :itque
1022 1846 1067 1893 in
1090 1860 1287 1896 veterem
1305 1848 1419 1910 juris
1447 1849 1691 1898 formulam
1716 1853 1959 1903 restituiffe.
2011 1867 2015 1875 '

192 1917 299 1963 Nec
322 1916 436 1962 adeo
459 1915 633 1961 dudum
657 1912 800 1975 ipsum
825 1912 1088 1959 Eduardum
1112 1929 1168 1958 ex
1202 1914 1410 1961 omnium
1434 1914 1646 1962 ordinum
1676 1916 1859 1965 decreto
1893 1937 1964 1967 re-

193 1980 422 2026 nunciasse
447 1979 572 2025 omni
591 1977 700 2038 juri,
726 1978 851 2039 quod
889 1976 999 2039 ipse,
1027 1976 1271 2037 majoresve
1294 1978 1389 2038 ejus
1411 1978 1458 2025 iii
1502 1993 1643 2027 totam
1665 1981 1881 2037 Scotiam,
1910 1999 1964 2032 ae
2000 1992 2037 2037 j

194 2043 371 2107 singula
405 2044 595 2106 oppida,
620 2044 775 2087 locave
810 2041 904 2102 ejus
938 2040 1136 2088 habuisse
1169 2041 1443 2089 dicerentur.
1511 2044 1659 2091 Ex'eo
1682 2057 1886 2109 tempore
1918 2049 1964 2098 se
2031 2056 2038 2086 ’-

196 2107 366 2156 nullius
390 2106 606 2154 commisii
630 2104 835 2152 adversus
859 2105 1032 2151 soedera
1053 2104 1199 2152 sanfte
1216 2105 1381 2168 jurata,
1417 2113 1456 2153 δε
1484 2108 1776 2158 matrimonio
1797 2110 1964 2161 confir·
2024 2110 2043 2172 »J

195 2184 319 2219 mata
350 2171 571 2226 conscios,
607 2186 687 2216 cur
728 2169 892 2216 iterum
926 2171 1022 2231 jam
1065 2168 1220 2231 paucis
1251 2170 1379 2217 annis
1417 2176 1455 2217 Sc
1483 2173 1663 2219 occulta
1701 2173 1874 2230 fraude,
1920 2184 1963 2227 δε
2011 2179 2046 2225 -',.

193 2250 352 2298 aperto
371 2236 494 2282 bello
513 2247 790 2298 peterentur.
845 2233 960 2281 Haec
979 2247 1083 2280 cum
1107 2234 1171 2280 ita
1187 2232 1227 2279 se
1252 2234 1464 2290 habeant,
1488 2233 1529 2282 se
1554 2238 1727 2300 legatos
1748 2256 1889 2295 orare,
1913 2254 1963 2292 ut

193 2301 259 2347 sui
280 2300 421 2363 Regis
443 2299 645 2346 animum
665 2298 723 2345 ad
743 2297 970 2360 :equitatis
989 2297 1236 2359 respeetum
1259 2297 1509 2354 inflectant,
1535 2317 1590 2347 ne
1610 2302 1679 2348 Re
1712 2317 1785 2350 em
1806 2304 1964 2354 absen·
2005 2302 2011 2341 ἶ

193 2378 306 2419 iem,
333 2377 463 2410 :etate
485 2362 744 2416 innoitium,
769 2369 808 2409 δε
832 2360 990 2408 sororis
1014 2361 1228 2408 maritum
1248 2375 1430 2424 captato
1450 2380 1654 2428 tempore
1690 2367 1862 2428 poliare
1884 2385 1963 2418 co·
2001 2396 2006 2404 -

195 2442 330 2476 netur
349 2446 360 2474 :
397 2427 439 2475 se
461 2427 649 2491 quidem
673 2426 818 2473 nullas
838 2424 1145 2482 conditiones,
1166 2426 1305 2474 modo
1324 2427 1527 2476 honestas
1544 2429 1745 2477 recusare
1794 2432 1873 2480 Sin
1893 2434 1981 2485 in-ss-

186 2491 308 2552 justa
331 2490 396 2537 vis
420 2492 686 2545 intentetur,
723 2506 807 2553 pro
841 2490 1072 2537 commiss‘a
1095 2489 1176 2538 sibi
1208 2491 1275 2538 Rc
1314 2490 1351 2538 is
1375 2493 1516 2540 tutela
1550 2493 1702 2556 potius
1732 2496 1964 2547 honestam
2000 2531 2003 2533 —

194 2568 389 2603 mortem
410 2555 632 2609 obituros,
655 2571 794 2617 quam
818 2555 864 2601 in
887 2570 1047 2618 pacem
1068 2572 1116 2601 re
1153 2508 1419 2618 nodigique
1442 2570 1621 2620 turpem
1639 2559 1942 2611 consensuros.

240 2620 370 2666 'XIL
405 2620 522 2667 Haec
543 2635 569 2666 a
590 2619 777 2667 confilio
800 2619 1040 2666 Scotorum
1062 2572 1282 2682 regonsa.
1334 2620 1421 2667 Sed
1441 2622 1642 2686 Auglus,
1663 2621 1744 2685 qui
1770 2641 1860 2673 non
1884 2643 1968 2690 pa·
1988 2669 1995 2677 ,

192 2700 314 2738 cem,
338 2681 413 2731 sed
434 2683 674 2746 victoriam
700 2682 931 2747 cupiebat,
965 2698 1134 2755 magno
1155 2683 1336 2731 suorum
1369 2687 1572 2733 exercitu
1606 2688 1804 2736 externis
1824 2691 1988 2742 etiam*

191 2746 376 2795 auxiliis
397 2749 529 2794 aufto
550 2747 790 2795 Bervicum
815 2760 933 2793 terra
952 2762 1160 2810 marique
1179 2763 1208 2794 o
1245 2763 1449 2813 pugnare
1470 2747 1639 2812 coepit:
1660 2767 1810 2815 neque
1830 2755 1974 2817 quief-
1995 2783 1997 2785 -

194 2827 334 2876 quam
358 2812 484 2876 quod
501 2811 560 2858 ad
584 2810 768 2858 urbium
790 2810 1182 2875 expugnationem
1223 2824 1390 2866 aceret,
1412 2812 1654 2861 omittebat
1678 2832 1691 2860 ε
1731 2833 1784 2864 ac
1804 2810 1981 2868 multi-⁸

196 2874 359 2923 tudine
390 2875 633 2922 hominum
656 2875 795 2922 fretus
814 2889 898 2922 nec
920 2873 1011 2928 die,
1036 2890 1120 2922 nec
1149 2877 1282 2923 noete
1305 2875 1449 2923 ullum
1463 2872 1647 2924 obsessis
1675 2895 1868 2930 vacuum
1892 2878 1966 2932 di·

194 2939 446 2987 micatione
464 2952 643 3003 tempus
664 2939 801 2986 dabat
822 2957 833 2985 :
868 2954 952 2985 nec
974 2937 1124 2985 minus
1146 2936 1357 2987 ferociter'
1375 2938 1527 2987 obsessi
1557 2940 1733 2989 affidu'is
1759 2946 1969 3009 eruptio.

197 3003 334 3052 nibus
352 3004 531 3067 Anglos
549 3002 833 3051 infestabant.
882 2999 1077 3050 Classem
1099 3002 1146 3050 in
1170 3003 1359 3050 flumine
1376 3004 1563 3052 stantem
1585 3005 1761 3068 injectis
1778 3009 1982 3074 ignibus

195 3084 367 3131 magna
380 3084 438 3114 ex
458 3081 585 3131 parte
604 3067 924 3120 incenderunt.
990 3066 1190 3115 Periitin
1208 3083 1264 3114 eo
1286 3067 1446 3129 praelio
1468 3069 1733 3119 Gulielmus
1756 3074 1910 3123 Seioni
1986 3077 1987 3081 ’

195 3131 400 3193 praefeeti
415 3132 538 3180 urbis
556 3133 724 3180 nothus
741 3132 938 3179 multum
955 3130 1077 3195 apud
1096 3130 1194 3178 suos
1212 3132 1487 3181 desideratus
1504 3133 1567 3180 ob
1586 3134 1856 3198 singular-em
1871 3134 1971 3189 fou*

197 3194 458 3244 titudinem.
525 3197 570 3245 Is
590 3195 704 3244 dum
723 3200 774 3243 in
790 3196 1038 3260 Anglicam
1059 3211 1221 3243 navem
1241 3195 1413 3244 insilire
1431 3211 1640 3254 conatur,
1652 3200 1728 3247 sna
1747 3217 1861 3249 nave
1879 3215 1939 3252 nn
1955 3191 1963 3202 ’

197 3258 359 3315 darum
379 3260 579 3335 impulsu
594 3261 671 3308 lon
710 3260 778 3308 'us
798 3259 965 3322 rejeRa
979 3259 1027 3307 in
1049 3276 1173 3308 mare
1189 3259 1394 3308 decidit:
1419 3277 1568 3325 neque
1589 3262 1635 3311 ei
1653 3262 1701 3310 in
1721 3276 1846 3313 tanta
1870 3289 1924 3307 ιιι·
1971 3274 1978 3322 j

198 3321 328 3369 nium
351 3324 658 3387 trepidatione
674 3277 875 3372 {decurri
894 3322 1074 3389 potuit?
1131 3325 1264 3390 Alter
1284 3341 1471 3388 quoque
1492 3327 1743 3375 Alexandri
1755 3327 1885 3385 'filius
1917 3356 1939 3369 a

198 3385 410 3451 legitima
427 3404 566 3436 uxore
582 3401 715 3438 natus
729 3389 780 3439 in
799 3385 1000 3461 quadam
1020 3387 1262 3453 eruptione
1283 3388 1501 3438 aviditate
1518 3390 1757 3456 pugnandi
1778 3393 1925 3459 longi
1945 3428 1948 3430 —

2022 1399 2039 1422 ὀι

257 3513 324 3569 (r)
351 3514 379 3556 i.
399 3529 433 3559 e.
454 3517 604 3567 legates.
942 3580 961 3605 υ
1010 3568 1013 3571 ,
1111 3561 1127 3613 ¹.
1164 3518 1245 3614 (ἶί)ο
1253 3520 1367 3567 Eum,
1382 3519 1408 3561 i.
1422 3533 1455 3560 e.
1469 3520 1656 3572 legatum:
1674 3521 1987 3581 alzeammenpt

1129 3585 1191 3624 ega
1247 3584 1348 3614 nem.
1981 3582 1986 3589 ¹

1855 3631 1966 3705 1³¹⁰*-
1986 3651 1989 3654 ·
