2096 3869
208 170 250 232 8
516 171 877 238 RERUM
970 169 1670 240 Sco'r1CARUM

449 277 636 328 'Silvius
658 278 737 325 ille
759 279 923 327 bonus,
949 277 1031 339 qui
1053 276 1256 324 carmina
1277 279 1422 328 nostra
1442 281 1608 329 lacesiit
1631 301 1643 329 ε

591 345 755 390 Nostra
777 341 922 403 magis
944 341 1114 387 meruit
1136 341 1329 390 disticha
1349 344 1497 392 Britto
1519 347 1699 393 bonus(
1782 379 1786 383 -

466 407 637 456 Silvius
658 407 735 452 hic
756 407 901 451 bonus
923 405 998 450 est.
1036 405 1155 467 Qis
1175 405 1343 453 Silvius
1368 412 1385 453 ἓ
1420 411 1504 457 Iste
1526 410 1790 460 Britannus.

593 473 689 517 Aut
712 469 856 516 Britto
878 468 955 514 hic
975 484 1066 514 non
1088 470 1150 515 est
1168 469 1355 526 Silvius,
1379 476 1621 521 autmalus
1643 476 1723 522 est.

468 534 635 582 Silvius
657 535 740 580 ess‘e
763 534 906 580 bonus
931 531 1095 588 Brimo,
1125 533 1361 597 ferturque
1381 536 1640 586 Britannus.

483 601 488 606 '
594 598 710 660 Qiis
733 597 886 643 credat
907 596 1056 643 civem
1078 597 1364 662 degenerasse
1388 599 1559 647 bonum
1587 604 1598 649 l

465 664 619 711 Nemo
643 664 787 708 bonus
808 660 953 708 Britto
974 662 1034 708 est
1054 679 1066 708 ε
1104 662 1134 709 si
1157 663 1345 726 simplex
1368 664 1536 712 Silvius
1557 667 1645 713 esse

593 724 807 787 Incipiat,
829 725 1020 787 simplex
1041 726 1212 774 desinet
1234 729 1319 774 effie
1341 729 1505 776 bonuS.

465 789 630 839 Silvius
652 788 730 835 hic
749 788 896 837 bonus
920 790 980 836 est
1005 809 1016 837 :
1050 790 1124 838 sed
1147 791 1293 840 Britto
1314 795 1375 841 est
1397 793 1565 841 Silvius
1587 794 1715 842 idem

593 853 856 916 Simplicior
876 871 943 901 res
963 857 1039 910 est,
1065 856 1217 903 dicere
1239 858 1386 905 Britto
1409 859 1571 906 malus.

464 918 578 967 Silvi
602 917 747 965 Britto
769 919 933 973 bonus,
961 920 1169 981 quamvis
1191 921 1332 967 homo
1353 939 1444 969 non
1467 923 1613 969 bonus
1637 922 1723 970 esse

591 984 625 1029 F
628 982 754 1037 erri5‚
777 998 861 1029 nec
890 982 932 1029 se
954 983 1056 1045 quit
1072 983 1267 1049 jungere
1289 985 1436 1032 Britto
1457 998 1503 1033 et
1521 987 1678 1034 homo.

260 1072 409 1130 XIII.
442 1069 538 1134 Qi
559 1069 798 1118 Britannos
824 1069 1069 1115 Gallorum
1091 1070 1279 1118 colonos
1298 1071 1382 1117 esi'e
1399 1071 1702 1126 contendunt,
1725 1068 1773 1116 hi
1796 1070 1983 1119 Hercu·

209 1138 303 1185 lem
335 1137 361 1186 ὲ
399 1136 534 1183 Celto
572 1134 726 1198 puella
757 1132 942 1180 Gallica
976 1132 1244 1181 Britannum
1271 1133 1420 1182 filium'
1446 1134 1648 1199 genuisse
1681 1135 1916 1197 produnt:
1953 1137 1983 1184 ὲ

208 1217 307 1266 quo
327 1212 509 1265 gentem
530 1199 791 1247 Britannam
814 1209 1129 1262 propagatam.
1172 1201 1309 1247 Hanc
1328 1199 1559 1246 nationem
1583 1198 1757 1246 Plinius
1779 1199 1981 1250 vicinam

213 1267 286 1328 (1)
309 1263 526 1324 Morinis,
549 1262 862 1316 Atrebatibus,
888 1260 1159 1310 Gessoriacis
1181 1263 1393 1310 collocat.
1480 1263 1575 1327 Qi
1610 1264 1635 1311 ὲ
1671 1264 1850 1310 Graecis
1881 1264 1983 1311 haec

211 1330 482 1378 confirment
503 1345 592 1376 non
615 1327 774 1374 desunt
790 1325 1101 1390 grammatici,
1123 1327 1335 1383 Souidas‚
1357 1333 1396 1375 δι
1419 1327 1498 1391 qui
1516 1328 1870 1400 Etymologicon
1883 1345 1980 1376 ma-

211 1412 357 1459 gnum
375 1393 560 1458 scripsit.
586 1394 637 1439 In
658 1393 814 1438 eadem
835 1390 1054 1437 sententia
1073 1391 1188 1438 mihi
1211 1392 1337 1439 suisi‘e
1359 1393 1574 1439 videntur
1588 1392 1979 1454 C.Jul1usCaesar,

211 1465 255 1507 δι
270 1461 328 1506 C.
345 1457 586 1506 Cornelius
600 1457 813 1511 Tacitus,
833 1456 1001 1520 aliique
1023 1454 1258 1519 scriptores
1274 1457 1426 1505 Latini
1450 1473 1539 1504 non
1562 1456 1736 1504 indocti
1757 1475 1768 1504 ε
1794 1473 1883 1504 non
1908 1457 1980 1505 in-

210 1524 412 1572 celebres
434 1536 601 1570 tamen.
652 1522 769 1568 Item
788 1522 924 1575 sacra,
949 1520 1109 1575 sermo,
1134 1521 1350 1577 instituta,
1409 1523 1677 1584 entiumque
1692 1521 1981 1584 quarundam

211 1589 272 1635 ad
294 1604 415 1636 mare
437 1587 673 1634 Gallicum
697 1585 999 1632 habitantium
1026 1601 1191 1641 mores,
1218 1586 1262 1633 id
1283 1541 1570 1640 confirmant,
1608 1585 1633 1632 ὲ
1667 1587 1832 1650 quibus
1865 1584 1980 1633 mihi

214 1655 288 1714 (2)
313 1651 514 1701 Britanni
538 1649 1005 1714 transmigrationibus
1027 1651 1246 1705 exhausti,
1271 1650 1448 1698 Morini
1478 1650 1697 1714 paulatim
1722 1648 1981 1714 consumpti

210 1716 442 1764 videntur.
510 1713 720 1762 Morinus
739 1714 925 1776 quidem
951 1713 977 1759 Ξι
999 1716 1134 1761 More
1155 1715 1221 1776 (id
1244 1727 1395 1762 vetere
1414 1715 1657 1762 Gallorum
1680 1715 1841 1778 lingua
1858 1731 1981 1762 mare

213 1780 454 1846 fignificat)
480 1781 599 1826 suam
624 1778 737 1824 mihi
756 1777 981 1841 originem
1005 1778 1150 1825 testari
1168 1778 1365 1826 videtur.
1436 1780 1505 1842 (3)
1540 1779 1693 1825 Venta
1716 1778 1978 1842 Belgarum,

214 1851 257 1894 ἃ
279 1845 337 1893 ab
356 1845 454 1892 Icio
474 1844 645 1891 distum
683 1844 869 1889 Icenum
901 1842 1038 1890 etiam
1058 1843 1104 1890 in
1128 1844 1326 1891 alienum
1351 1843 1492 1890 solum
1518 1842 1664 1889 secum
1690 1842 1980 1906 cognominis

213 1910 320 1957 loco
341 1909 530 1972 patriam
550 1924 709 1954 vocem
729 1907 934 1954 extulisse
956 1910 1004 1955 fit
1027 1907 1266 1955 verisimile
1288 1928 1298 1955 ε
1336 1920 1473 1971 atque
1497 1907 1542 1955 in
1568 1907 1663 1971 ipso
1682 1907 1827 1954 statim
1850 1906 1980 1955 aditu

214 1988 502 2022 occurrentes
534 1973 787 2030 Britannos,
824 1974 950 2020 velut
978 1972 1247 2037 progeniem
1281 1972 1593 2028 aanoscentes,
1630 1972 1820 2018 domum
1855 1972 1980 2020 suam

215 2049 433 2103 tanquam
450 2038 497 2086 in
516 2037 762 2100 hospitium
785 2038 1010 2084 deducere
1030 2038 1164 2084 velle.
1200 2025 1411 2084 Morinus
1435 2035 1558 2083 enim
1582 2036 1733 2083 Gallis
1750 2037 1980 2083 veteribus

214 2104 462 2159 marinum,
484 2110 521 2150 8.-
541 2101 853 2149 Moremarusa
874 2117 997 2149 mare
1027 2114 1258 2149 mortuum
1283 2101 1502 2166 significat
1534 2120 1544 2147 :
1578 2117 1842 2165 quanquam
1882 2101 1980 2149 haec

214 2170 439 2231 postrema
460 2169 551 2216 duo
576 2167 759 2213 nomina
778 2166 1054 2230 Gorropius,
1069 2167 1179 2213 dum
1199 2166 1295 2214 suos
1313 2166 1563 2213 Aduaticos
1583 2164 1715 2212 nimis
1736 2164 1980 2212 ambitiose

214 2233 318 2281 vult
337 2234 563 2287 excolere,
588 2249 702 2294 pene
722 2231 852 2278 nobis
874 2231 1088 2295 surripuit
1111 2250 1121 2276 :
1151 2232 1221 2294 (4)
1247 2247 1330 2278 nec
1351 2229 1624 2282 Aremorici,
1649 2243 1726 2276 aut
1750 2229 1983 2277 Armorici

215 2297 259 2345 se
282 2296 418 2345 nostri
437 2295 615 2361 generis
637 2312 803 2360 negare
825 2294 1017 2360 possunt.
1095 2295 1334 2343 Habemus
1355 2295 1476 2341 enim
1502 2293 1693 2356 majores
1716 2298 1757 2341 Sc
1791 2292 1979 2358 propin-

254 2378 334 2408 uos
356 2378 493 2424 penes
512 2378 592 2409 nos
611 2361 802 2408 obfides.
849 2361 970 2408 Nam
997 2361 1062 2407 Ar
1082 2360 1156 2406 vel
1182 2362 1272 2407 Are
1294 2374 1423 2407 vetus
1446 2360 1505 2406 est
1527 2358 1784 2422 praepositio
1806 2360 1979 2423 linguae

215 2379 434 2483 Gallicae,
458 2427 583 2490 quod
621 2425 679 2473 ad
716 2426 788 2471 vel
810 2424 942 2489 super
977 2424 1168 2480 indicat,
1200 2425 1325 2489 quasi
1361 2424 1484 2470 dicas
1515 2423 1572 2469 ad
1594 2439 1734 2478 mare,
1757 2422 1830 2470 vel
1850 2424 1980 2487 super

215 2506 358 2545 mare,
381 2491 470 2538 hoc
487 2491 563 2545 est,
588 2489 884 2538 maritimum.
953 2488 1263 2538 Moremarusa
1286 2488 1446 2537 veroa
1468 2489 1620 2542 More,
1641 2488 1728 2534 hoc
1753 2487 1813 2534 est
1834 2504 1977 2544 mare,

167 2551 176 2564 '
217 2555 419 2602 declinat
442 2556 602 2603 ultima
623 2553 792 2617 syllaba
812 2554 1034 2618 produe'ta
1053 2555 1100 2601 in
1125 2570 1296 2601 morem
1321 2551 1551 2618 participii
1573 2551 1747 2599 Graeci.
1785 2553 1978 2599 Aremo-

215 2618 314 2667 rica
333 2620 537 2683 quidem,
563 2619 638 2667 seu
662 2618 902 2666 Armorica
924 2617 1027 2683 (qui
1049 2618 1192 2666 statim
1215 2619 1422 2666 auditum
1445 2633 1535 2663 non
1559 2616 1815 2681 agnoverit,
1839 2615 1876 2663 is
1897 2631 1978 2663 ve-

215 2695 360 2732 terem
389 2684 594 2750 linguam
629 2683 860 2732 Gallicam
889 2683 1066 2748 prorsus
1103 2682 1305 2748 ignorat)
1340 2688 1380 2730 &
1404 2681 1550 2745 ipsum
1572 2697 1759 2748 quoque
1783 2679 1980 2742 (mariti-

215 2750 367 2809 mum)
381 2746 615 2823 significat,
631 2749 706 2795 vel
729 2747 951 2800 Strabone
973 2748 1238 2811 interprete,
1258 2746 1339 2813 qui
1355 2745 1524 2794 Graece
1541 2762 1624 2809 pro
1641 2761 1696 2792 eo
1718 2744 1848 2792 nobis
1863 2744 1978 2793 sem-

215 2829 301 2876 per
317 2814 464 2874 reddit
478 2815 547 2880 (5)
566 2813 888 2877 Apoceanitas.
930 2813 1080 2860 Caesar
1097 2813 1153 2860 de
1165 2811 1417 2861 Armoricis
1441 2811 1540 2857 haec
1562 2809 1643 2857 lib.
1660 2826 1703 2875 ς.
1725 2817 1760 2838 “
1779 2810 1978 2873 Magnas

219 2884 254 2905 “
288 2876 530 2926 Gallorum
553 2876 706 2950 copias
723 2894 879 2927 earum
896 2876 1152 2933 civitatum,
1171 2894 1276 2941 quae
1296 2874 1551 2924 Armoricae
1569 2872 1874 2938 appellantur,
1892 2889 1978 2936 op-

219 2948 255 2971 “
289 2943 529 3008 pugnandi
564 2943 629 2990 sur
666 2942 795 2989 causa
816 2941 1068 2994 convenisse
1093 2943 1142 2990 :'’
1180 2947 1220 2990 Sc
1247 2941 1329 2991 lib.
1362 2959 1406 3006 7.
1468 2946 1502 2968 “
1525 2937 1758 2989 Univerfis
1779 2936 1978 2987 civitati-

271 3072 332 3122 (ι)
374 3074 508 3124 People
539 3072 584 3111 of
609 3073 747 3112 France
792 3087 841 3113 on
871 3074 937 3113 the
970 3074 1065 3113 coast
1131 3086 1222 3123 gone
1241 3073 1291 3110 all
1310 3084 1399 3110 over
1413 3081 1452 3110 to
1470 3069 1616 3109 inhabit
1634 3069 1701 3107 the
1720 3067 1782 3107 isle
1799 3068 1916 3107 called
1933 3068 1980 3118 by

217 3127 357 3163 nearest
375 3135 414 3164 to
429 3128 627 3176 England..
1129 3127 1237 3164 them
1256 3125 1413 3163 Britain.
1428 3124 1488 3163 of
1498 3124 1563 3162 the
1577 3122 1748 3162 Britanni
1767 3119 1807 3160 in
1823 3122 1978 3168 france,

271 3175 334 3228 (2)
360 3180 487 3218 Venta
508 3181 704 3228 Belgarum
723 3194 797 3219 was
816 3182 881 3220 the
899 3194 1008 3220 name
1025 3181 1070 3220 of
1129 3180 1186 3218 see
1206 3179 1308 3217 Plin.
1327 3187 1405 3218 nat.
1426 3178 1511 3216 hist.

215 3243 241 3280 ρ
256 3242 359 3270 town
375 3231 415 3270 in
431 3234 460 3270 F
463 3246 582 3279 rance,
600 3236 673 3271 and
694 3235 738 3272 of
749 3235 961 3285 anotherlin
980 3235 1065 3273 Bri·
1184 3232 1245 3284 (4)
1274 3233 1333 3270 He
1351 3230 1503 3282 proveth
1532 3229 1615 3269 that
1641 3227 1852 3268 Aremorici
1882 3226 1913 3265 is
1930 3239 1979 3265 an

211 3283 312 3333 gain,
365 3284 463 3325 Icius
482 3299 553 3323 was
573 3286 646 3322 also
665 3301 683 3323 a
713 3297 814 3325 town
833 3287 871 3325 in
892 3288 1029 3326 France
1049 3302 1063 3336 ς
1129 3286 1190 3325 old
1209 3285 1337 3323 Gallie
1355 3286 1469 3332 word,
1487 3284 1556 3322 and
1575 3282 1660 3321 that
1674 3281 1780 3320 there
1798 3277 1857 3319 are
1871 3278 1980 3318 other

216 3336 324 3376 Iceni
340 3349 361 3374 a
378 3338 506 3388 people
521 3338 567 3376 of
578 3338 720 3377 Britain
735 3355 746 3389 ;
767 3340 893 3379 which
909 3340 1062 3388 argueth
1128 3341 1247 3378 words
1264 3338 1309 3377 of
1322 3337 1448 3376 which
1468 3337 1499 3376 it
1524 3337 1554 3375 is
1572 3335 1838 3385 compounded,
1855 3334 1980 3382 majo·

216 3388 302 3426 that
315 3389 379 3427 the
393 3391 493 3428 Iceni
506 3393 574 3428 and
589 3385 894 3431 ffieinh.·bitants
904 3392 1063 3431 ofVen·
1115 3406 1200 3439 res,
1219 3393 1291 3429 and
1322 3404 1428 3429 come
1461 3389 1571 3428 from'
1597 3389 1662 3426 the
1694 3387 1794 3437 farne
1820 3385 1979 3434 original

138 3471 144 3482 ,
216 3450 256 3479 ta
285 3441 326 3480 in
344 3442 487 3481 Britain
507 3457 602 3482 were
629 3445 824 3484 descended
842 3446 939 3484 from
968 3447 1066 3484 Icius
1129 3446 1223 3483 with
1252 3445 1297 3492 it,
1330 3438 1564 3496 propinquos,
1595 3442 1636 3480 in
1665 3440 1737 3478 the
1758 3440 1820 3477 old
1851 3438 1979 3485 Gallie

215 3497 288 3533 and
304 3496 430 3533 Venta
448 3496 646 3544 Belgarum
664 3497 703 3534 in
722 3499 871 3538 france.
1128 3508 1279 3547 tongue.

271 3547 334 3599 (3)
365 3548 452 3588 The
471 3549 656 3594 Britanni,
674 3563 694 3588 a
710 3553 836 3600 people
855 3553 900 3591 of
911 3552 1062 3598 france,
1185 3551 1247 3604 (5)
1276 3549 1420 3592 Oceani
1441 3549 1593 3597 accolae,
1618 3546 1808 3596 bordei-ing
1834 3557 1886 3585 on
1913 3542 1980 3582 the
2056 3526 2068 3536 ·

137 3630 151 3652 ,
218 3599 440 3651 neighbours
462 3610 500 3641 to
520 3601 584 3641 the
602 3602 761 3651 Morini,
781 3603 878 3645 stem
902 3613 942 3644 to
971 3604 1063 3646 have
1128 3618 1254 3646 ocean.

1167 3677 1177 3685 ·
1812 3680 1848 3704 κ
1881 3670 1986 3723 bus,
