2043 3864
506 169 839 236 LIBER
930 166 1478 235 Sirra-uuus.⁴
1722 170 1838 240 185

86 271 334 336 superiores
356 271 570 332 evadunt.
638 265 972 331 Milcolumbus
1007 269 1088 316 ubi
1119 267 1295 333 cladem
1310 267 1497 316 ’suorum
1520 262 1711 325 rescivit,
1740 271 1847 335 sup-

84 334 217 402 'pleto
239 335 439 383 exercitu
459 333 604 394 veteri
625 333 673 380 in
697 330 955 379 Moraviam
989 333 1137 380 duxit.
1205 334 1283 379 Ad
1305 332 1425 397 Spaei
1458 332 1659 379 fluminis
1689 334 1850 383 ostium

89 398 399 451 Moravienses
432 399 511 445 etfi
533 396 674 461 Regis
706 394 860 459 copias
882 398 1049 453 auctas,
1086 401 1135 447 ὃς
1155 396 1253 445 suas
1287 393 1313 444 ὲ
1334 397 1560 461 superiore
1582 397 1742 460 praelio
1762 400 1828 446 im
1848 429 1855 439 ‚

86 467 285 516 minutas
308 478 398 510 non
420 462 703 526 ignorarent,
732 473 884 508 tamen
905 462 1009 508 loco
1044 461 1165 516 freti,
1191 468 1232 508 &
1254 475 1383 525 parta
1405 475 1548 526 nuper
1568 461 1760 509 victoria
1783 463 1848 510 fe-

88 544 233 584 roces,
253 538 468 575 eventum
499 529 736 590 expectare
766 526 1111 574 constituerunt.
1178 527 1438 591 Pugnatum
1457 528 1517 574 est
1547 539 1715 591 magna
1746 543 1856 576 cum

87 591 351 658 pertinacia,
378 609 461 638 nec
480 590 656 639 minore
674 592 814 638 caede.
870 591 1039 655 Neque
1061 591 1184 638 enim
1202 593 1328 654 prius
1346 589 1583 643 cesserunt,
1605 602 1744 656 quam
1767 593 1853 639 fes-

87 659 140 706 fis
163 655 322 720 Regiis
346 656 475 704 miles
512 657 537 703 ἓ
571 655 772 704 subsidiis
793 670 949 702 recens
988 655 1202 703 succeffit.
1269 653 1398 703 Tum
1419 672 1528 703 vero
1548 656 1766 704 inclinata
1787 657 1851 705 se-

80 723 180 771 ''rn'el
202 721 315 777 acie,
340 738 432 770 non
455 720 650 785 amplius
673 736 844 784 pugna,
869 720 940 768 sed
983 721 1126 767 caedes
1149 719 1253 768 fuit.
1320 721 1456 768 Nulli
1479 721 1617 778 aetati,
1641 733 1720 768 aut
1741 736 1851 770 con-

86 782 256 835 ditioni
276 787 405 833 'furor
421 786 631 833 militaris
656 784 874 849 pepercit.
942 786 1050 833 Hoc
1072 785 1234 849 praelio
1253 798 1425 832 veteres
1449 786 1708 833 Met-aviani
1736 804 1855 850 pene

86 846 146 899 ‘ad
164 851 521 899 internecionem
545 850 645 897 sunt
674 850 876 907 redacti3
909 864 1012 913 quae
1040 864 1176 912 poena
1199 862 1432 914 utcunque
1459 849 1675 907 crudelis,
1701 862 1854 900 tamen

86 916 235 963 videri
256 916 398 978 potest
415 928 508 963 non
526 914 872 962 immerentibus
889 914 1096 962 'accidisse
1118 934 1129 962 z
1153 915 1723 978 gravitatemquestfltionis
1741 935 1855 982 gen-

87 980 145 1028 ti's
165 980 416 1044 perfidiosae
439 979 647 1028 adversus
674 979 785 1026 alios
802 979 1063 1027 immanitas
1086 979 1280 1027 excusat.
1334 979 1464 1026 Novi
1481 979 1698 1028 coloniin
1719 982 1855 1031 caeso-

85 1061 342 1108 rum-agros
366 1045 492 1091 missi.
858 1084 861 1086 .

144 1105 327 1158 XLIII.
352 1111 456 1156 Nec
479 1110 769 1158 Sumerledus
791 1110 912 1156 inter
932 1120 1000 1157 tot
1015 1111 1240 1157 tumultus
1263 1108 1343 1154 fibi
1364 1107 1688 1170 quiescendum
1706 1111 1856 1162 duxit.

87 1168 153 1230 Is,
194 1178 266 1237 (ut
283 1184 416 1222 antea
437 1175 611 1222 dictum
638 1176 718 1234 est)
743 1185 849 1220 cum
878 1174 926 1220 in
946 1173 1220 1221 Hiberniam
1244 1187 1301 1220 ex
1321 1170 1497 1219 infelici
1517 1175 1679 1237 praelio
1698 1177 1858 1224 evafis-
1915 1179 1924 1181 ‘⁷

82 1234 171 1294 Yet,
195 1239 251 1285 ab
272 1254 420 1301 eoque
440 1250 648 1303 tempore
670 1238 920 1286 latrociniis
944 1238 1108 1285 Scotiae
1125 1238 1260 1284 litora
1280 1237 1501 1284 habuisset
1520 1238 1694 1296 infesta,
1732 1253 1858 1290 ratus

85 1302 209 1351 'in'ter
225 1315 294 1351 tot
314 1305 461 1352 caedes
480 1305 649 1367 majore
671 1316 798 1366 parte
818 1303 1028 1350 militaris
1051 1302 1194 1349 aetatis
1213 1301 1495 1364 consumpta,
1521 1314 1598 1349 aut
1627 1317 1651 1349 e
1676 1303 1858 1368 fugien-

85 1367 212 1414 tibus
236 1368 380 1416 adeam
410 1369 720 1418 dimicationis
744 1368 1010 1432 opulentam
1028 1367 1248 1432 praedam,
1289 1378 1367 1413 aut
1401 1368 1425 1413 ὲ
1451 1368 1859 1431 congredientibus

87 1432 189 1480 'fore
208 1446 299 1480 non
321 1429 556 1481 difficilem
577 1432 815 1482 victoriam
840 1447 1006 1496 magna
1025 1431 1229 1495 undique
1246 1430 1601 1496 facinorosorum
1624 1450 1761 1481 manu
1778 1451 1859 1482 co-

90 1490 204 1554 acta,
221 1493 656 1547 aestuarium'Glottae
670 1497 816 1545 amnis
831 1499 1022 1545 navibus
1034 1497 1253 1562 ingre'ffus
1275 1496 1519 1558 (1)finistra
1530 1498 1630 1561 ripa
1643 1498 1858 1547 exscensi-

87 1572 226 1625 onem
249 1562 372 1620 fecit,
394 1575 446 1610 ac
468 1564 733 1611 blandiente
752 1563 809 1609 ab
826 1563 963 1610 initio
984 1561 1184 1617 fortuna,
1202 1561 1450 1609 Renfroam
1472 1561 1610 1624 usque
1630 1576 1856 1626 penetrat.

92 1627 166 1673 Ibi
187 1628 296 1674 dum
313 1630 517 1675 multum
539 1625 723 1691 praedae,
748 1641 907 1690 parum
929 1626 1238 1673 incolumitati
1256 1626 1438 1672 suorum
1459 1625 1661 1673 intentus
1683 1628 1796 1692 agit,
1831 1648 1859 1677 a

92 1688 240 1738 multo
255 1693 548 1754 paucioribus
566 1692 901 1739 circumventus
923 1691 1022 1737 suos
1045 1704 1189 1754 prope
1206 1704 1364 1736 omnes
1388 1689 1550 1737 amifit.
1605 1692 1704 1754 Ipse
1727 1693 1858 1741 vivus

90 1755 151 1801 ad
171 1766 374 1817 poenam,
395 1759 446 1806 ὃς
465 1755 718 1802 ludibrium
738 1755 933 1802 servatus
955 1756 1013 1810 ad
1035 1757 1211 1819 Regem
1236 1754 1518 1816 perducitur.
1555 1757 1653 1803 Alii
1675 1775 1781 1805 eum
1805 1776 1859 1805 u-

88 1828 153 1866 na
172 1829 274 1865 c‘um
299 1819 394 1866 filio
414 1820 461 1868 in
483 1820 643 1883 praelio
669 1819 875 1867 cecidiffe
897 1819 1110 1866 scribunt.
1180 1821 1299 1866 Haec
1320 1819 1499 1866 circiter
1519 1833 1692 1868 annum
1721 1840 1737 1869 1
1753 1824 1856 1887 163.

91 1885 213 1946 gesta
230 1884 344 1930 sunt.
395 1885 561 1930 Pacato
581 1884 750 1946 ubique
768 1901 793 1929 a
811 1884 1083 1931 tumultibus
1105 1882 1283 1930 bellicis
1302 1900 1461 1947 regn0,
1486 1898 1738 1933 conventus
1755 1904 1858 1935 om-

87 1946 221 1994 nium
243 1947 456 1995 ordinum
469 1947 689 1995 indictus.
740 1948 811 1994 Ibi
830 1950 936 1995 cum
961 1948 1052 1994 alia
1073 1948 1216 1994 multa
1245 1947 1302 1993 ad
1337 1950 1498 1995 statum
1525 1949 1658 2013 regni
1693 1953 1858 1999 confir-

93 2013 315 2059 mandurn
339 2015 705 2067 decernerentur,
720 2012 956 2060 communi
978 2012 1193 2059 consensu
1215 2014 1380 2076 aRege
1401 2013 1589 2075 publice
1606 2016 1858 2078 petierunt,

88 2086 161 2129 Ἥ,
186 2076 404 2140 quoniam
421 2076 517 2137 jam
535 2077 716 2139 p'rid‘em
735 2076 1033 2124 ‘matrimonio
1054 2077 1160 2124 esset
1180 2089 1398 2131 maturuS,
1436 2077 1610 2141 quippe
1633 2081 1714 2144 qui
1736 2082 1859 2130 vice-

27 2150 33 2156 ·
82 2140 252 2187 'fimum
275 2140 520 2188 secundum
541 2141 649 2188 vitae
671 2152 841 2189 annum
864 2142 1119 2197 excederet,
1144 2142 1201 2188 de
1223 2141 1396 2205 nuptiis
1418 2143 1656 2206 cogitaret,
1679 2150 1720 2193 δε
1741 2146 1858 2194 libe-

90 2203 151 2268 ris
174 2205 380 2252 creandis
402 2221 587 2269 operam
610 2207 753 2254 daret.
821 2207 877 2253 Id
895 2218 1000 2253 eum
1024 2213 1065 2254 δι
1087 2204 1271 2268 publice
1288 2220 1449 2270 regno,
1471 2214 1511 2254 &
1537 2209 1749 2271 privatim
1771 2211 1858 2259 suae

88 2269 280 2332 ‘familiaeq
312 2265 511 2322 debere:
564 2282 712 2335 'neque
749 2270 979 2336 'praesent'is
1013 2273 1152 2319 modo
1175 2271 1412 2333 temporis,
1449 2271 1522 2318 sed
1552 2273 1698 2321 futuri
1720 2276 1859 2324 etiam

91 2334 413 2398 tranquillitati
434 2336 478 2382 ei
500 2336 655 2382 animo
672 2336 1040 2400 prospiciendum
1064 2337 1164 2383 effe.
1221 2336 1297 2382 Ad
1310 2336 1414 2382 haec
1436 2337 1516 2383 ille
1538 2338 1787 2401 respondit,
1816 2342 1860 2389 se

91 2398 150 2449 ab
172 2414 227 2445 eo
247 2400 383 2462 usque
406 2410 628 2463 tempore,
648 2418 741 2464 quo
763 2400 870 2447 vit'ae
885 2401 976 2447 -suae
999 2400 1223 2447 rationem
1243 2399 1375 2454 inire,
1401 2403 1450 2449 δί
1473 2402 1652 2449 cursum
1669 2404 1764 2465 ejus
1787 2407 1861 2453 di-

82 2463 241 2528 rigere
262 2466 479 2526 potuerit,
497 2465 829 2513 continentiam
849 2465 906 2511 ab
925 2464 1237 2526 ‘hujuscemodi
1258 2464 1587 2527 cupiditatibus
1609 2468 1714 2515 Deo
1734 2470 1859 2518 sanc-

84 2541 137 2574 ‘te
158 2529 417 2591 promisisse.
478 2529 629 2591 'Qod
649 2529 777 2576 suum
797 2541 956 2576 votum
975 2530 1022 2576 ‘se
1043 2529 1296 2576 existimare
1317 2529 1361 2575 ei
1382 2545 1474 2577 non
1495 2529 1729 2595 ingratum
1751 2534 1861 2583 fuis-

85 2592 152 2648 se,
177 2592 258 2655 qui
277 2597 316 2638 &
334 2593 450 2639 vires
470 2594 527 2640 ad
543 2594 591 2639 id
613 2595 914 2656 praestandum
933 2594 1136 2649 dedisset,
1161 2597 1212 2643 δε
1230 2594 1433 2640 haeredes
1452 2595 1508 2640 ad
1527 2595 1861 2649 succedendum

93 2657 388 2719 praeparasset·
410 2675 421 2705 :
465 2670 521 2703 ‘ut
543 2670 626 2705 nec
646 2658 909 2704 infirmitate
939 2658 1099 2714 animi,
1119 2674 1204 2705 nec
1226 2659 1478 2706 necestitate
1500 2659 1654 2724 aliqua
1674 2665 1862 2726 publica

92 2737 120 2765 e
138 2720 369 2783 Proposito
386 2720 576 2783 ‚vivendi
596 2723 723 2771 cursu
744 2723 982 2770 deflectere
1003 2735 1258 2787 cogeretur.
1326 2723 1520 2770 Dimisso
1549 2728 1736 2775 consilio
1754 2746 1863 2782 cum

92 2783 204 2831 foris
228 2795 319 2847 pax
339 2786 460 2841 esset,
484 2782 542 2833 acl
576 2801 691 2834 artes
711 2789 873 2842 avitaS,
909 2805 1074 2849 nempe
1096 2788 1318 2834 sacrarum
1342 2789 1512 2835 aedium
1528 2793 1859 2851 extructionem

92 2854 134 2895 ’δε
155 2848 203 2897 in
227 2850 472 2896 monachos
495 2851 760 2913 largitiones
791 2851 876 2899 sese
896 2852 1137 2899 convertit.
1208 2855 1313 2915 Qa
1346 2852 1394 2898 in
1418 2871 1481 2907 re,
1507 2854 1538 2900 fi
1562 2854 1656 2902 vita
1676 2857 1860 2921 longior

92 2912 136 2959 ei
159 2913 323 2967 fuisset,
358 2914 548 2975 majores
561 2915 808 2964 videbatur
827 2918 967 2980 longe
982 2918 1291 2979 superaturus.
1351 2918 1495 2964 ‘Obiit
1515 2919 1637 2965 enim
1664 2935 1865 2970 mortem

93 2993 188 3024 non
211 2978 357 3023 multo
374 2980 475 3040 vpost
495 2997 506 3025 ;
543 2996 707 3044 nempe
725 2981 891 3044 quinto
912 2983 1015 3028 idus
1035 2982 1334 3036 Decembres,
1358 2998 1478 3027 anno
1493 2997 1526 3027 >a
1556 2983 1735 3031 Christo
1753 2998 1866 3034 nato

100 3043 235 3106 1165.
259 3040 366 3088 vitae
387 3042 599 3092 vicesimo
620 3046 802 3113 quinto,
835 3046 967 3110 regni
988 3046 1125 3111 paulo
1144 3046 1275 3110 supra
1295 3046 1639 3094 duodecimum.

156 3196 333 3243 XLIV.
371 3195 400 3242 s
414 3195 516 3242 Ut:
530 3198 620 3245 CE
635 3200 663 3244 s
680 3200 805 3246 SIT
839 3199 1151 3262 Mileolumbo
1172 3188 1310 3246 frater
1330 3200 1426 3260 ejus
1454 3201 1738 3261 Gulietmus,
1779 3207 1863 3270 qut

92 3259 439 3322 decimoquinto
462 3261 537 3307 die
562 3263 658 3322 post
680 3263 878 3324 proximi
900 3265 1042 3327 Regis
1067 3277 1261 3310 mortem
1284 3281 1478 3326 regnum
1501 3267 1621 3313 iniit.
1689 3270 1733 3315 Is
1751 3273 1862 3317 ¹nul-

93 3326 192 3376 lum
226 3325 319 3371 fere
353 3340 437 3373 nec
458 3325 714 3388 publicum,
750 3344 835 3374 nec
871 3329 1102 3390 privatum
1123 3328 1379 3391 negotium,
1409 3330 1535 3392 quod
1565 3332 1748 3394 majoris
1777 3337 1863 3383 effe

91 3390 318 3438 momenti
358 3392 608 3445 videretur,
633 3394 760 3454 prius
798 3393 968 3456 attigit,
1002 3409 1141 3456 quam
1164 3394 1550 3443 Nerthumbriam
1572 3392 1630 3445 ab
1653 3400 1863 3447 Henrico

17 3559 23 3562 ,
137 3517 206 3569 (1)
235 3518 322 3557 The
340 3519 553 3558 South-fide
574 3521 625 3559 bf
647 3508 802 3571 'Clyde's
831 3522 919 3560 firth
938 3537 947 3560 :
1004 3522 1089 3569 fide,
1103 3522 1177 3560 viz.
1193 3522 1487 3563 Renfrew-fhire
1505 3528 1576 3564 and
1591 3527 1689 3566 some
1706 3530 1750 3567 of
1759 3531 1866 3567 cun--

0 3582 16 3594 ¹·
92 3570 150 3610 sm·
169 3572 357 3622 supposmg
387 3572 469 3610 that
498 3576 615 3623 Clyde
646 3576 676 3613 is
694 3589 715 3612 a
733 3589 821 3612 man
842 3576 951 3624 going
1004 3577 1185 3624 ningham
1207 3577 1236 3613 is
1254 3590 1302 3613 on
1322 3578 1387 3615 the
1408 3579 1491 3627 left,
1514 3583 1583 3620 and
1606 3583 1671 3621 the
1685 3585 1864 3628 Lmnox,

94 3626 202 3664 down
215 3626 313 3668 from
327 3626 501 3686 Glasgow
512 3635 551 3668 to
564 3628 630 3668 the
643 3629 713 3682 sea,
730 3628 794 3667 the
810 3629 949 3668 Sauth-
1005 3635 1074 3668 &a
1098 3642 1145 3668 on
1163 3629 1228 3667 the
1247 3629 1360 3689 right.
1793 3642 1795 3644 ·

1709 3724 1867 3787 Anglo
