2137 3874
553 118 886 185 Lxsswn
978 116 1523 184 SECUNDus.
1832 139 1922 207 55

214 220 414 268 ΧΧΧΠ.
454 220 530 267 Ad
551 219 668 266 hanc
686 219 882 265 formam
915 218 1140 280 pertinere
1163 220 1376 268 videntur
1401 219 1597 283 plurima
1618 219 1915 282 oppidorum,

142 288 201 335 ἃ
223 286 431 349 gentium
456 284 643 331 nomina
658 283 707 329 in
727 282 942 329 omnibus
965 284 1229 346 provinciis,
1255 285 1304 331 in
1325 301 1437 349 quas
1462 285 1591 330 Galli
1611 285 1812 333 colonias
1835 288 1916 333 de÷

139 350 393 397 duxerunt.
462 350 585 396 Nam
620 360 670 394 ut
701 364 727 393 a
763 349 1234 411 BurgoBurgunduS,
1264 358 1306 397 :c
1330 349 1616 413 Burgundio,
1639 349 1704 395 ita
1732 366 1758 394 a
1778 351 1919 413 Briga

144 414 387 478 Brigantes
420 412 589 463 deduci
619 412 848 459 videntur.
917 413 1084 459 Ree'tus
1116 427 1270 459 autem
1302 414 1426 460 casus
1463 413 1597 473 hujus
1631 413 1754 458 vocis
1791 417 1916 475 apud

139 480 433 542 *Stephanum
455 478 516 524 est
538 476 711 540 BrigaS,
739 477 859 523 unde
879 476 1152 523 inflectimus
1178 478 1430 541 Brigantes,
1452 492 1500 525 ut
1523 479 1549 523 a
1567 477 1714 540 Gigas
1733 477 1917 540 Gigan-

140 555 231 590 tes.
300 545 415 590 Sunt
436 555 589 590 autem
612 541 850 605 Brigantes
871 542 1084 587 Straboni
1106 542 1162 588 ad
1187 542 1365 589 Cottias
1393 543 1533 605 Alpes
1560 562 1570 589 ι
1604 545 1655 592 ὃς
1676 542 1724 589 in
1748 546 1916 592 eodem

144 609 290 654 traCtu
325 609 459 672 Brige
482 607 608 653 vicus
635 624 645 651 z
685 613 730 655 ὃῑ
770 604 971 669 B-rigiani
1001 605 1050 652 in
1071 607 1304 669 Trophaeo
1338 606 1532 670 Augusti
1567 606 1686 653 inter
1720 608 1914 670 Alpinis

142 686 302 734 gentes
326 672 610 719 recensentur
633 688 643 716 :
671 676 711 717 δε
727 669 1016 731 Brigantium
1040 670 1265 733 oppidum
1289 673 1348 716 est
1372 672 1596 733 Alpinum
1617 688 1628 716 :
1654 678 1696 718 ὅτ
1717 672 1912 735 Brigan-

143 737 198 781 tii
224 737 271 783 in
301 737 560 784 Vindelicis
597 733 810 788 Straboni
836 751 847 778 :
885 743 932 781 i<
962 733 1197 797 Brigantia
1226 736 1273 780 in
1307 734 1546 783 Itinerario
1566 736 1796 793 ‘Antonini
1821 756 1833 784 ε
1871 743 1914 785 δε

143 801 283 864 Briga
306 818 434 847 mons
458 801 704 847 Ptolemaeo
726 814 871 861 prope
900 798 1048 845 fontes
1075 801 1256 845 Rodani
1277 806 1316 846 δε
1344 801 1584 848 Dannubii
1609 819 1620 848 ε
1655 807 1693 848 &
1720 802 1912 865 Brigan-

143 866 259 911 tium
282 866 330 912 in
354 865 530 912 Rhaetis
549 864 814 916 Ptolemaeo,
835 862 1060 926 oppidum
1085 864 1251 926 opinor
1271 866 1397 928 quod
1418 865 1465 911 in
1487 865 1606 912 libro
1640 874 1674 894 “
1709 869 1768 913 de
1790 867 1914 912 noti·

145 938 180 958 ‘⁶
214 932 277 976 tia
294 929 633 992 provinciarum
656 929 821 990 Populi
846 929 1076 974 Romani'’
1113 931 1174 975 est
1202 930 1449 983 Brecantia,
1474 936 1515 975 &
1537 931 1659 976 lacus
1685 931 1913 994 Briganti-

141 1010 244 1049 τηις,
270 999 318 1044 &
340 994 388 1049 in
415 993 639 1041 Hibernia
663 993 898 1056 Brigantes
918 993 1082 1056 populi
1105 995 1354 1040 Ptolemaeo
1376 1014 1386 1042 :
1425 1000 1466 1040 Sc
1489 993 1536 1040 in
1558 994 1698 1040 Albio
1720 993 1913 1057 Brigan-

140 1071 209 1104 tes
232 1059 496 1113 Ptolemaeo,
522 1058 692 1104 Tacito
722 1075 751 1104 ·:::
783 1059 980 1111 Senecae‚
1002 1062 1048 1106 ἃ(
1075 1058 1210 1121 Brige
1232 1059 1476 1120 oppidum,
1498 1064 1538 1105 Sc
1557 1058 1913 1122 Isobrigantium

143 1123 381 1170 Itinerario
405 1122 646 1176 Antonini,
673 1127 713 1167 ἅτ
736 1122 1023 1183 Brigantium
1044 1122 1269 1184 oppidum
1290 1123 1452 1168 Orofio
1474 1123 1532 1169 ad
1550 1124 1783 1172 Celticum
1805 1140 1915 1188 pro-

139 1201 299 1235 monto
325 1188 438 1242 ium,
530 1189 564 1233 F
570 1185 974 1249 laviobrigantium
995 1187 1311 1233 Pt<1e1naeoin
1333 1203 1503 1251 magno
1525 1200 1680 1251 portu,
1696 1195 1910 1238 &recen-

139 1251 230 1298 tior
252 1251 488 1316 Brigantia
509 1268 630 1298 nunc
652 1250 700 1297 in
722 1266 867 1313 regno
889 1251 1055 1297 Lufitai
1075 1250 1150 1298 iae.
1666 1285 1667 1288 =

203 1319 430 1371 XXXffl.
464 1320 536 1363 Est
559 1322 604 1366 &z
632 1318 720 1363 alia
746 1314 988 1361 nominum
1015 1315 1162 1362 forma
1191 1317 1263 1362 vel
1287 1333 1311 1361 a
1334 1317 1476 1363 Duno
1508 1315 1810 1374 incoantium‚
1835 1321 1910 1370 vel

137 1381 182 1428 in
209 1400 309 1429 earn
328 1398 485 1428 vocem
509 1380 793 1434 exeuntium,
818 1397 956 1444 quam
982 1379 1213 1427 Gallicam
1237 1381 1361 1427 fuiffe
1383 1382 1624 1428 ostendunt
1644 1385 1818 1431 cumuli
1838 1385 1909 1433 illi

136 1464 281 1494 asenae
304 1448 351 1493 in
374 1447 507 1494 litore
538 1447 848 1498 Morinorum,
887 1444 968 1507 qui
991 1445 1123 1492 Duni
1144 1447 1293 1493 adhuc
1319 1448 1624 1508 appellantur,
1656 1452 1697 1494 δε
1719 1448 1767 1495 in
1793 1452 1908 1499 mari

54 1570 58 1573 ¹
135 1512 311 1559 cumuli
340 1511 547 1558 adversus
577 1510 830 1573 Anglicum
855 1510 981 1563 litus,
1006 1511 1172 1575 quibus
1206 1511 1333 1558 idem
1368 1512 1426 1557 est
1449 1517 1635 1566 nornen,
1667 1518 1708 1559 δε
1730 1515 1907 1562 Plutar-

134 1577 263 1631 chus,
289 1577 345 1638 (is
368 1576 492 1629 dieo,
516 1576 597 1639 qui
639 1584 672 1604 “
705 1578 762 1622 de
796 1575 1094 1620 fluminibus”
1117 1575 1327 1622 libellum
1348 1575 1538 1638 scripsit)
1562 1576 1644 1638 qui
1671 1593 1906 1641 exponens

135 1641 356 1703 Lugduni
377 1640 604 1704 originem
627 1640 821 1686 Durium
843 1656 925 1701 pro
947 1639 1177 1685 vocabulo
1199 1639 1384 1685 Gallico
1409 1639 1629 1703 agnoscit.
1680 1643 1732 1687 In
1756 1645 1906 1690 nomi-

133 1704 269 1752 nibus
292 1717 444 1751 autem
479 1705 704 1758 vicorum,
746 1708 785 1750 δε
820 1703 1099 1765 oppido-:um
1133 1703 1442 1766 exprimendis
1478 1720 1569 1750 non
1603 1706 1664 1750 est
1702 1706 1795 1754 fere
1816 1708 1907 1757 alia

133 1783 226 1816 vox
247 1768 529 1832 frequentior
549 1769 670 1831 apud
701 1767 924 1821 nationes,
951 1784 1054 1828 quae
1077 1785 1277 1814 veterem
1302 1768 1536 1815 Gallicam
1567 1769 1774 1832 linguam
1797 1789 1904 1835 pro-

130 1848 193 1896 pe
210 1833 440 1896 integram
464 1834 651 1880 servant.
721 1832 940 1896 Intelligo
959 1832 1187 1879 Brittones
1210 1834 1256 1879 in
1278 1831 1436 1885 Gallia
1456 1833 1651 1888 Celtica,
1672 1840 1712 1881 δι
1734 1837 1904 1898 priscos

134 1899 292 1946 Scotos
314 1898 361 1944 in
387 1898 612 1944 Hibernia
633 1903 673 1943 ἂν
709 1897 849 1942 Albio
880 1914 890 1940 ε
924 1900 974 1946 &
990 1897 1168 1951 Vallos,
1195 1903 1234 1944 Sc
1258 1897 1608 1944 Kernicovallos
1639 1899 1687 1945 in
1711 1901 1901 1965 Anglia.

132 1961 301 2024 Neque
323 1961 447 2008 enim
465 1961 703 2024 quisquam
727 1962 786 2006 est
812 1962 973 2007 harum
996 1962 1224 2022 gentium,
1250 1962 1332 2022 qui
1353 1960 1403 2007 id
1421 1961 1695 2010 vocabulum
1722 1981 1804 2026 pro
1825 1965 1904 2013 suo

130 2041 224 2071 non
245 2024 472 2088 agnoscat.
540 2026 596 2072 id
619 2026 761 2087 111on
779 2024 974 2078 interest,
1000 2027 1126 2088 quod
1151 2026 1282 2072 Galli
1305 2038 1476 2072 veteres
1505 2029 1773 2089 compositas
1790 2029 1905 2077 inde

128 2104 261 2137 voces
284 2090 333 2137 in
365 2091 557 2137 Dunum
574 2090 798 2149 ,finiebant
820 2108 830 2135 :
867 2089 991 2136 Scoti
1017 2091 1286 2153 plaerunque
1309 2091 1357 2136 in
1396 2089 1629 2154 principio
1657 2094 1909 2146 verborum

128 2170 228 2202 eam
247 2157 490 2203 collocant.
559 2157 713 2218 Hujus
732 2155 911 2218 generis
935 2154 988 2201 in
1007 2155 1053 2201 G
1070 2156 1113 2201 A
1128 2158 1165 2202 L
1179 2157 1217 2202 L
1230 2157 1308 2202 [Α
1329 2157 1427 2202 haec
1448 2155 1740 2219 reperiuntur
1759 2177 1773 2206 2

384 2232 766 2295 Augustodunum
792 2230 841 2277 in
864 2229 1050 2278 AEduis.

383 2297 758 2344 Castellodunum
781 2295 880 2359 agri
903 2296 1211 2343 Carnotenfis.

380 2362 691 2408 Melodunurn
714 2363 770 2407 ad
793 2363 1068 2422 Sequanam.

379 2427 682 2490 Lugdunum,
707 2427 764 2472 ad
787 2426 1096 2473 confluentem
1119 2425 1292 2482 Araris,
1317 2431 1358 2474 δε
1381 2426 1579 2476 Rodani.

379 2492 767 2555 Augustodunum
790 2490 838 2537 in
862 2491 1078 2537 Arvernis
1100 2492 1367 2540 Ptolemaeo.

380 2557 665 2619 Lugdunum
689 2556 736 2602 in
761 2556 994 2602 Convenis
1019 2558 1285 2604 Ptolemaeo.

374 2620 687 2667 Novidunum
708 2620 756 2666 in
780 2620 1000 2667 Tribocis
1023 2622 1293 2671 Ptolemaeo.

379 2685 733 2732 Uxellodunum
757 2685 939 2731 Caesari.

378 2750 692 2811 Juliodunum
706 2750 756 2796 in
780 2748 1060 2797 Pictonibus.

378 2814 648 2870 isodunum,
671 2818 722 2865 &
744 2813 1074 2877 Regiodunum
1093 2813 1144 2862 in
1163 2814 1464 2881 Biturigibus.
1510 2824 1512 2826 ’

378 2879 655 2926 Laodunum
679 2879 779 2944 agri
801 2880 1052 2927 RemenfiS.

379 2944 736 3010 Caesarodunum
758 2944 807 2991 in
826 2945 1094 2992 Turonibus
1117 2943 1384 2992 Ptolemaeo.

375 3008 677 3071 Segodunum
699 3010 748 3056 in
771 3009 966 3056 Rutenis
989 3010 1256 3058 Ptolemaeo.

376 3072 767 3121 Velannodunum
799 3073 981 3121 Caesari.

713 3159 768 3205 In
823 3150 1303 3205 HISPANIA.

375 3227 668 3292 Caladunum
691 3231 944 3278 Ptolemaeo
967 3232 1148 3278 Bracar.
1216 3276 1221 3277 γ

377 3293 705 3342 Sebendunum
728 3296 996 3343 Ptolemaeo.

671 3382 726 3427 In
784 3342 1343 3433 BRITANNIA.

377 3451 754 3500 Camulodunum
774 3451 824 3515 in
842 3454 1135 3518 Brigantibus
1159 3454 1426 3502 Ptolemaeo.

374 3516 755 3564 Camulodunum
769 3515 959 3564 'colonia
981 3521 1191 3565 Romana
1214 3516 1399 3566 Tacito.

373 3578 568 3629 Dunum
590 3583 819 3648 oppidum
841 3582 1150 3648 Durotrigum
1171 3583 1437 3632 Ptolemaeo.

1795 3644 1901 3695 Ma·
