<?xml version="1.0" encoding="UTF-8"?>
<!DOCTYPE html PUBLIC "-//W3C//DTD XHTML 1.0 Transitional//EN"
    "http://www.w3.org/TR/xhtml1/DTD/xhtml1-transitional.dtd">
<html xmlns="http://www.w3.org/1999/xhtml" xml:lang="en" lang="en">
 <head>
  <title>
</title>
<meta http-equiv="Content-Type" content="text/html;charset=utf-8" />
  <meta name='ocr-system' content='tesseract 3.04.00' />
  <meta name='ocr-capabilities' content='ocr_page ocr_carea ocr_par ocr_line ocrx_word'/>
</head>
<body>
  <div class='ocr_page' id='page_1' title='image "./rerumscoticarumh00buch_0096.png"; bbox 0 0 2106 3838; ppageno 0'>
   <div class='ocr_carea' id='block_1_1' title="bbox 270 159 1734 230">
    <p class='ocr_par' dir='ltr' id='par_1_1' title="bbox 270 159 1734 230">
     <span class='ocr_line' id='line_1_1' title="bbox 270 159 1734 230; baseline -0.001 0"><span class='ocrx_word' id='word_1_1' title='bbox 270 165 355 230; x_wconf 78' lang='lat'>80</span> <span class='ocrx_word' id='word_1_2' title='bbox 598 163 958 229; x_wconf 63' lang='lat' dir='ltr'>RERUM</span> <span class='ocrx_word' id='word_1_3' title='bbox 1048 159 1734 229; x_wconf 82' lang='lat' dir='ltr'>ScoT1CARUM</span> 
     </span>
    </p>
   </div>
   <div class='ocr_carea' id='block_1_2' title="bbox 258 255 2033 1736">
    <p class='ocr_par' dir='ltr' id='par_1_2' title="bbox 258 255 2033 1736">
     <span class='ocr_line' id='line_1_2' title="bbox 265 255 2033 319; baseline 0.003 -11"><span class='ocrx_word' id='word_1_4' title='bbox 265 279 369 310; x_wconf 89' lang='lat' dir='ltr'>cum</span> <span class='ocrx_word' id='word_1_5' title='bbox 396 259 769 310; x_wconf 66' lang='lat' dir='ltr'>turbulentiffimo</span> <span class='ocrx_word' id='word_1_6' title='bbox 791 271 977 319; x_wconf 87' lang='lat' dir='ltr'>quoque</span> <span class='ocrx_word' id='word_1_7' title='bbox 988 255 1259 316; x_wconf 84' lang='lat' dir='ltr'>juventutis,</span> <span class='ocrx_word' id='word_1_8' title='bbox 1272 272 1324 305; x_wconf 83' lang='lat' dir='ltr'>ac</span> <span class='ocrx_word' id='word_1_9' title='bbox 1346 274 1497 305; x_wconf 90' lang='lat' dir='ltr'>rerum</span> <span class='ocrx_word' id='word_1_10' title='bbox 1520 275 1742 307; x_wconf 87' lang='lat' dir='ltr'>novarum</span> <span class='ocrx_word' id='word_1_11' title='bbox 1775 260 2033 313; x_wconf 77' lang='lat' dir='ltr'>avidiflimo&#39;</span> 
     </span>
     <span class='ocr_line' id='line_1_3' title="bbox 265 321 2021 388; baseline 0.001 -14"><span class='ocrx_word' id='word_1_12' title='bbox 265 340 478 388; x_wconf 78' lang='lat' dir='ltr'>patruum</span> <span class='ocrx_word' id='word_1_13' title='bbox 499 327 611 379; x_wconf 86' lang='lat' dir='ltr'>adit,</span> <span class='ocrx_word' id='word_1_14' title='bbox 637 331 676 370; x_wconf 67' lang='grc' dir='ltr'>ἃ</span> <span class='ocrx_word' id='word_1_15' title='bbox 706 336 899 385; x_wconf 84' lang='lat' dir='ltr'>regnum</span> <span class='ocrx_word' id='word_1_16' title='bbox 932 333 1174 380; x_wconf 82' lang='lat' dir='ltr'>paternum</span> <span class='ocrx_word' id='word_1_17' title='bbox 1194 321 1405 383; x_wconf 87' lang='lat' dir='ltr'>reposcit,</span> <span class='ocrx_word' id='word_1_18' title='bbox 1426 324 1557 385; x_wconf 88' lang='lat' dir='ltr'>quod</span> <span class='ocrx_word' id='word_1_19' title='bbox 1572 324 1658 370; x_wconf 86' lang='lat' dir='ltr'>ille</span> <span class='ocrx_word' id='word_1_20' title='bbox 1680 341 1774 372; x_wconf 88' lang='lat' dir='ltr'>non</span> <span class='ocrx_word' id='word_1_21' title='bbox 1795 339 1845 373; x_wconf 89' lang='lat' dir='ltr'>ut</span> <span class='ocrx_word' id='word_1_22' title='bbox 1876 329 2021 383; x_wconf 86' lang='lat' dir='ltr'>suum,</span> 
     </span>
     <span class='ocr_line' id='line_1_4' title="bbox 268 382 2024 452; baseline 0.002 -16"><span class='ocrx_word' id='word_1_23' title='bbox 268 391 341 438; x_wconf 87' lang='lat' dir='ltr'>sed</span> <span class='ocrx_word' id='word_1_24' title='bbox 357 393 506 452; x_wconf 44' lang='lat' dir='ltr'>tunsi)</span> <span class='ocrx_word' id='word_1_25' title='bbox 527 387 810 436; x_wconf 86' lang='lat' dir='ltr'>fiduciarium</span> <span class='ocrx_word' id='word_1_26' title='bbox 830 384 1027 430; x_wconf 85' lang='lat' dir='ltr'>tenebat.</span> <span class='ocrx_word' id='word_1_27' title='bbox 1095 382 1343 432; x_wconf 87' lang='lat' dir='ltr'>Feritharis</span> <span class='ocrx_word' id='word_1_28' title='bbox 1370 386 1486 434; x_wconf 87' lang='lat' dir='ltr'>adeo</span> <span class='ocrx_word' id='word_1_29' title='bbox 1517 386 1602 436; x_wconf 82' lang='lat' dir='ltr'>iilo</span> <span class='ocrx_word' id='word_1_30' title='bbox 1624 388 1916 438; x_wconf 80' lang='lat' dir='ltr'>adolescentis</span> <span class='ocrx_word' id='word_1_31' title='bbox 1934 393 2024 440; x_wconf 91' lang='lat' dir='ltr'>im-</span> 
     </span>
     <span class='ocr_line' id='line_1_5' title="bbox 266 448 2025 519; baseline 0.002 -18"><span class='ocrx_word' id='word_1_32' title='bbox 266 468 465 516; x_wconf 83' lang='lat' dir='ltr'>portuno</span> <span class='ocrx_word' id='word_1_33' title='bbox 487 451 673 501; x_wconf 87' lang='lat' dir='ltr'>confilio</span> <span class='ocrx_word' id='word_1_34' title='bbox 697 466 786 496; x_wconf 90' lang='lat' dir='ltr'>non</span> <span class='ocrx_word' id='word_1_35' title='bbox 821 449 880 494; x_wconf 88' lang='lat' dir='ltr'>est</span> <span class='ocrx_word' id='word_1_36' title='bbox 916 448 1223 510; x_wconf 85' lang='lat' dir='ltr'>perturbatus,</span> <span class='ocrx_word' id='word_1_37' title='bbox 1249 461 1299 495; x_wconf 92' lang='lat' dir='ltr'>ut</span> <span class='ocrx_word' id='word_1_38' title='bbox 1336 451 1556 498; x_wconf 85' lang='lat' dir='ltr'>concione</span> <span class='ocrx_word' id='word_1_39' title='bbox 1578 452 1798 500; x_wconf 85' lang='lat' dir='ltr'>advocata</span> <span class='ocrx_word' id='word_1_40' title='bbox 1830 471 2025 519; x_wconf 85' lang='lat' dir='ltr'>regnum</span> 
     </span>
     <span class='ocr_line' id='line_1_6' title="bbox 264 512 2025 581; baseline 0.002 -17"><span class='ocrx_word' id='word_1_41' title='bbox 264 519 432 581; x_wconf 77' lang='lat' dir='ltr'>ejerare</span> <span class='ocrx_word' id='word_1_42' title='bbox 450 532 656 581; x_wconf 87' lang='lat' dir='ltr'>paratum</span> <span class='ocrx_word' id='word_1_43' title='bbox 689 512 731 558; x_wconf 86' lang='lat' dir='ltr'>sc</span> <span class='ocrx_word' id='word_1_44' title='bbox 760 513 844 558; x_wconf 77' lang='lat' dir='ltr'>esse</span> <span class='ocrx_word' id='word_1_45' title='bbox 877 512 1165 561; x_wconf 79' lang='lat' dir='ltr'>ostenderet:</span> <span class='ocrx_word' id='word_1_46' title='bbox 1201 514 1437 576; x_wconf 89' lang='lat' dir='ltr'>multaque</span> <span class='ocrx_word' id='word_1_47' title='bbox 1474 515 1611 563; x_wconf 81' lang='lat' dir='ltr'>etiam</span> <span class='ocrx_word' id='word_1_48' title='bbox 1638 517 1696 564; x_wconf 87' lang='lat' dir='ltr'>de</span> <span class='ocrx_word' id='word_1_49' title='bbox 1730 519 2025 570; x_wconf 80' lang='lat' dir='ltr'>adolescentis</span> 
     </span>
     <span class='ocr_line' id='line_1_7' title="bbox 264 576 2027 645; baseline 0.001 -15"><span class='ocrx_word' id='word_1_50' title='bbox 264 584 399 630; x_wconf 87' lang='lat' dir='ltr'>laude</span> <span class='ocrx_word' id='word_1_51' title='bbox 420 582 601 644; x_wconf 82' lang='lat' dir='ltr'>adjecit.</span> <span class='ocrx_word' id='word_1_52' title='bbox 667 579 831 639; x_wconf 87' lang='lat' dir='ltr'>Regno</span> <span class='ocrx_word' id='word_1_53' title='bbox 858 589 1011 624; x_wconf 83' lang='lat' dir='ltr'>autem</span> <span class='ocrx_word' id='word_1_54' title='bbox 1034 576 1327 633; x_wconf 63' lang='lat' dir='ltr'>fibijcreditm</span> <span class='ocrx_word' id='word_1_55' title='bbox 1351 579 1478 640; x_wconf 86' lang='lat' dir='ltr'>quod</span> <span class='ocrx_word' id='word_1_56' title='bbox 1501 596 1621 627; x_wconf 81' lang='lat' dir='ltr'>mors</span> <span class='ocrx_word' id='word_1_57' title='bbox 1642 582 1900 645; x_wconf 88' lang='lat' dir='ltr'>propinqua</span> <span class='ocrx_word' id='word_1_58' title='bbox 1920 585 2027 632; x_wconf 80' lang='lat' dir='ltr'>esset</span> 
     </span>
     <span class='ocr_line' id='line_1_8' title="bbox 263 641 2027 707; baseline 0.002 -14"><span class='ocrx_word' id='word_1_59' title='bbox 263 648 484 700; x_wconf 86' lang='lat' dir='ltr'>ablatura,</span> <span class='ocrx_word' id='word_1_60' title='bbox 510 644 642 691; x_wconf 80' lang='lat' dir='ltr'>malle</span> <span class='ocrx_word' id='word_1_61' title='bbox 676 641 833 703; x_wconf 89' lang='lat' dir='ltr'>sponte</span> <span class='ocrx_word' id='word_1_62' title='bbox 853 642 1030 696; x_wconf 85' lang='lat' dir='ltr'>cedere,</span> <span class='ocrx_word' id='word_1_63' title='bbox 1068 647 1109 689; x_wconf 72' lang='grc' dir='ltr'>δε</span> <span class='ocrx_word' id='word_1_64' title='bbox 1134 642 1369 689; x_wconf 88' lang='lat' dir='ltr'>voluntate</span> <span class='ocrx_word' id='word_1_65' title='bbox 1403 642 1575 704; x_wconf 86' lang='lat' dir='ltr'>potius,</span> <span class='ocrx_word' id='word_1_66' title='bbox 1597 647 1737 707; x_wconf 84' lang='lat' dir='ltr'>quam</span> <span class='ocrx_word' id='word_1_67' title='bbox 1774 647 2027 696; x_wconf 73' lang='lat' dir='ltr'>necestitate</span> 
     </span>
     <span class='ocr_line' id='line_1_9' title="bbox 264 704 2026 773; baseline 0 -16"><span class='ocrx_word' id='word_1_68' title='bbox 264 712 480 773; x_wconf 84' lang='lat' dir='ltr'>pietatem</span> <span class='ocrx_word' id='word_1_69' title='bbox 498 724 604 770; x_wconf 87' lang='lat' dir='ltr'>erga</span> <span class='ocrx_word' id='word_1_70' title='bbox 623 704 906 768; x_wconf 84' lang='lat' dir='ltr'>propinquos</span> <span class='ocrx_word' id='word_1_71' title='bbox 927 706 1098 753; x_wconf 81' lang='lat' dir='ltr'>colere.</span> <span class='ocrx_word' id='word_1_72' title='bbox 1162 705 1253 753; x_wconf 88' lang='lat' dir='ltr'>Sed</span> <span class='ocrx_word' id='word_1_73' title='bbox 1273 719 1450 754; x_wconf 87' lang='lat' dir='ltr'>tantum</span> <span class='ocrx_word' id='word_1_74' title='bbox 1472 709 1680 756; x_wconf 82' lang='lat' dir='ltr'>omnium</span> <span class='ocrx_word' id='word_1_75' title='bbox 1705 709 1792 756; x_wconf 88' lang='lat' dir='ltr'>fuit</span> <span class='ocrx_word' id='word_1_76' title='bbox 1812 727 1919 771; x_wconf 75' lang='lat' dir='ltr'>erga</span> <span class='ocrx_word' id='word_1_77' title='bbox 1940 715 2026 759; x_wconf 85' lang='lat' dir='ltr'>Fe·</span> 
     </span>
     <span class='ocr_line' id='line_1_10' title="bbox 264 769 2024 839; baseline 0.001 -19"><span class='ocrx_word' id='word_1_78' title='bbox 264 777 475 821; x_wconf 81' lang='lat' dir='ltr'>ritharem</span> <span class='ocrx_word' id='word_1_79' title='bbox 495 771 708 823; x_wconf 84' lang='lat' dir='ltr'>studium,</span> <span class='ocrx_word' id='word_1_80' title='bbox 727 782 945 834; x_wconf 85' lang='lat' dir='ltr'>tantaque</span> <span class='ocrx_word' id='word_1_81' title='bbox 970 770 1182 826; x_wconf 79' lang='lat' dir='ltr'>charitas,</span> <span class='ocrx_word' id='word_1_82' title='bbox 1206 784 1255 816; x_wconf 88' lang='lat' dir='ltr'>ut</span> <span class='ocrx_word' id='word_1_83' title='bbox 1272 771 1390 818; x_wconf 89' lang='lat' dir='ltr'>hanc</span> <span class='ocrx_word' id='word_1_84' title='bbox 1411 788 1749 835; x_wconf 68' lang='lat' dir='ltr'>praeproperam</span> <span class='ocrx_word' id='word_1_85' title='bbox 1771 774 1818 821; x_wconf 87' lang='lat' dir='ltr'>in</span> <span class='ocrx_word' id='word_1_86' title='bbox 1834 769 2024 839; x_wconf 79' lang='lat' dir='ltr'>Ferlego</span> 
     </span>
     <span class='ocr_line' id='line_1_11' title="bbox 263 834 2027 901; baseline 0.001 -17"><span class='ocrx_word' id='word_1_87' title='bbox 263 839 390 901; x_wconf 83' lang='lat' dir='ltr'>regni</span> <span class='ocrx_word' id='word_1_88' title='bbox 413 835 709 898; x_wconf 86' lang='lat' dir='ltr'>cupiditatem</span> <span class='ocrx_word' id='word_1_89' title='bbox 742 852 835 882; x_wconf 87' lang='lat' dir='ltr'>non</span> <span class='ocrx_word' id='word_1_90' title='bbox 874 835 1014 882; x_wconf 77' lang='lat' dir='ltr'>modo</span> <span class='ocrx_word' id='word_1_91' title='bbox 1034 835 1185 890; x_wconf 87' lang='lat' dir='ltr'>vultu,</span> <span class='ocrx_word' id='word_1_92' title='bbox 1206 834 1281 881; x_wconf 90' lang='lat' dir='ltr'>sed</span> <span class='ocrx_word' id='word_1_93' title='bbox 1312 835 1723 899; x_wconf 80' lang='lat' dir='ltr'>increpationibus,</span> <span class='ocrx_word' id='word_1_94' title='bbox 1747 851 1885 901; x_wconf 89' lang='lat' dir='ltr'>atque</span> <span class='ocrx_word' id='word_1_95' title='bbox 1913 842 2027 887; x_wconf 76' lang='lat' dir='ltr'>adeo</span> 
     </span>
     <span class='ocr_line' id='line_1_12' title="bbox 263 898 2026 967; baseline 0.002 -19"><span class='ocrx_word' id='word_1_96' title='bbox 263 904 378 948; x_wconf 82' lang='lat' dir='ltr'>clara</span> <span class='ocrx_word' id='word_1_97' title='bbox 412 901 550 948; x_wconf 86' lang='lat' dir='ltr'>totius</span> <span class='ocrx_word' id='word_1_98' title='bbox 579 898 812 946; x_wconf 86' lang='lat' dir='ltr'>concionis</span> <span class='ocrx_word' id='word_1_99' title='bbox 847 899 1175 946; x_wconf 82' lang='lat' dir='ltr'>acclamatione</span> <span class='ocrx_word' id='word_1_100' title='bbox 1196 898 1281 945; x_wconf 82' lang='lat' dir='ltr'>smt</span> <span class='ocrx_word' id='word_1_101' title='bbox 1300 900 1503 947; x_wconf 84' lang='lat' dir='ltr'>aversati.</span> <span class='ocrx_word' id='word_1_102' title='bbox 1571 902 1799 948; x_wconf 67' lang='lat' dir='ltr'>Patefafiia</span> <span class='ocrx_word' id='word_1_103' title='bbox 1815 907 1924 953; x_wconf 68' lang='lat' dir='ltr'>verb</span> <span class='ocrx_word' id='word_1_104' title='bbox 1945 921 2026 967; x_wconf 80' lang='lat' dir='ltr'>per</span> 
     </span>
     <span class='ocr_line' id='line_1_13' title="bbox 262 962 2030 1025; baseline 0 -13"><span class='ocrx_word' id='word_1_105' title='bbox 262 966 434 1014; x_wconf 75' lang='lat' dir='ltr'>indices</span> <span class='ocrx_word' id='word_1_106' title='bbox 457 963 664 1012; x_wconf 88' lang='lat' dir='ltr'>adversus</span> <span class='ocrx_word' id='word_1_107' title='bbox 689 977 900 1025; x_wconf 87' lang='lat' dir='ltr'>patruum</span> <span class='ocrx_word' id='word_1_108' title='bbox 922 962 1235 1023; x_wconf 87' lang='lat' dir='ltr'>conjuratione</span> <span class='ocrx_word' id='word_1_109' title='bbox 1257 979 1364 1009; x_wconf 88' lang='lat' dir='ltr'>cum</span> <span class='ocrx_word' id='word_1_110' title='bbox 1384 964 1560 1011; x_wconf 70' lang='lat' dir='ltr'>consilii</span> <span class='ocrx_word' id='word_1_111' title='bbox 1581 965 1852 1016; x_wconf 84' lang='lat' dir='ltr'>detestabilis</span> <span class='ocrx_word' id='word_1_112' title='bbox 1875 970 2030 1015; x_wconf 56' lang='lat' dir='ltr'>austor-</span> 
     </span>
     <span class='ocr_line' id='line_1_14' title="bbox 262 1027 2027 1095; baseline 0.002 -19"><span class='ocrx_word' id='word_1_113' title='bbox 262 1030 489 1094; x_wconf 86' lang='lat' dir='ltr'>supplicio</span> <span class='ocrx_word' id='word_1_114' title='bbox 510 1027 764 1093; x_wconf 85' lang='lat' dir='ltr'>graviflimo</span> <span class='ocrx_word' id='word_1_115' title='bbox 786 1029 955 1092; x_wconf 87' lang='lat' dir='ltr'>dignus</span> <span class='ocrx_word' id='word_1_116' title='bbox 973 1028 1233 1080; x_wconf 88' lang='lat' dir='ltr'>haberetur,</span> <span class='ocrx_word' id='word_1_117' title='bbox 1256 1027 1404 1074; x_wconf 88' lang='lat' dir='ltr'>valuit</span> <span class='ocrx_word' id='word_1_118' title='bbox 1422 1040 1573 1075; x_wconf 88' lang='lat' dir='ltr'>tamen</span> <span class='ocrx_word' id='word_1_119' title='bbox 1595 1029 1642 1075; x_wconf 89' lang='lat' dir='ltr'>in</span> <span class='ocrx_word' id='word_1_120' title='bbox 1667 1031 1859 1093; x_wconf 75' lang='lat' dir='ltr'>Fcrlego</span> <span class='ocrx_word' id='word_1_121' title='bbox 1886 1033 2027 1095; x_wconf 71' lang='lat' dir='ltr'>patris</span> 
     </span>
     <span class='ocr_line' id='line_1_15' title="bbox 263 1091 2030 1156; baseline 0 -14"><span class='ocrx_word' id='word_1_122' title='bbox 263 1096 499 1149; x_wconf 86' lang='lat' dir='ltr'>memoria,</span> <span class='ocrx_word' id='word_1_123' title='bbox 523 1097 572 1144; x_wconf 69' lang='grc' dir='ltr'>δί</span> <span class='ocrx_word' id='word_1_124' title='bbox 595 1092 746 1156; x_wconf 86' lang='lat' dir='ltr'>patrui</span> <span class='ocrx_word' id='word_1_125' title='bbox 772 1091 1000 1156; x_wconf 83' lang='lat' dir='ltr'>praesentis</span> <span class='ocrx_word' id='word_1_126' title='bbox 1022 1091 1187 1156; x_wconf 86' lang='lat' dir='ltr'>gratia,</span> <span class='ocrx_word' id='word_1_127' title='bbox 1213 1096 1254 1138; x_wconf 75' lang='grc' dir='ltr'>δε</span> <span class='ocrx_word' id='word_1_128' title='bbox 1276 1108 1450 1153; x_wconf 88' lang='lat' dir='ltr'>preces,</span> <span class='ocrx_word' id='word_1_129' title='bbox 1475 1109 1568 1154; x_wconf 89' lang='lat' dir='ltr'>quo</span> <span class='ocrx_word' id='word_1_130' title='bbox 1603 1092 1755 1140; x_wconf 83' lang='lat' dir='ltr'>minus</span> <span class='ocrx_word' id='word_1_131' title='bbox 1785 1096 2030 1156; x_wconf 78' lang='lat' dir='ltr'>grav³ssimi</span> 
     </span>
     <span class='ocr_line' id='line_1_16' title="bbox 263 1158 2028 1223; baseline 0.002 -18"><span class='ocrx_word' id='word_1_132' title='bbox 263 1160 439 1207; x_wconf 88' lang='lat' dir='ltr'>sceleris</span> <span class='ocrx_word' id='word_1_133' title='bbox 462 1158 652 1222; x_wconf 83' lang='lat' dir='ltr'>cogitati</span> <span class='ocrx_word' id='word_1_134' title='bbox 674 1172 819 1204; x_wconf 89' lang='lat' dir='ltr'>morte</span> <span class='ocrx_word' id='word_1_135' title='bbox 841 1173 998 1220; x_wconf 84' lang='lat' dir='ltr'>poenas</span> <span class='ocrx_word' id='word_1_136' title='bbox 1038 1158 1198 1203; x_wconf 87' lang='lat' dir='ltr'>lueret.</span> <span class='ocrx_word' id='word_1_137' title='bbox 1264 1158 1484 1204; x_wconf 80' lang='lat' dir='ltr'>Custodes</span> <span class='ocrx_word' id='word_1_138' title='bbox 1507 1170 1682 1204; x_wconf 88' lang='lat' dir='ltr'>tantum</span> <span class='ocrx_word' id='word_1_139' title='bbox 1705 1159 1915 1215; x_wconf 82' lang='lat' dir='ltr'>adhibiti,</span> <span class='ocrx_word' id='word_1_140' title='bbox 1945 1160 2028 1223; x_wconf 87' lang='lat' dir='ltr'>qui</span> 
     </span>
     <span class='ocr_line' id='line_1_17' title="bbox 261 1221 2026 1285; baseline 0 -14"><span class='ocrx_word' id='word_1_141' title='bbox 261 1224 394 1279; x_wconf 64' lang='lat' dir='ltr'>facta,</span> <span class='ocrx_word' id='word_1_142' title='bbox 415 1224 626 1285; x_wconf 63' lang='lat' dir='ltr'>dissaque</span> <span class='ocrx_word' id='word_1_143' title='bbox 659 1223 754 1283; x_wconf 89' lang='lat' dir='ltr'>ejus</span> <span class='ocrx_word' id='word_1_144' title='bbox 793 1221 948 1268; x_wconf 88' lang='lat' dir='ltr'>omnia</span> <span class='ocrx_word' id='word_1_145' title='bbox 977 1221 1326 1284; x_wconf 86' lang='lat' dir='ltr'>specularentur.</span> <span class='ocrx_word' id='word_1_146' title='bbox 1396 1223 1484 1268; x_wconf 90' lang='lat' dir='ltr'>Sed</span> <span class='ocrx_word' id='word_1_147' title='bbox 1506 1222 1583 1268; x_wconf 90' lang='lat' dir='ltr'>ille</span> <span class='ocrx_word' id='word_1_148' title='bbox 1605 1223 1861 1285; x_wconf 85' lang='lat' dir='ltr'>quamlibet</span> <span class='ocrx_word' id='word_1_149' title='bbox 1879 1225 2026 1272; x_wconf 81' lang='lat' dir='ltr'>brevis</span> 
     </span>
     <span class='ocr_line' id='line_1_18' title="bbox 261 1285 2024 1349; baseline 0 -13"><span class='ocrx_word' id='word_1_150' title='bbox 261 1304 400 1336; x_wconf 87' lang='lat' dir='ltr'>morae</span> <span class='ocrx_word' id='word_1_151' title='bbox 422 1288 478 1335; x_wconf 82' lang='lat' dir='ltr'>ad</span> <span class='ocrx_word' id='word_1_152' title='bbox 496 1287 625 1349; x_wconf 77' lang='lat' dir='ltr'>spem</span> <span class='ocrx_word' id='word_1_153' title='bbox 647 1286 801 1333; x_wconf 88' lang='lat' dir='ltr'>animo</span> <span class='ocrx_word' id='word_1_154' title='bbox 823 1300 1091 1348; x_wconf 89' lang='lat' dir='ltr'>conceptam</span> <span class='ocrx_word' id='word_1_155' title='bbox 1113 1285 1375 1349; x_wconf 85' lang='lat' dir='ltr'>impatiens,</span> <span class='ocrx_word' id='word_1_156' title='bbox 1399 1286 1603 1348; x_wconf 76' lang='lat' dir='ltr'>deceptis</span> <span class='ocrx_word' id='word_1_157' title='bbox 1624 1288 1898 1343; x_wconf 64' lang='lat' dir='ltr'>custodibus,</span> <span class='ocrx_word' id='word_1_158' title='bbox 1918 1305 2024 1337; x_wconf 82' lang='lat' dir='ltr'>cum</span> 
     </span>
     <span class='ocr_line' id='line_1_19' title="bbox 258 1349 2023 1415; baseline 0.001 -17"><span class='ocrx_word' id='word_1_159' title='bbox 258 1352 415 1415; x_wconf 84' lang='lat' dir='ltr'>paucis</span> <span class='ocrx_word' id='word_1_160' title='bbox 438 1350 625 1399; x_wconf 86' lang='lat' dir='ltr'>consciis</span> <span class='ocrx_word' id='word_1_161' title='bbox 647 1351 848 1414; x_wconf 89' lang='lat' dir='ltr'>primum</span> <span class='ocrx_word' id='word_1_162' title='bbox 870 1351 929 1397; x_wconf 87' lang='lat' dir='ltr'>ad</span> <span class='ocrx_word' id='word_1_163' title='bbox 949 1350 1115 1403; x_wconf 65' lang='lat' dir='ltr'>Pictos,</span> <span class='ocrx_word' id='word_1_164' title='bbox 1140 1349 1305 1396; x_wconf 90' lang='lat' dir='ltr'>deinde</span> <span class='ocrx_word' id='word_1_165' title='bbox 1326 1365 1431 1396; x_wconf 89' lang='lat' dir='ltr'>cum</span> <span class='ocrx_word' id='word_1_166' title='bbox 1465 1351 1531 1398; x_wconf 89' lang='lat' dir='ltr'>ibi</span> <span class='ocrx_word' id='word_1_167' title='bbox 1564 1353 1740 1398; x_wconf 85' lang='lat' dir='ltr'>nullam</span> <span class='ocrx_word' id='word_1_168' title='bbox 1769 1369 1918 1399; x_wconf 88' lang='lat' dir='ltr'>rerum</span> <span class='ocrx_word' id='word_1_169' title='bbox 1943 1368 2023 1399; x_wconf 83' lang='lat' dir='ltr'>no-</span> 
     </span>
     <span class='ocr_line' id='line_1_20' title="bbox 259 1412 2023 1479; baseline 0.001 -19"><span class='ocrx_word' id='word_1_170' title='bbox 259 1418 507 1464; x_wconf 75' lang='lat' dir='ltr'>vandarum</span> <span class='ocrx_word' id='word_1_171' title='bbox 543 1415 776 1463; x_wconf 84' lang='lat' dir='ltr'>materiam</span> <span class='ocrx_word' id='word_1_172' title='bbox 798 1414 1039 1468; x_wconf 90' lang='lat' dir='ltr'>inveniret,</span> <span class='ocrx_word' id='word_1_173' title='bbox 1071 1415 1128 1461; x_wconf 83' lang='lat' dir='ltr'>ad</span> <span class='ocrx_word' id='word_1_174' title='bbox 1152 1413 1379 1461; x_wconf 84' lang='lat' dir='ltr'>Brittones</span> <span class='ocrx_word' id='word_1_175' title='bbox 1403 1412 1645 1478; x_wconf 52' lang='lat' dir='ltr'>confugit,</span> <span class='ocrx_word' id='word_1_176' title='bbox 1671 1417 1793 1479; x_wconf 88' lang='lat' dir='ltr'>apud</span> <span class='ocrx_word' id='word_1_177' title='bbox 1816 1434 1931 1479; x_wconf 79' lang='lat' dir='ltr'>quos</span> <span class='ocrx_word' id='word_1_178' title='bbox 1955 1417 2023 1461; x_wconf 86' lang='lat' dir='ltr'>vi-</span> 
     </span>
     <span class='ocr_line' id='line_1_21' title="bbox 261 1478 2024 1546; baseline 0 -19"><span class='ocrx_word' id='word_1_179' title='bbox 261 1494 352 1528; x_wconf 72' lang='lat' dir='ltr'>tam</span> <span class='ocrx_word' id='word_1_180' title='bbox 375 1482 606 1546; x_wconf 86' lang='lat' dir='ltr'>ignavam,</span> <span class='ocrx_word' id='word_1_181' title='bbox 632 1483 677 1528; x_wconf 74' lang='grc' dir='ltr'>δε</span> <span class='ocrx_word' id='word_1_182' title='bbox 699 1478 888 1541; x_wconf 87' lang='lat' dir='ltr'>perinde</span> <span class='ocrx_word' id='word_1_183' title='bbox 908 1478 1164 1543; x_wconf 86' lang='lat' dir='ltr'>ignobilem</span> <span class='ocrx_word' id='word_1_184' title='bbox 1187 1478 1297 1542; x_wconf 84' lang='lat' dir='ltr'>egit.</span> <span class='ocrx_word' id='word_1_185' title='bbox 1346 1480 1380 1525; x_wconf 91' lang='lat' dir='ltr'>F</span> <span class='ocrx_word' id='word_1_186' title='bbox 1384 1479 1590 1526; x_wconf 88' lang='lat' dir='ltr'>critharis</span> <span class='ocrx_word' id='word_1_187' title='bbox 1609 1482 1720 1526; x_wconf 69' lang='lat' dir='ltr'>vero</span> <span class='ocrx_word' id='word_1_188' title='bbox 1736 1496 1905 1542; x_wconf 85' lang='lat' dir='ltr'>paucos</span> <span class='ocrx_word' id='word_1_189' title='bbox 1930 1481 2024 1543; x_wconf 83' lang='lat' dir='ltr'>post</span> 
     </span>
     <span class='ocr_line' id='line_1_22' title="bbox 259 1542 2022 1609; baseline -0.001 -17"><span class='ocrx_word' id='word_1_190' title='bbox 259 1546 428 1592; x_wconf 84' lang='lat' dir='ltr'>menses</span> <span class='ocrx_word' id='word_1_191' title='bbox 449 1546 674 1592; x_wconf 89' lang='lat' dir='ltr'>incertum</span> <span class='ocrx_word' id='word_1_192' title='bbox 697 1545 875 1599; x_wconf 88' lang='lat' dir='ltr'>morbo,</span> <span class='ocrx_word' id='word_1_193' title='bbox 901 1561 955 1590; x_wconf 88' lang='lat' dir='ltr'>an</span> <span class='ocrx_word' id='word_1_194' title='bbox 981 1543 1138 1590; x_wconf 86' lang='lat' dir='ltr'>fraude</span> <span class='ocrx_word' id='word_1_195' title='bbox 1158 1544 1219 1588; x_wconf 91' lang='lat' dir='ltr'>est</span> <span class='ocrx_word' id='word_1_196' title='bbox 1241 1542 1456 1591; x_wconf 90' lang='lat' dir='ltr'>sublatus.</span> <span class='ocrx_word' id='word_1_197' title='bbox 1525 1545 1634 1605; x_wconf 77' lang='lat' dir='ltr'>Ejus</span> <span class='ocrx_word' id='word_1_198' title='bbox 1659 1545 1817 1591; x_wconf 87' lang='lat' dir='ltr'>mortis</span> <span class='ocrx_word' id='word_1_199' title='bbox 1840 1546 2022 1609; x_wconf 78' lang='lat' dir='ltr'>suspici-</span> 
     </span>
     <span class='ocr_line' id='line_1_23' title="bbox 258 1607 2018 1672; baseline 0 -18"><span class='ocrx_word' id='word_1_200' title='bbox 258 1624 391 1656; x_wconf 87' lang='lat' dir='ltr'>onem</span> <span class='ocrx_word' id='word_1_201' title='bbox 413 1609 612 1672; x_wconf 84' lang='lat' dir='ltr'>superior</span> <span class='ocrx_word' id='word_1_202' title='bbox 641 1607 850 1661; x_wconf 85' lang='lat' dir='ltr'>ambitio,</span> <span class='ocrx_word' id='word_1_203' title='bbox 874 1608 1102 1669; x_wconf 90' lang='lat' dir='ltr'>scelusque</span> <span class='ocrx_word' id='word_1_204' title='bbox 1123 1607 1369 1660; x_wconf 62' lang='lat' dir='ltr'>deteRum,</span> <span class='ocrx_word' id='word_1_205' title='bbox 1394 1613 1433 1653; x_wconf 69' lang='grc' dir='ltr'>ἃς</span> <span class='ocrx_word' id='word_1_206' title='bbox 1466 1624 1620 1654; x_wconf 86' lang='lat' dir='ltr'>recens</span> <span class='ocrx_word' id='word_1_207' title='bbox 1653 1608 1761 1671; x_wconf 85' lang='lat' dir='ltr'>fuga</span> <span class='ocrx_word' id='word_1_208' title='bbox 1792 1609 1849 1655; x_wconf 81' lang='lat' dir='ltr'>fic</span> <span class='ocrx_word' id='word_1_209' title='bbox 1876 1610 2018 1660; x_wconf 65' lang='lat' dir='ltr'>auxit,</span> 
     </span>
     <span class='ocr_line' id='line_1_24' title="bbox 258 1671 2023 1736; baseline 0.001 -17"><span class='ocrx_word' id='word_1_210' title='bbox 258 1686 307 1720; x_wconf 89' lang='lat' dir='ltr'>ut</span> <span class='ocrx_word' id='word_1_211' title='bbox 327 1674 542 1736; x_wconf 70' lang='lat' dir='ltr'>Ferlegus</span> <span class='ocrx_word' id='word_1_212' title='bbox 565 1671 769 1718; x_wconf 89' lang='lat' dir='ltr'>omniurn</span> <span class='ocrx_word' id='word_1_213' title='bbox 795 1671 1024 1718; x_wconf 77' lang='lat' dir='ltr'>iententiis</span> <span class='ocrx_word' id='word_1_214' title='bbox 1054 1671 1208 1717; x_wconf 90' lang='lat' dir='ltr'>absens</span> <span class='ocrx_word' id='word_1_215' title='bbox 1231 1672 1537 1727; x_wconf 81' lang='lat' dir='ltr'>damnaretur,</span> <span class='ocrx_word' id='word_1_216' title='bbox 1561 1671 1909 1734; x_wconf 86' lang='lat' dir='ltr'>quintodecimo</span> <span class='ocrx_word' id='word_1_217' title='bbox 1931 1673 2023 1720; x_wconf 71' lang='lat' dir='ltr'>scre</span> 
     </span>
    </p>
   </div>
   <div class='ocr_carea' id='block_1_3' title="bbox 256 1736 884 1799">
    <p class='ocr_par' dir='ltr' id='par_1_3' title="bbox 256 1736 884 1799">
     <span class='ocr_line' id='line_1_25' title="bbox 256 1736 884 1799; baseline -0.006 -14"><span class='ocrx_word' id='word_1_218' title='bbox 256 1740 350 1799; x_wconf 88' lang='lat' dir='ltr'>post</span> <span class='ocrx_word' id='word_1_219' title='bbox 372 1750 565 1784; x_wconf 85' lang='lat' dir='ltr'>mortem</span> <span class='ocrx_word' id='word_1_220' title='bbox 589 1736 729 1799; x_wconf 88' lang='lat' dir='ltr'>patris</span> <span class='ocrx_word' id='word_1_221' title='bbox 749 1752 884 1782; x_wconf 88' lang='lat' dir='ltr'>anno.</span> 
     </span>
    </p>
   </div>
   <div class='ocr_carea' id='block_1_4' title="bbox 986 1819 1295 1866">
    <p class='ocr_par' dir='ltr' id='par_1_4' title="bbox 986 1819 1295 1866">
     <span class='ocr_line' id='line_1_26' title="bbox 986 1819 1295 1866; baseline 0 -1"><span class='ocrx_word' id='word_1_222' title='bbox 986 1820 1074 1866; x_wconf 90' lang='lat'>111.</span> <span class='ocrx_word' id='word_1_223' title='bbox 1108 1819 1148 1865; x_wconf 90' lang='lat' dir='ltr'>R</span> <span class='ocrx_word' id='word_1_224' title='bbox 1175 1819 1212 1865; x_wconf 90' lang='lat' dir='ltr'><strong>E</strong></span> <span class='ocrx_word' id='word_1_225' title='bbox 1237 1820 1295 1866; x_wconf 87' lang='lat' dir='ltr'>X.</span> 
     </span>
    </p>
   </div>
   <div class='ocr_carea' id='block_1_5' title="bbox 252 1890 2079 3062">
    <p class='ocr_par' dir='ltr' id='par_1_5' title="bbox 254 1890 2023 2473">
     <span class='ocr_line' id='line_1_27' title="bbox 320 1890 2023 1957; baseline 0.001 -15"><span class='ocrx_word' id='word_1_226' title='bbox 320 1896 431 1943; x_wconf 81' lang='lat' dir='ltr'><strong>VII.</strong></span> <span class='ocrx_word' id='word_1_227' title='bbox 465 1893 826 1942; x_wconf 85' lang='lat' dir='ltr'>FERLEGO</span> <span class='ocrx_word' id='word_1_228' title='bbox 861 1892 1078 1940; x_wconf 87' lang='lat' dir='ltr'>damnato</span> <span class='ocrx_word' id='word_1_229' title='bbox 1109 1890 1295 1939; x_wconf 86' lang='lat' dir='ltr'>Mainus</span> <span class='ocrx_word' id='word_1_230' title='bbox 1336 1892 1473 1941; x_wconf 83' lang='lat' dir='ltr'>frater</span> <span class='ocrx_word' id='word_1_231' title='bbox 1510 1896 1606 1957; x_wconf 82' lang='lat' dir='ltr'>ejus</span> <span class='ocrx_word' id='word_1_232' title='bbox 1647 1895 1883 1943; x_wconf 84' lang='lat' dir='ltr'>Scotorum</span> <span class='ocrx_word' id='word_1_233' title='bbox 1921 1895 2023 1943; x_wconf 79' lang='lat' dir='ltr'>Rex</span> 
     </span>
     <span class='ocr_line' id='line_1_28' title="bbox 258 1955 2023 2023; baseline -0.001 -16"><span class='ocrx_word' id='word_1_234' title='bbox 258 1959 445 2008; x_wconf 86' lang='lat' dir='ltr'>Tertius</span> <span class='ocrx_word' id='word_1_235' title='bbox 464 1972 672 2005; x_wconf 88' lang='lat' dir='ltr'>creatur:</span> <span class='ocrx_word' id='word_1_236' title='bbox 710 1958 779 2004; x_wconf 89' lang='lat' dir='ltr'>vir</span> <span class='ocrx_word' id='word_1_237' title='bbox 799 1956 936 2021; x_wconf 87' lang='lat' dir='ltr'>patri,</span> <span class='ocrx_word' id='word_1_238' title='bbox 961 1962 999 2002; x_wconf 75' lang='grc' dir='ltr'>δι</span> <span class='ocrx_word' id='word_1_239' title='bbox 1026 1968 1206 2020; x_wconf 89' lang='lat' dir='ltr'>patru0‚</span> <span class='ocrx_word' id='word_1_240' title='bbox 1241 1973 1380 2021; x_wconf 87' lang='lat' dir='ltr'>quam</span> <span class='ocrx_word' id='word_1_241' title='bbox 1408 1955 1534 2005; x_wconf 86' lang='lat' dir='ltr'>fratri</span> <span class='ocrx_word' id='word_1_242' title='bbox 1565 1959 1764 2005; x_wconf 87' lang='lat' dir='ltr'>fim1lior.</span> <span class='ocrx_word' id='word_1_243' title='bbox 1833 1962 1877 2006; x_wconf 80' lang='lat' dir='ltr'>ls</span> <span class='ocrx_word' id='word_1_244' title='bbox 1910 1975 2023 2023; x_wconf 74' lang='lat' dir='ltr'>pace</span> 
     </span>
     <span class='ocr_line' id='line_1_29' title="bbox 255 2019 2020 2077; baseline -0.001 -5"><span class='ocrx_word' id='word_1_245' title='bbox 255 2040 360 2072; x_wconf 87' lang='lat' dir='ltr'>cum</span> <span class='ocrx_word' id='word_1_246' title='bbox 383 2023 544 2071; x_wconf 83' lang='lat' dir='ltr'>vicinis</span> <span class='ocrx_word' id='word_1_247' title='bbox 567 2021 850 2075; x_wconf 75' lang='lat' dir='ltr'>confirmata,</span> <span class='ocrx_word' id='word_1_248' title='bbox 874 2020 1002 2067; x_wconf 89' lang='lat' dir='ltr'>domi</span> <span class='ocrx_word' id='word_1_249' title='bbox 1023 2019 1207 2067; x_wconf 87' lang='lat' dir='ltr'>sublatis</span> <span class='ocrx_word' id='word_1_250' title='bbox 1230 2021 1508 2077; x_wconf 73' lang='lat' dir='ltr'>facinorosis,</span> <span class='ocrx_word' id='word_1_251' title='bbox 1533 2022 1758 2069; x_wconf 88' lang='lat' dir='ltr'>sacrorum</span> <span class='ocrx_word' id='word_1_252' title='bbox 1782 2023 1892 2070; x_wconf 88' lang='lat' dir='ltr'>ritus</span> <span class='ocrx_word' id='word_1_253' title='bbox 1915 2023 2020 2070; x_wconf 87' lang='lat' dir='ltr'>dili-</span> 
     </span>
     <span class='ocr_line' id='line_1_30' title="bbox 254 2083 2019 2154; baseline -0.001 -19"><span class='ocrx_word' id='word_1_254' title='bbox 254 2100 416 2154; x_wconf 83' lang='lat' dir='ltr'>genter</span> <span class='ocrx_word' id='word_1_255' title='bbox 449 2087 664 2135; x_wconf 89' lang='lat' dir='ltr'>obeundo</span> <span class='ocrx_word' id='word_1_256' title='bbox 687 2098 859 2133; x_wconf 84' lang='lat' dir='ltr'>tantam</span> <span class='ocrx_word' id='word_1_257' title='bbox 884 2084 966 2131; x_wconf 84' lang='lat' dir='ltr'>fibi</span> <span class='ocrx_word' id='word_1_258' title='bbox 993 2083 1203 2147; x_wconf 69' lang='lat' dir='ltr'>justiciae,</span> <span class='ocrx_word' id='word_1_259' title='bbox 1238 2090 1277 2132; x_wconf 75' lang='grc' dir='ltr'>δι</span> <span class='ocrx_word' id='word_1_260' title='bbox 1307 2084 1488 2148; x_wconf 84' lang='lat' dir='ltr'>pietatis</span> <span class='ocrx_word' id='word_1_261' title='bbox 1518 2085 1784 2150; x_wconf 85' lang='lat' dir='ltr'>opinionem</span> <span class='ocrx_word' id='word_1_262' title='bbox 1826 2089 2019 2150; x_wconf 84' lang='lat' dir='ltr'>paravit,</span> 
     </span>
     <span class='ocr_line' id='line_1_31' title="bbox 257 2148 2021 2214; baseline -0.001 -14"><span class='ocrx_word' id='word_1_263' title='bbox 257 2167 306 2200; x_wconf 89' lang='lat' dir='ltr'>ut</span> <span class='ocrx_word' id='word_1_264' title='bbox 322 2170 426 2199; x_wconf 89' lang='lat' dir='ltr'>eum</span> <span class='ocrx_word' id='word_1_265' title='bbox 446 2152 611 2198; x_wconf 81' lang='lat' dir='ltr'>laedere</span> <span class='ocrx_word' id='word_1_266' title='bbox 629 2150 853 2197; x_wconf 89' lang='lat' dir='ltr'>summum</span> <span class='ocrx_word' id='word_1_267' title='bbox 873 2149 999 2196; x_wconf 88' lang='lat' dir='ltr'>nefas</span> <span class='ocrx_word' id='word_1_268' title='bbox 1023 2161 1115 2196; x_wconf 88' lang='lat' dir='ltr'>tam</span> <span class='ocrx_word' id='word_1_269' title='bbox 1134 2148 1274 2205; x_wconf 85' lang='lat' dir='ltr'>cives,</span> <span class='ocrx_word' id='word_1_270' title='bbox 1290 2166 1428 2212; x_wconf 90' lang='lat' dir='ltr'>quam</span> <span class='ocrx_word' id='word_1_271' title='bbox 1448 2150 1675 2214; x_wconf 85' lang='lat' dir='ltr'>peregrini</span> <span class='ocrx_word' id='word_1_272' title='bbox 1699 2151 2021 2198; x_wconf 81' lang='lat' dir='ltr'>existimarent.</span> 
     </span>
     <span class='ocr_line' id='line_1_32' title="bbox 255 2214 2022 2279; baseline -0.002 -14"><span class='ocrx_word' id='word_1_273' title='bbox 255 2219 359 2265; x_wconf 87' lang='lat' dir='ltr'>Hac</span> <span class='ocrx_word' id='word_1_274' title='bbox 383 2215 622 2264; x_wconf 65' lang='lat' dir='ltr'>sanctitatis</span> <span class='ocrx_word' id='word_1_275' title='bbox 644 2214 878 2279; x_wconf 85' lang='lat' dir='ltr'>opinione,</span> <span class='ocrx_word' id='word_1_276' title='bbox 906 2229 1045 2275; x_wconf 88' lang='lat' dir='ltr'>quam</span> <span class='ocrx_word' id='word_1_277' title='bbox 1067 2214 1203 2261; x_wconf 88' lang='lat' dir='ltr'>armis</span> <span class='ocrx_word' id='word_1_278' title='bbox 1225 2215 1383 2267; x_wconf 76' lang='lat' dir='ltr'>tucior,</span> <span class='ocrx_word' id='word_1_279' title='bbox 1409 2217 1645 2278; x_wconf 87' lang='lat' dir='ltr'>postquam</span> <span class='ocrx_word' id='word_1_280' title='bbox 1667 2215 1712 2261; x_wconf 87' lang='lat' dir='ltr'>vi</span> <span class='ocrx_word' id='word_1_281' title='bbox 1749 2214 1834 2262; x_wconf 88' lang='lat' dir='ltr'>inti</span> <span class='ocrx_word' id='word_1_282' title='bbox 1856 2232 2022 2262; x_wconf 84' lang='lat' dir='ltr'>novem</span> 
     </span>
     <span class='ocr_line' id='line_1_33' title="bbox 256 2232 2022 2343; baseline -0.001 -15"><span class='ocrx_word' id='word_1_283' title='bbox 256 2298 396 2330; x_wconf 77' lang='lat' dir='ltr'>annos</span> <span class='ocrx_word' id='word_1_284' title='bbox 424 2280 696 2343; x_wconf 76' lang='lat' dir='ltr'>imperasset,</span> <span class='ocrx_word' id='word_1_285' title='bbox 720 2278 947 2327; x_wconf 87' lang='lat' dir='ltr'>decedens</span> <span class='ocrx_word' id='word_1_286' title='bbox 968 2293 1189 2343; x_wconf 85' lang='lat' dir='ltr'>magnum</span> <span class='ocrx_word' id='word_1_287' title='bbox 1220 2278 1285 2326; x_wconf 89' lang='lat' dir='ltr'>sui</span> <span class='ocrx_word' id='word_1_288' title='bbox 1314 2278 1586 2327; x_wconf 75' lang='lat' dir='ltr'>desiderium</span> <span class='ocrx_word' id='word_1_289' title='bbox 1618 2232 1744 2342; x_wconf 52' lang='lat' dir='ltr'>apag</span> <span class='ocrx_word' id='word_1_290' title='bbox 1761 2296 1918 2328; x_wconf 88' lang='lat' dir='ltr'>omnes</span> <span class='ocrx_word' id='word_1_291' title='bbox 1942 2280 2022 2327; x_wconf 87' lang='lat' dir='ltr'>bo·</span> 
     </span>
     <span class='ocr_line' id='line_1_34' title="bbox 255 2345 559 2408; baseline 0 -14"><span class='ocrx_word' id='word_1_292' title='bbox 255 2363 335 2395; x_wconf 90' lang='lat' dir='ltr'>nos</span> <span class='ocrx_word' id='word_1_293' title='bbox 356 2345 559 2408; x_wconf 82' lang='lat' dir='ltr'>reliquit.</span> 
     </span>
     <span class='ocr_line' id='line_1_35' title="bbox 295 2407 1291 2473; baseline -0.008 -13"><span class='ocrx_word' id='word_1_294' title='bbox 295 2418 297 2420; x_wconf 78' lang='grc'><strong>’</strong></span> <span class='ocrx_word' id='word_1_295' title='bbox 942 2455 949 2473; x_wconf 24' lang='grc' dir='ltr'>Ι,</span> <span class='ocrx_word' id='word_1_296' title='bbox 982 2408 1071 2460; x_wconf 92' lang='lat' dir='ltr'>IV.</span> <span class='ocrx_word' id='word_1_297' title='bbox 1106 2409 1148 2455; x_wconf 93' lang='lat' dir='ltr'><strong>R</strong></span> <span class='ocrx_word' id='word_1_298' title='bbox 1172 2408 1209 2454; x_wconf 87' lang='lat' dir='ltr'>E</span> <span class='ocrx_word' id='word_1_299' title='bbox 1232 2407 1291 2453; x_wconf 90' lang='lat' dir='ltr'>X.</span> 
     </span>
    </p>

    <p class='ocr_par' dir='ltr' id='par_1_6' title="bbox 252 2481 2079 3062">
     <span class='ocr_line' id='line_1_36' title="bbox 318 2481 2023 2549; baseline -0.001 -14"><span class='ocrx_word' id='word_1_300' title='bbox 318 2483 1088 2535; x_wconf 67' lang='lat' dir='ltr'>VH1.¹DORNAD1LLAM</span> <span class='ocrx_word' id='word_1_301' title='bbox 1129 2481 1291 2528; x_wconf 87' lang='lat' dir='ltr'>habuit</span> <span class='ocrx_word' id='word_1_302' title='bbox 1325 2487 1366 2529; x_wconf 86' lang='lat'>&amp;</span> <span class='ocrx_word' id='word_1_303' title='bbox 1400 2482 1563 2539; x_wconf 85' lang='lat' dir='ltr'>filiurn,</span> <span class='ocrx_word' id='word_1_304' title='bbox 1589 2489 1628 2530; x_wconf 73' lang='grc' dir='ltr'>δι</span> <span class='ocrx_word' id='word_1_305' title='bbox 1663 2484 1793 2549; x_wconf 86' lang='lat' dir='ltr'>regni</span> <span class='ocrx_word' id='word_1_306' title='bbox 1811 2485 2023 2533; x_wconf 67' lang='lat' dir='ltr'>successo-</span> 
     </span>
     <span class='ocr_line' id='line_1_37' title="bbox 253 2546 2022 2612; baseline -0.001 -14"><span class='ocrx_word' id='word_1_307' title='bbox 253 2566 368 2606; x_wconf 89' lang='lat' dir='ltr'>rem,</span> <span class='ocrx_word' id='word_1_308' title='bbox 390 2550 443 2602; x_wconf 68' lang='grc' dir='ltr'>ὃς</span> <span class='ocrx_word' id='word_1_309' title='bbox 465 2548 515 2596; x_wconf 91' lang='lat' dir='ltr'>in</span> <span class='ocrx_word' id='word_1_310' title='bbox 538 2547 752 2612; x_wconf 84' lang='lat' dir='ltr'>aequitate</span> <span class='ocrx_word' id='word_1_311' title='bbox 775 2548 970 2595; x_wconf 82' lang='lat' dir='ltr'>colenda</span> <span class='ocrx_word' id='word_1_312' title='bbox 986 2546 1106 2611; x_wconf 88' lang='lat' dir='ltr'>patri</span> <span class='ocrx_word' id='word_1_313' title='bbox 1128 2546 1318 2594; x_wconf 73' lang='lat' dir='ltr'>similem</span> <span class='ocrx_word' id='word_1_314' title='bbox 1342 2564 1353 2592; x_wconf 90' lang='lat'>:</span> <span class='ocrx_word' id='word_1_315' title='bbox 1383 2548 1558 2594; x_wconf 80' lang='lat' dir='ltr'>caeteris</span> <span class='ocrx_word' id='word_1_316' title='bbox 1578 2547 1686 2594; x_wconf 76' lang='lat' dir='ltr'>vita:</span> <span class='ocrx_word' id='word_1_317' title='bbox 1708 2548 1914 2612; x_wconf 86' lang='lat' dir='ltr'>partibus</span> <span class='ocrx_word' id='word_1_318' title='bbox 1937 2550 2022 2596; x_wconf 83' lang='lat' dir='ltr'>dis·</span> 
     </span>
     <span class='ocr_line' id='line_1_38' title="bbox 253 2610 2079 2678; baseline -0.001 -16"><span class='ocrx_word' id='word_1_319' title='bbox 253 2631 427 2678; x_wconf 80' lang='lat' dir='ltr'>parem.</span> <span class='ocrx_word' id='word_1_320' title='bbox 481 2614 717 2678; x_wconf 85' lang='lat' dir='ltr'>.Magnam</span> <span class='ocrx_word' id='word_1_321' title='bbox 739 2611 866 2659; x_wconf 85' lang='lat' dir='ltr'>enim</span> <span class='ocrx_word' id='word_1_322' title='bbox 890 2610 1109 2675; x_wconf 85' lang='lat' dir='ltr'>temporis</span> <span class='ocrx_word' id='word_1_323' title='bbox 1130 2623 1306 2674; x_wconf 90' lang='lat' dir='ltr'>partem</span> <span class='ocrx_word' id='word_1_324' title='bbox 1328 2612 1562 2659; x_wconf 88' lang='lat' dir='ltr'>venationi</span> <span class='ocrx_word' id='word_1_325' title='bbox 1584 2611 1728 2659; x_wconf 89' lang='lat' dir='ltr'>dedit.</span> <span class='ocrx_word' id='word_1_326' title='bbox 1797 2613 1851 2660; x_wconf 86' lang='lat' dir='ltr'>Id</span> <span class='ocrx_word' id='word_1_327' title='bbox 1887 2614 2024 2661; x_wconf 79' lang='lat' dir='ltr'>studi·</span> <span class='ocrx_word' id='word_1_328' title='bbox 2076 2672 2079 2674; x_wconf 15' lang='lat' dir='ltr'>v</span> 
     </span>
     <span class='ocr_line' id='line_1_39' title="bbox 258 2674 2027 2741; baseline -0.002 -14"><span class='ocrx_word' id='word_1_329' title='bbox 258 2696 334 2727; x_wconf 81' lang='lat' dir='ltr'>um</span> <span class='ocrx_word' id='word_1_330' title='bbox 363 2678 416 2726; x_wconf 89' lang='lat' dir='ltr'>in</span> <span class='ocrx_word' id='word_1_331' title='bbox 448 2685 563 2741; x_wconf 83' lang='lat' dir='ltr'>pace</span> <span class='ocrx_word' id='word_1_332' title='bbox 584 2676 822 2731; x_wconf 88' lang='lat' dir='ltr'>decorum,</span> <span class='ocrx_word' id='word_1_333' title='bbox 856 2680 897 2723; x_wconf 74' lang='grc' dir='ltr'>δι</span> <span class='ocrx_word' id='word_1_334' title='bbox 932 2675 1115 2739; x_wconf 86' lang='lat' dir='ltr'>corpori</span> <span class='ocrx_word' id='word_1_335' title='bbox 1134 2674 1310 2722; x_wconf 85' lang='lat' dir='ltr'>salubre</span> <span class='ocrx_word' id='word_1_336' title='bbox 1342 2688 1484 2738; x_wconf 73' lang='lat' dir='ltr'>ratus,</span> <span class='ocrx_word' id='word_1_337' title='bbox 1515 2682 1556 2723; x_wconf 70' lang='grc' dir='ltr'>δι</span> <span class='ocrx_word' id='word_1_338' title='bbox 1590 2677 1647 2723; x_wconf 85' lang='lat' dir='ltr'>ad</span> <span class='ocrx_word' id='word_1_339' title='bbox 1669 2677 1808 2724; x_wconf 89' lang='lat' dir='ltr'>robur</span> <span class='ocrx_word' id='word_1_340' title='bbox 1828 2677 2027 2725; x_wconf 84' lang='lat' dir='ltr'>militare</span> 
     </span>
     <span class='ocr_line' id='line_1_40' title="bbox 252 2739 2026 2803; baseline -0.001 -12"><span class='ocrx_word' id='word_1_341' title='bbox 252 2741 618 2792; x_wconf 75' lang='lat' dir='ltr'>confirmandum</span> <span class='ocrx_word' id='word_1_342' title='bbox 634 2740 835 2788; x_wconf 84' lang='lat' dir='ltr'>maxime</span> <span class='ocrx_word' id='word_1_343' title='bbox 857 2739 986 2788; x_wconf 85' lang='lat' dir='ltr'>utile.</span> <span class='ocrx_word' id='word_1_344' title='bbox 1054 2739 1278 2788; x_wconf 84' lang='lat' dir='ltr'>Animum</span> <span class='ocrx_word' id='word_1_345' title='bbox 1300 2750 1517 2802; x_wconf 80' lang='lat' dir='ltr'>praeterea</span> <span class='ocrx_word' id='word_1_346' title='bbox 1538 2740 1797 2803; x_wconf 83' lang='lat' dir='ltr'>voluptates</span> <span class='ocrx_word' id='word_1_347' title='bbox 1825 2742 2026 2789; x_wconf 78' lang='lat' dir='ltr'>maxime</span> 
     </span>
     <span class='ocr_line' id='line_1_41' title="bbox 252 2802 2027 2872; baseline -0.002 -17"><span class='ocrx_word' id='word_1_348' title='bbox 252 2824 389 2872; x_wconf 78' lang='lat' dir='ltr'>puras</span> <span class='ocrx_word' id='word_1_349' title='bbox 424 2806 533 2853; x_wconf 87' lang='lat' dir='ltr'>inde</span> <span class='ocrx_word' id='word_1_350' title='bbox 572 2821 770 2868; x_wconf 87' lang='lat' dir='ltr'>capere:</span> <span class='ocrx_word' id='word_1_351' title='bbox 807 2809 848 2852; x_wconf 70' lang='lat' dir='ltr'>ac</span> <span class='ocrx_word' id='word_1_352' title='bbox 884 2803 1093 2853; x_wconf 80' lang='lat' dir='ltr'>adversus</span> <span class='ocrx_word' id='word_1_353' title='bbox 1132 2802 1386 2859; x_wconf 82' lang='lat' dir='ltr'>avaritiam,</span> <span class='ocrx_word' id='word_1_354' title='bbox 1412 2809 1454 2851; x_wconf 86' lang='lat'>&amp;</span> <span class='ocrx_word' id='word_1_355' title='bbox 1488 2803 1734 2858; x_wconf 81' lang='lat' dir='ltr'>luxuriam,</span> <span class='ocrx_word' id='word_1_356' title='bbox 1769 2816 2027 2869; x_wconf 74' lang='lat' dir='ltr'>caeteraque</span> 
     </span>
     <span class='ocr_line' id='line_1_42' title="bbox 254 2866 2027 2934; baseline -0.002 -14"><span class='ocrx_word' id='word_1_357' title='bbox 254 2871 383 2929; x_wconf 77' lang='lat' dir='ltr'>vitia,</span> <span class='ocrx_word' id='word_1_358' title='bbox 407 2886 510 2934; x_wconf 82' lang='lat' dir='ltr'>quae</span> <span class='ocrx_word' id='word_1_359' title='bbox 532 2885 590 2916; x_wconf 87' lang='lat' dir='ltr'>ex</span> <span class='ocrx_word' id='word_1_360' title='bbox 612 2869 717 2916; x_wconf 87' lang='lat' dir='ltr'>ocio</span> <span class='ocrx_word' id='word_1_361' title='bbox 751 2867 1007 2933; x_wconf 84' lang='lat' dir='ltr'>gignuntur</span> <span class='ocrx_word' id='word_1_362' title='bbox 1038 2883 1133 2918; x_wconf 87' lang='lat' dir='ltr'>non</span> <span class='ocrx_word' id='word_1_363' title='bbox 1163 2868 1345 2917; x_wconf 85' lang='lat' dir='ltr'>modice</span> <span class='ocrx_word' id='word_1_364' title='bbox 1370 2866 1593 2915; x_wconf 86' lang='lat' dir='ltr'>roborari.</span> <span class='ocrx_word' id='word_1_365' title='bbox 1661 2869 1803 2917; x_wconf 87' lang='lat' dir='ltr'>Hunc</span> <span class='ocrx_word' id='word_1_366' title='bbox 1824 2868 1946 2916; x_wconf 86' lang='lat' dir='ltr'>fama</span> <span class='ocrx_word' id='word_1_367' title='bbox 1966 2872 2027 2918; x_wconf 87' lang='lat' dir='ltr'>est</span> 
     </span>
     <span class='ocr_line' id='line_1_43' title="bbox 256 2931 2027 3001; baseline -0.002 -17"><span class='ocrx_word' id='word_1_368' title='bbox 256 2940 382 3001; x_wconf 80' lang='lat' dir='ltr'>leges</span> <span class='ocrx_word' id='word_1_369' title='bbox 413 2934 660 2989; x_wconf 85' lang='lat' dir='ltr'>venaticas,</span> <span class='ocrx_word' id='word_1_370' title='bbox 699 2948 804 2997; x_wconf 82' lang='lat' dir='ltr'>quae</span> <span class='ocrx_word' id='word_1_371' title='bbox 839 2935 962 2996; x_wconf 85' lang='lat' dir='ltr'>apud</span> <span class='ocrx_word' id='word_1_372' title='bbox 988 2933 1155 2997; x_wconf 74' lang='lat' dir='ltr'>priseos</span> <span class='ocrx_word' id='word_1_373' title='bbox 1172 2934 1338 2980; x_wconf 76' lang='lat' dir='ltr'>scotos</span> <span class='ocrx_word' id='word_1_374' title='bbox 1369 2931 1456 2978; x_wconf 86' lang='lat' dir='ltr'>hac</span> <span class='ocrx_word' id='word_1_375' title='bbox 1487 2943 1619 2979; x_wconf 73' lang='lat' dir='ltr'>zetate</span> <span class='ocrx_word' id='word_1_376' title='bbox 1638 2931 1933 2982; x_wconf 78' lang='lat' dir='ltr'>observantur</span> <span class='ocrx_word' id='word_1_377' title='bbox 1955 2944 2027 2981; x_wconf 86' lang='lat' dir='ltr'>tu-</span> 
     </span>
     <span class='ocr_line' id='line_1_44' title="bbox 254 2995 1447 3062; baseline -0.006 -13"><span class='ocrx_word' id='word_1_378' title='bbox 254 3003 366 3049; x_wconf 79' lang='lat' dir='ltr'>liss‘e.</span> <span class='ocrx_word' id='word_1_379' title='bbox 433 2998 632 3049; x_wconf 82' lang='lat' dir='ltr'>Deceffit</span> <span class='ocrx_word' id='word_1_380' title='bbox 651 2998 813 3046; x_wconf 65' lang='lat' dir='ltr'>octavo</span> <span class='ocrx_word' id='word_1_381' title='bbox 835 3002 876 3044; x_wconf 75' lang='grc' dir='ltr'>δι</span> <span class='ocrx_word' id='word_1_382' title='bbox 904 2997 1122 3046; x_wconf 82' lang='lat' dir='ltr'>vicefimo</span> <span class='ocrx_word' id='word_1_383' title='bbox 1150 2995 1283 3062; x_wconf 87' lang='lat' dir='ltr'>regni</span> <span class='ocrx_word' id='word_1_384' title='bbox 1308 3010 1447 3043; x_wconf 85' lang='lat' dir='ltr'>anno.</span> 
     </span>
    </p>
   </div>
   <div class='ocr_carea' id='block_1_6' title="bbox 986 3076 1283 3129">
    <p class='ocr_par' dir='ltr' id='par_1_7' title="bbox 986 3076 1283 3129">
     <span class='ocr_line' id='line_1_45' title="bbox 986 3076 1283 3129; baseline -0.007 -1"><span class='ocrx_word' id='word_1_385' title='bbox 986 3076 1049 3128; x_wconf 89' lang='lat' dir='ltr'>V.</span> <span class='ocrx_word' id='word_1_386' title='bbox 1098 3079 1283 3129; x_wconf 88' lang='lat' dir='ltr'><strong>REX.</strong></span> 
     </span>
    </p>
   </div>
   <div class='ocr_carea' id='block_1_7' title="bbox 256 3151 2074 3475">
    <p class='ocr_par' dir='ltr' id='par_1_8' title="bbox 256 3151 2074 3475">
     <span class='ocr_line' id='line_1_46' title="bbox 322 3151 2074 3221; baseline 0.002 -18"><span class='ocrx_word' id='word_1_387' title='bbox 322 3153 409 3204; x_wconf 87' lang='lat' dir='ltr'>IX.</span> <span class='ocrx_word' id='word_1_388' title='bbox 435 3151 493 3202; x_wconf 89' lang='lat' dir='ltr'>N</span> <span class='ocrx_word' id='word_1_389' title='bbox 501 3152 912 3204; x_wconf 86' lang='lat' dir='ltr'>OTHATUM</span> <span class='ocrx_word' id='word_1_390' title='bbox 945 3154 1042 3218; x_wconf 87' lang='lat' dir='ltr'>ejus</span> <span class='ocrx_word' id='word_1_391' title='bbox 1065 3154 1249 3202; x_wconf 86' lang='lat' dir='ltr'>fratrem</span> <span class='ocrx_word' id='word_1_392' title='bbox 1305 3155 1471 3218; x_wconf 88' lang='lat' dir='ltr'>opulus</span> <span class='ocrx_word' id='word_1_393' title='bbox 1492 3169 1682 3221; x_wconf 85' lang='lat' dir='ltr'>regnare</span> <span class='ocrx_word' id='word_1_394' title='bbox 1701 3153 1841 3217; x_wconf 84' lang='lat' dir='ltr'>juffit,</span> <span class='ocrx_word' id='word_1_395' title='bbox 1862 3154 2032 3209; x_wconf 65' lang='lat' dir='ltr'>imma·</span> <span class='ocrx_word' id='word_1_396' title='bbox 2065 3177 2074 3184; x_wconf 59' lang='lat'>²</span> 
     </span>
     <span class='ocr_line' id='line_1_47' title="bbox 260 3171 2030 3287; baseline 0.002 -20"><span class='ocrx_word' id='word_1_397' title='bbox 260 3226 364 3267; x_wconf 77' lang='lat' dir='ltr'>turo</span> <span class='ocrx_word' id='word_1_398' title='bbox 379 3217 530 3266; x_wconf 85' lang='lat' dir='ltr'>adhuc</span> <span class='ocrx_word' id='word_1_399' title='bbox 545 3220 603 3267; x_wconf 88' lang='lat' dir='ltr'>ad</span> <span class='ocrx_word' id='word_1_400' title='bbox 619 3219 1122 3285; x_wconf 87' lang='lat' dir='ltr'>regendumReuthero</span> <span class='ocrx_word' id='word_1_401' title='bbox 1137 3219 1228 3280; x_wconf 81' lang='lat' dir='ltr'>ejus</span> <span class='ocrx_word' id='word_1_402' title='bbox 1253 3171 1363 3268; x_wconf 46' lang='lat' dir='ltr'>fiilia</span> <span class='ocrx_word' id='word_1_403' title='bbox 1384 3218 1690 3287; x_wconf 86' lang='lat' dir='ltr'>Isimperium</span> <span class='ocrx_word' id='word_1_404' title='bbox 1705 3220 1836 3283; x_wconf 87' lang='lat' dir='ltr'>quod</span> <span class='ocrx_word' id='word_1_405' title='bbox 1850 3220 1906 3284; x_wconf 81' lang='lat' dir='ltr'>ad</span> <span class='ocrx_word' id='word_1_406' title='bbox 1921 3237 2030 3271; x_wconf 83' lang='lat' dir='ltr'>eum</span> 
     </span>
     <span class='ocr_line' id='line_1_48' title="bbox 261 3282 2030 3349; baseline 0 -17"><span class='ocrx_word' id='word_1_407' title='bbox 261 3282 387 3332; x_wconf 86' lang='lat' dir='ltr'>diem</span> <span class='ocrx_word' id='word_1_408' title='bbox 403 3282 550 3329; x_wconf 89' lang='lat' dir='ltr'>fuerat</span> <span class='ocrx_word' id='word_1_409' title='bbox 564 3285 921 3339; x_wconf 85' lang='lat' dir='ltr'>moderatum,&amp;</span> <span class='ocrx_word' id='word_1_410' title='bbox 937 3282 1194 3348; x_wconf 87' lang='lat' dir='ltr'>(2)legitim</span> <span class='ocrx_word' id='word_1_411' title='bbox 1201 3299 1277 3330; x_wconf 89' lang='lat' dir='ltr'>um</span> <span class='ocrx_word' id='word_1_412' title='bbox 1291 3282 1439 3332; x_wconf 81' lang='lat' dir='ltr'>statim</span> <span class='ocrx_word' id='word_1_413' title='bbox 1452 3282 1504 3332; x_wconf 90' lang='lat' dir='ltr'>in</span> <span class='ocrx_word' id='word_1_414' title='bbox 1517 3283 1761 3349; x_wconf 82' lang='lat' dir='ltr'>superbam</span> <span class='ocrx_word' id='word_1_415' title='bbox 1778 3282 2030 3342; x_wconf 69' lang='lat' dir='ltr'>dominati-3·</span> 
     </span>
     <span class='ocr_line' id='line_1_49' title="bbox 256 3345 2041 3413; baseline 0 -17"><span class='ocrx_word' id='word_1_416' title='bbox 256 3359 399 3396; x_wconf 82' lang='lat' dir='ltr'>onem</span> <span class='ocrx_word' id='word_1_417' title='bbox 421 3347 645 3394; x_wconf 91' lang='lat' dir='ltr'>convertit</span> <span class='ocrx_word' id='word_1_418' title='bbox 665 3367 677 3395; x_wconf 73' lang='grc' dir='ltr'>ι</span> <span class='ocrx_word' id='word_1_419' title='bbox 712 3348 922 3412; x_wconf 88' lang='lat' dir='ltr'>civesque</span> <span class='ocrx_word' id='word_1_420' title='bbox 952 3349 1105 3412; x_wconf 83' lang='lat' dir='ltr'>paffim</span> <span class='ocrx_word' id='word_1_421' title='bbox 1118 3349 1254 3412; x_wconf 86' lang='lat' dir='ltr'>juxta</span> <span class='ocrx_word' id='word_1_422' title='bbox 1273 3348 1490 3404; x_wconf 76' lang='lat' dir='ltr'>summos,</span> <span class='ocrx_word' id='word_1_423' title='bbox 1512 3349 1565 3401; x_wconf 71' lang='lat' dir='ltr'>Bt</span> <span class='ocrx_word' id='word_1_424' title='bbox 1584 3347 1766 3394; x_wconf 83' lang='lat' dir='ltr'>infimos</span> <span class='ocrx_word' id='word_1_425' title='bbox 1785 3345 1916 3395; x_wconf 86' lang='lat' dir='ltr'>velut</span> <span class='ocrx_word' id='word_1_426' title='bbox 1936 3364 2041 3413; x_wconf 50' lang='lat' dir='ltr'>non,</span> 
     </span>
     <span class='ocr_line' id='line_1_50' title="bbox 260 3410 2030 3475; baseline 0.001 -16"><span class='ocrx_word' id='word_1_427' title='bbox 260 3411 311 3459; x_wconf 86' lang='lat' dir='ltr'>in</span> <span class='ocrx_word' id='word_1_428' title='bbox 331 3410 538 3465; x_wconf 86' lang='lat' dir='ltr'>tutelam,</span> <span class='ocrx_word' id='word_1_429' title='bbox 562 3410 637 3458; x_wconf 89' lang='lat' dir='ltr'>sed</span> <span class='ocrx_word' id='word_1_430' title='bbox 657 3413 861 3475; x_wconf 76' lang='lat' dir='ltr'>praedam</span> <span class='ocrx_word' id='word_1_431' title='bbox 884 3413 963 3462; x_wconf 83' lang='lat' dir='ltr'>fibi</span> <span class='ocrx_word' id='word_1_432' title='bbox 986 3414 1116 3463; x_wconf 86' lang='lat' dir='ltr'>datos</span> <span class='ocrx_word' id='word_1_433' title='bbox 1132 3411 1407 3462; x_wconf 85' lang='lat' dir='ltr'>multatione</span> <span class='ocrx_word' id='word_1_434' title='bbox 1426 3412 1673 3475; x_wconf 75' lang='lat' dir='ltr'>bonorum,</span> <span class='ocrx_word' id='word_1_435' title='bbox 1690 3410 1851 3469; x_wconf 86' lang='lat' dir='ltr'>exilio,</span> <span class='ocrx_word' id='word_1_436' title='bbox 1864 3426 2030 3468; x_wconf 83' lang='lat' dir='ltr'>morte.</span> 
     </span>
    </p>
   </div>
   <div class='ocr_carea' id='block_1_8' title="bbox 252 3542 2049 3714">
    <p class='ocr_par' dir='ltr' id='par_1_9' title="bbox 252 3542 2049 3714">
     <span class='ocr_line' id='line_1_51' title="bbox 252 3542 1991 3655; baseline -0.006 -46"><span class='ocrx_word' id='word_1_437' title='bbox 252 3555 382 3655; x_wconf 37' lang='lat' dir='ltr'>tha)</span> <span class='ocrx_word' id='word_1_438' title='bbox 414 3556 597 3601; x_wconf 69' lang='lat' dir='ltr'>lntrusted</span> <span class='ocrx_word' id='word_1_439' title='bbox 615 3565 654 3601; x_wconf 79' lang='lat' dir='ltr'>to</span> <span class='ocrx_word' id='word_1_440' title='bbox 671 3557 756 3602; x_wconf 78' lang='lat' dir='ltr'>him</span> <span class='ocrx_word' id='word_1_441' title='bbox 775 3570 814 3602; x_wconf 85' lang='lat' dir='ltr'>to</span> <span class='ocrx_word' id='word_1_442' title='bbox 830 3563 926 3615; x_wconf 85' lang='lat' dir='ltr'>keep</span> <span class='ocrx_word' id='word_1_443' title='bbox 945 3565 1003 3605; x_wconf 84' lang='lat' dir='ltr'>for</span> <span class='ocrx_word' id='word_1_444' title='bbox 1020 3575 1113 3606; x_wconf 77' lang='lat' dir='ltr'>ano·</span> <span class='ocrx_word' id='word_1_445' title='bbox 1241 3565 1305 3619; x_wconf 68' lang='grc' dir='ltr'>(ι)</span> <span class='ocrx_word' id='word_1_446' title='bbox 1335 3563 1443 3625; x_wconf 77' lang='lat' dir='ltr'>That</span> <span class='ocrx_word' id='word_1_447' title='bbox 1457 3542 1612 3616; x_wconf 71' lang='lat' dir='ltr'>g&#39;overns</span> <span class='ocrx_word' id='word_1_448' title='bbox 1629 3561 1823 3614; x_wconf 73' lang='lat' dir='ltr'>according</span> <span class='ocrx_word' id='word_1_449' title='bbox 1838 3570 1879 3602; x_wconf 87' lang='lat' dir='ltr'>to</span> <span class='ocrx_word' id='word_1_450' title='bbox 1892 3550 1991 3600; x_wconf 73' lang='lat' dir='ltr'>law.&#39;</span> 
     </span>
     <span class='ocr_line' id='line_1_52' title="bbox 1910 3658 2049 3714; baseline -0.014 -1"><span class='ocrx_word' id='word_1_451' title='bbox 1910 3658 2049 3714; x_wconf 72' lang='lat' dir='ltr'>omni</span> 
     </span>
    </p>
   </div>
  </div>
 </body>
</html>
