<?xml version="1.0" encoding="UTF-8"?>
<!DOCTYPE html PUBLIC "-//W3C//DTD XHTML 1.0 Transitional//EN"
    "http://www.w3.org/TR/xhtml1/DTD/xhtml1-transitional.dtd">
<html xmlns="http://www.w3.org/1999/xhtml" xml:lang="en" lang="en">
 <head>
  <title>
</title>
<meta http-equiv="Content-Type" content="text/html;charset=utf-8" />
  <meta name='ocr-system' content='tesseract 3.04.00' />
  <meta name='ocr-capabilities' content='ocr_page ocr_carea ocr_par ocr_line ocrx_word'/>
</head>
<body>
  <div class='ocr_page' id='page_1' title='image "./rerumscoticarumh00buch_0447.png"; bbox 0 0 2006 3858; ppageno 0'>
   <div class='ocr_carea' id='block_1_1' title="bbox 8 186 1869 3059">
    <p class='ocr_par' dir='ltr' id='par_1_1' title="bbox 8 186 1869 3059">
     <span class='ocr_line' id='line_1_1' title="bbox 313 186 1833 270; baseline -0.001 -17"><span class='ocrx_word' id='word_1_1' title='bbox 313 188 608 254; x_wconf 63' lang='lat' dir='ltr'>Lisai&lt;</span> <span class='ocrx_word' id='word_1_2' title='bbox 701 186 1591 261; x_wconf 66' lang='lat' dir='ltr'>DEcmusquN‘rvs·</span> <span class='ocrx_word' id='word_1_3' title='bbox 1708 190 1833 270; x_wconf 66' lang='lat'>431</span> 
     </span>
     <span class='ocr_line' id='line_1_2' title="bbox 70 278 1850 347; baseline 0 -11"><span class='ocrx_word' id='word_1_4' title='bbox 70 278 249 342; x_wconf 51' lang='lat' dir='ltr'>&#39;&#39;literiQ</span> <span class='ocrx_word' id='word_1_5' title='bbox 272 290 322 337; x_wconf 72' lang='grc' dir='ltr'>ὃς</span> <span class='ocrx_word' id='word_1_6' title='bbox 343 286 519 333; x_wconf 87' lang='lat' dir='ltr'>nunciis</span> <span class='ocrx_word' id='word_1_7' title='bbox 543 286 725 332; x_wconf 86' lang='lat' dir='ltr'>adversa</span> <span class='ocrx_word' id='word_1_8' title='bbox 741 286 877 333; x_wconf 68' lang='lat' dir='ltr'>factio</span> <span class='ocrx_word' id='word_1_9' title='bbox 898 285 1039 333; x_wconf 85' lang='lat' dir='ltr'>Gallo</span> <span class='ocrx_word' id='word_1_10' title='bbox 1057 285 1344 347; x_wconf 77' lang='lat' dir='ltr'>persuaserat,</span> <span class='ocrx_word' id='word_1_11' title='bbox 1390 293 1424 316; x_wconf 88' lang='lat'><strong>“</strong></span> <span class='ocrx_word' id='word_1_12' title='bbox 1445 301 1585 333; x_wconf 86' lang='lat' dir='ltr'>unum</span> <span class='ocrx_word' id='word_1_13' title='bbox 1603 285 1688 333; x_wconf 77' lang='lat' dir='ltr'>effe</span> <span class='ocrx_word' id='word_1_14' title='bbox 1709 288 1850 336; x_wconf 88' lang='lat' dir='ltr'>Levi-</span> 
     </span>
     <span class='ocr_line' id='line_1_3' title="bbox 86 350 1846 414; baseline 0.001 -16"><span class='ocrx_word' id='word_1_15' title='bbox 86 353 236 406; x_wconf 68' lang='lat' dir='ltr'>nium,</span> <span class='ocrx_word' id='word_1_16' title='bbox 260 350 341 414; x_wconf 85' lang='lat' dir='ltr'>qui</span> <span class='ocrx_word' id='word_1_17' title='bbox 358 351 417 397; x_wconf 90' lang='lat' dir='ltr'>ob</span> <span class='ocrx_word' id='word_1_18' title='bbox 439 362 611 397; x_wconf 78' lang='lat' dir='ltr'>veteres</span> <span class='ocrx_word' id='word_1_19' title='bbox 633 366 738 396; x_wconf 91' lang='lat' dir='ltr'>cum</span> <span class='ocrx_word' id='word_1_20' title='bbox 761 350 957 412; x_wconf 87' lang='lat' dir='ltr'>paternis</span> <span class='ocrx_word' id='word_1_21' title='bbox 977 351 1176 397; x_wconf 86' lang='lat' dir='ltr'>hostibus</span> <span class='ocrx_word' id='word_1_22' title='bbox 1197 350 1461 398; x_wconf 83' lang='lat' dir='ltr'>inimicitias</span> <span class='ocrx_word' id='word_1_23' title='bbox 1483 350 1715 414; x_wconf 86' lang='lat' dir='ltr'>publicam</span> <span class='ocrx_word' id='word_1_24' title='bbox 1736 355 1846 400; x_wconf 87' lang='lat' dir='ltr'>Sco-</span> 
     </span>
     <span class='ocr_line' id='line_1_4' title="bbox 89 413 1852 478; baseline 0.001 -15"><span class='ocrx_word' id='word_1_25' title='bbox 89 429 240 464; x_wconf 81' lang='lat' dir='ltr'>torum</span> <span class='ocrx_word' id='word_1_26' title='bbox 256 413 547 461; x_wconf 86' lang='lat' dir='ltr'>concordiam</span> <span class='ocrx_word' id='word_1_27' title='bbox 566 426 867 461; x_wconf 82' lang='lat' dir='ltr'>remoraretur</span> <span class='ocrx_word' id='word_1_28' title='bbox 886 432 897 459; x_wconf 85' lang='lat'>:</span> <span class='ocrx_word' id='word_1_29' title='bbox 946 431 1050 460; x_wconf 86' lang='lat' dir='ltr'>eum</span> <span class='ocrx_word' id='word_1_30' title='bbox 1072 416 1157 461; x_wconf 87' lang='lat' dir='ltr'>esse</span> <span class='ocrx_word' id='word_1_31' title='bbox 1178 428 1314 477; x_wconf 86' lang='lat' dir='ltr'>caput</span> <span class='ocrx_word' id='word_1_32' title='bbox 1335 415 1540 462; x_wconf 66' lang='lat' dir='ltr'>factionis</span> <span class='ocrx_word' id='word_1_33' title='bbox 1563 416 1749 478; x_wconf 87' lang='lat' dir='ltr'>Proregi</span> <span class='ocrx_word' id='word_1_34' title='bbox 1769 419 1852 465; x_wconf 88' lang='lat' dir='ltr'>ad-</span> 
     </span>
     <span class='ocr_line' id='line_1_5' title="bbox 88 476 1849 545; baseline 0.001 -19"><span class='ocrx_word' id='word_1_35' title='bbox 88 480 320 532; x_wconf 80' lang='lat' dir='ltr'>versantis,</span> <span class='ocrx_word' id='word_1_36' title='bbox 365 484 404 525; x_wconf 70' lang='grc' dir='ltr'>δε</span> <span class='ocrx_word' id='word_1_37' title='bbox 430 476 593 540; x_wconf 86' lang='lat' dir='ltr'>Anglis</span> <span class='ocrx_word' id='word_1_38' title='bbox 616 477 774 523; x_wconf 85' lang='lat' dir='ltr'>amicae</span> <span class='ocrx_word' id='word_1_39' title='bbox 796 496 806 524; x_wconf 93' lang='lat'><strong>:</strong></span> <span class='ocrx_word' id='word_1_40' title='bbox 842 480 891 526; x_wconf 85' lang='lat'>&amp;</span> <span class='ocrx_word' id='word_1_41' title='bbox 927 479 1007 541; x_wconf 79' lang='lat' dir='ltr'>qui</span> <span class='ocrx_word' id='word_1_42' title='bbox 1032 479 1217 540; x_wconf 85' lang='lat' dir='ltr'>privatis</span> <span class='ocrx_word' id='word_1_43' title='bbox 1257 479 1402 545; x_wconf 84' lang='lat' dir='ltr'>magis</span> <span class='ocrx_word' id='word_1_44' title='bbox 1430 479 1689 543; x_wconf 84' lang='lat' dir='ltr'>indulgeret</span> <span class='ocrx_word' id='word_1_45' title='bbox 1710 481 1849 536; x_wconf 87' lang='lat' dir='ltr'>odiis,</span> 
     </span>
     <span class='ocr_line' id='line_1_6' title="bbox 87 541 1850 606; baseline 0.002 -16"><span class='ocrx_word' id='word_1_46' title='bbox 87 561 224 606; x_wconf 80' lang='lat' dir='ltr'>quam</span> <span class='ocrx_word' id='word_1_47' title='bbox 249 542 388 589; x_wconf 82' lang='lat' dir='ltr'>causae</span> <span class='ocrx_word' id='word_1_48' title='bbox 410 542 646 587; x_wconf 83' lang='lat' dir='ltr'>communi</span> <span class='ocrx_word' id='word_1_49' title='bbox 663 541 852 587; x_wconf 83' lang='lat' dir='ltr'>faveret.</span> <span class='ocrx_word' id='word_1_50' title='bbox 898 543 1015 588; x_wconf 84' lang='lat' dir='ltr'>Eum</span> <span class='ocrx_word' id='word_1_51' title='bbox 1039 543 1068 588; x_wconf 83' lang='lat' dir='ltr'>fi</span> <span class='ocrx_word' id='word_1_52' title='bbox 1094 544 1193 589; x_wconf 79' lang='lat' dir='ltr'>Rex</span> <span class='ocrx_word' id='word_1_53' title='bbox 1210 543 1256 590; x_wconf 84' lang='lat' dir='ltr'>in</span> <span class='ocrx_word' id='word_1_54' title='bbox 1282 543 1488 590; x_wconf 70' lang='lat' dir='ltr'>Galliam</span> <span class='ocrx_word' id='word_1_55' title='bbox 1510 545 1757 596; x_wconf 80' lang='lat' dir='ltr'>revocaret,</span> <span class='ocrx_word' id='word_1_56' title='bbox 1777 547 1850 592; x_wconf 86' lang='lat' dir='ltr'>in-</span> 
     </span>
     <span class='ocr_line' id='line_1_7' title="bbox 80 605 1851 667; baseline 0.001 -12"><span class='ocrx_word' id='word_1_57' title='bbox 80 621 157 655; x_wconf 69' lang='lat' dir='ltr'>ter</span> <span class='ocrx_word' id='word_1_58' title='bbox 172 622 358 653; x_wconf 86' lang='lat' dir='ltr'>caeteros</span> <span class='ocrx_word' id='word_1_59' title='bbox 380 605 515 652; x_wconf 82' lang='lat' dir='ltr'>facile</span> <span class='ocrx_word' id='word_1_60' title='bbox 539 621 695 667; x_wconf 83' lang='lat' dir='ltr'>pacem</span> <span class='ocrx_word' id='word_1_61' title='bbox 718 606 992 651; x_wconf 73' lang='lat' dir='ltr'>coituram.’&#39;</span> <span class='ocrx_word' id='word_1_62' title='bbox 1023 607 1142 653; x_wconf 78' lang='lat' dir='ltr'>Haec</span> <span class='ocrx_word' id='word_1_63' title='bbox 1161 623 1267 653; x_wconf 88' lang='lat' dir='ltr'>cum</span> <span class='ocrx_word' id='word_1_64' title='bbox 1290 607 1506 655; x_wconf 85' lang='lat' dir='ltr'>Levinius</span> <span class='ocrx_word' id='word_1_65' title='bbox 1527 609 1584 656; x_wconf 88' lang='lat' dir='ltr'>de</span> <span class='ocrx_word' id='word_1_66' title='bbox 1607 608 1648 655; x_wconf 87' lang='lat' dir='ltr'>se</span> <span class='ocrx_word' id='word_1_67' title='bbox 1682 610 1741 656; x_wconf 84' lang='lat' dir='ltr'>ab</span> <span class='ocrx_word' id='word_1_68' title='bbox 1761 609 1851 657; x_wconf 80' lang='lat' dir='ltr'>ini-</span> 
     </span>
     <span class='ocr_line' id='line_1_8' title="bbox 82 668 1852 735; baseline 0.003 -18"><span class='ocrx_word' id='word_1_69' title='bbox 82 671 220 718; x_wconf 79' lang='lat' dir='ltr'>micis</span> <span class='ocrx_word' id='word_1_70' title='bbox 244 672 299 717; x_wconf 89' lang='lat' dir='ltr'>ad</span> <span class='ocrx_word' id='word_1_71' title='bbox 322 672 498 732; x_wconf 83' lang='lat' dir='ltr'>Regem</span> <span class='ocrx_word' id='word_1_72' title='bbox 520 670 671 716; x_wconf 84' lang='lat' dir='ltr'>delata</span> <span class='ocrx_word' id='word_1_73' title='bbox 682 686 738 716; x_wconf 87' lang='lat' dir='ltr'>ex</span> <span class='ocrx_word' id='word_1_74' title='bbox 756 668 913 716; x_wconf 87' lang='lat' dir='ltr'>amicis</span> <span class='ocrx_word' id='word_1_75' title='bbox 931 669 1136 723; x_wconf 65' lang='lat' dir='ltr'>rescisset,</span> <span class='ocrx_word' id='word_1_76' title='bbox 1159 671 1336 733; x_wconf 76' lang='lat' dir='ltr'>scripsit</span> <span class='ocrx_word' id='word_1_77' title='bbox 1357 685 1402 718; x_wconf 86' lang='lat' dir='ltr'>et</span> <span class='ocrx_word' id='word_1_78' title='bbox 1443 672 1535 735; x_wconf 85' lang='lat' dir='ltr'>ipse</span> <span class='ocrx_word' id='word_1_79' title='bbox 1558 673 1615 720; x_wconf 86' lang='lat' dir='ltr'>ad</span> <span class='ocrx_word' id='word_1_80' title='bbox 1633 674 1852 731; x_wconf 80' lang='lat' dir='ltr'>eundem.</span> 
     </span>
     <span class='ocr_line' id='line_1_9' title="bbox 27 734 1850 798; baseline 0.003 -17"><span class='ocrx_word' id='word_1_81' title='bbox 27 757 31 760; x_wconf 49' lang='grc'>&gt;</span> <span class='ocrx_word' id='word_1_82' title='bbox 89 744 137 766; x_wconf 81' lang='lat'>“·</span> <span class='ocrx_word' id='word_1_83' title='bbox 157 752 249 798; x_wconf 88' lang='lat' dir='ltr'>quo</span> <span class='ocrx_word' id='word_1_84' title='bbox 270 735 319 781; x_wconf 83' lang='lat' dir='ltr'>in</span> <span class='ocrx_word' id='word_1_85' title='bbox 335 737 444 781; x_wconf 81' lang='lat' dir='ltr'>statu</span> <span class='ocrx_word' id='word_1_86' title='bbox 468 750 560 780; x_wconf 89' lang='lat' dir='ltr'>rem</span> <span class='ocrx_word' id='word_1_87' title='bbox 586 734 813 780; x_wconf 71' lang='lat' dir='ltr'>Senticam</span> <span class='ocrx_word' id='word_1_88' title='bbox 852 734 1134 795; x_wconf 72' lang='lat' dir='ltr'>comperisset</span> <span class='ocrx_word' id='word_1_89' title='bbox 1158 754 1169 781; x_wconf 75' lang='grc' dir='ltr'>ε</span> <span class='ocrx_word' id='word_1_90' title='bbox 1196 743 1374 798; x_wconf 68' lang='lat' dir='ltr'>&#39;quanto</span> <span class='ocrx_word' id='word_1_91' title='bbox 1390 736 1486 792; x_wconf 86' lang='lat' dir='ltr'>suo,</span> <span class='ocrx_word' id='word_1_92' title='bbox 1510 741 1561 788; x_wconf 68' lang='grc' dir='ltr'>ὃς</span> <span class='ocrx_word' id='word_1_93' title='bbox 1598 738 1850 788; x_wconf 75' lang='lat' dir='ltr'>amicorum</span> 
     </span>
     <span class='ocr_line' id='line_1_10' title="bbox 89 797 1853 867; baseline 0.002 -21"><span class='ocrx_word' id='word_1_94' title='bbox 89 799 244 846; x_wconf 76' lang='lat' dir='ltr'>labore</span> <span class='ocrx_word' id='word_1_95' title='bbox 262 800 483 861; x_wconf 76' lang='lat' dir='ltr'>utramque</span> <span class='ocrx_word' id='word_1_96' title='bbox 507 798 736 861; x_wconf 83' lang='lat' dir='ltr'>Reginam</span> <span class='ocrx_word' id='word_1_97' title='bbox 759 797 1023 845; x_wconf 67' lang='lat' dir='ltr'>vindicasset</span> <span class='ocrx_word' id='word_1_98' title='bbox 1043 798 1089 845; x_wconf 89' lang='lat' dir='ltr'>in</span> <span class='ocrx_word' id='word_1_99' title='bbox 1114 799 1388 855; x_wconf 81' lang='lat' dir='ltr'>libertatem,</span> <span class='ocrx_word' id='word_1_100' title='bbox 1412 801 1573 863; x_wconf 84' lang='lat' dir='ltr'>easque</span> <span class='ocrx_word' id='word_1_101' title='bbox 1595 819 1743 850; x_wconf 89' lang='lat' dir='ltr'>rerum</span> <span class='ocrx_word' id='word_1_102' title='bbox 1767 820 1853 867; x_wconf 85' lang='lat' dir='ltr'>po-</span> 
     </span>
     <span class='ocr_line' id='line_1_11' title="bbox 79 862 1855 928; baseline -0.001 -17"><span class='ocrx_word' id='word_1_103' title='bbox 79 876 234 911; x_wconf 73' lang='lat' dir='ltr'>·&#39;tentes</span> <span class='ocrx_word' id='word_1_104' title='bbox 253 864 418 909; x_wconf 72' lang='lat' dir='ltr'>fecisset</span> <span class='ocrx_word' id='word_1_105' title='bbox 436 862 577 909; x_wconf 59' lang='lat' dir='ltr'>fraita</span> <span class='ocrx_word' id='word_1_106' title='bbox 591 862 788 918; x_wconf 85' lang='lat' dir='ltr'>partium</span> <span class='ocrx_word' id='word_1_107' title='bbox 806 862 1088 910; x_wconf 80' lang='lat' dir='ltr'>adversarum</span> <span class='ocrx_word' id='word_1_108' title='bbox 1108 864 1330 925; x_wconf 86' lang='lat' dir='ltr'>potentia,</span> <span class='ocrx_word' id='word_1_109' title='bbox 1351 880 1487 928; x_wconf 87' lang='lat' dir='ltr'>atque</span> <span class='ocrx_word' id='word_1_110' title='bbox 1511 866 1535 912; x_wconf 81' lang='grc' dir='ltr'>ὲ</span> <span class='ocrx_word' id='word_1_111' title='bbox 1559 868 1855 917; x_wconf 80' lang='lat' dir='ltr'>turbulentis.</span> 
     </span>
     <span class='ocr_line' id='line_1_12' title="bbox 84 927 1855 991; baseline 0.003 -16"><span class='ocrx_word' id='word_1_112' title='bbox 84 929 197 975; x_wconf 79' lang='lat' dir='ltr'>sima</span> <span class='ocrx_word' id='word_1_113' title='bbox 218 929 478 990; x_wconf 76' lang='lat' dir='ltr'>tempestate</span> <span class='ocrx_word' id='word_1_114' title='bbox 496 943 590 973; x_wconf 87' lang='lat' dir='ltr'>rem</span> <span class='ocrx_word' id='word_1_115' title='bbox 611 928 659 974; x_wconf 92' lang='lat' dir='ltr'>in</span> <span class='ocrx_word' id='word_1_116' title='bbox 677 927 899 973; x_wconf 87' lang='lat' dir='ltr'>summam</span> <span class='ocrx_word' id='word_1_117' title='bbox 920 928 1299 991; x_wconf 75' lang='lat' dir='ltr'>tranquillitatem</span> <span class='ocrx_word' id='word_1_118' title='bbox 1316 929 1581 977; x_wconf 76' lang='lat' dir='ltr'>restituisset.</span> <span class='ocrx_word' id='word_1_119' title='bbox 1649 932 1753 980; x_wconf 88' lang='lat' dir='ltr'>Nec</span> <span class='ocrx_word' id='word_1_120' title='bbox 1772 933 1855 981; x_wconf 82' lang='lat' dir='ltr'>fibi</span> 
     </span>
     <span class='ocr_line' id='line_1_13' title="bbox 53 991 1854 1059; baseline 0.003 -20"><span class='ocrx_word' id='word_1_121' title='bbox 53 1008 57 1011; x_wconf 54' lang='lat'>*</span> <span class='ocrx_word' id='word_1_122' title='bbox 78 992 336 1056; x_wconf 65' lang='lat' dir='ltr'>*quicquam</span> <span class='ocrx_word' id='word_1_123' title='bbox 360 992 455 1038; x_wconf 84' lang='lat' dir='ltr'>sore</span> <span class='ocrx_word' id='word_1_124' title='bbox 473 991 661 1054; x_wconf 83' lang='lat' dir='ltr'>gratius,</span> <span class='ocrx_word' id='word_1_125' title='bbox 685 1008 823 1054; x_wconf 86' lang='lat' dir='ltr'>quam</span> <span class='ocrx_word' id='word_1_126' title='bbox 846 992 894 1038; x_wconf 88' lang='lat' dir='ltr'>in</span> <span class='ocrx_word' id='word_1_127' title='bbox 913 992 1135 1047; x_wconf 83' lang='lat' dir='ltr'>Galliam,</span> <span class='ocrx_word' id='word_1_128' title='bbox 1159 992 1206 1040; x_wconf 90' lang='lat' dir='ltr'>in</span> <span class='ocrx_word' id='word_1_129' title='bbox 1229 1005 1321 1056; x_wconf 87' lang='lat' dir='ltr'>qua</span> <span class='ocrx_word' id='word_1_130' title='bbox 1337 1009 1481 1056; x_wconf 87' lang='lat' dir='ltr'>prope</span> <span class='ocrx_word' id='word_1_131' title='bbox 1502 994 1691 1051; x_wconf 86' lang='lat' dir='ltr'>diutius,</span> <span class='ocrx_word' id='word_1_132' title='bbox 1714 1013 1854 1059; x_wconf 85' lang='lat' dir='ltr'>quam</span> 
     </span>
     <span class='ocr_line' id='line_1_14' title="bbox 85 1055 1857 1120; baseline 0.003 -16"><span class='ocrx_word' id='word_1_133' title='bbox 85 1057 135 1104; x_wconf 81' lang='lat' dir='ltr'>in</span> <span class='ocrx_word' id='word_1_134' title='bbox 155 1057 305 1104; x_wconf 86' lang='lat' dir='ltr'>Scotia</span> <span class='ocrx_word' id='word_1_135' title='bbox 326 1056 518 1112; x_wconf 79' lang='lat' dir='ltr'>vixisset,</span> <span class='ocrx_word' id='word_1_136' title='bbox 541 1057 707 1110; x_wconf 87' lang='lat' dir='ltr'>redire,</span> <span class='ocrx_word' id='word_1_137' title='bbox 731 1055 1064 1120; x_wconf 85' lang='lat' dir='ltr'>hominumque</span> <span class='ocrx_word' id='word_1_138' title='bbox 1084 1058 1438 1105; x_wconf 80' lang='lat' dir='ltr'>chariffimorum</span> <span class='ocrx_word' id='word_1_139' title='bbox 1479 1058 1724 1108; x_wconf 86' lang='lat' dir='ltr'>suavissima</span> <span class='ocrx_word' id='word_1_140' title='bbox 1743 1077 1857 1110; x_wconf 84' lang='lat' dir='ltr'>con·</span> 
     </span>
     <span class='ocr_line' id='line_1_15' title="bbox 80 1120 1857 1187; baseline 0.002 -17"><span class='ocrx_word' id='word_1_141' title='bbox 80 1122 324 1171; x_wconf 62' lang='lat' dir='ltr'>‘suetudine</span> <span class='ocrx_word' id='word_1_142' title='bbox 346 1121 451 1167; x_wconf 89' lang='lat' dir='ltr'>frui.</span> <span class='ocrx_word' id='word_1_143' title='bbox 517 1122 693 1168; x_wconf 86' lang='lat' dir='ltr'>Verum</span> <span class='ocrx_word' id='word_1_144' title='bbox 716 1120 758 1167; x_wconf 89' lang='lat' dir='ltr'>se</span> <span class='ocrx_word' id='word_1_145' title='bbox 778 1137 867 1168; x_wconf 90' lang='lat' dir='ltr'>non</span> <span class='ocrx_word' id='word_1_146' title='bbox 886 1122 961 1168; x_wconf 91' lang='lat' dir='ltr'>sua</span> <span class='ocrx_word' id='word_1_147' title='bbox 982 1122 1157 1184; x_wconf 89' lang='lat' dir='ltr'>sponte,</span> <span class='ocrx_word' id='word_1_148' title='bbox 1182 1121 1255 1168; x_wconf 87' lang='lat' dir='ltr'>sed</span> <span class='ocrx_word' id='word_1_149' title='bbox 1279 1122 1419 1185; x_wconf 87' lang='lat' dir='ltr'>Regis</span> <span class='ocrx_word' id='word_1_150' title='bbox 1443 1123 1570 1170; x_wconf 82' lang='lat' dir='ltr'>missu</span> <span class='ocrx_word' id='word_1_151' title='bbox 1591 1123 1636 1170; x_wconf 87' lang='lat' dir='ltr'>in</span> <span class='ocrx_word' id='word_1_152' title='bbox 1661 1125 1857 1187; x_wconf 84' lang='lat' dir='ltr'>patriam</span> 
     </span>
     <span class='ocr_line' id='line_1_16' title="bbox 88 1185 1860 1253; baseline 0.001 -21"><span class='ocrx_word' id='word_1_153' title='bbox 88 1186 330 1240; x_wconf 80' lang='lat' dir='ltr'>reversum,</span> <span class='ocrx_word' id='word_1_154' title='bbox 351 1202 433 1232; x_wconf 89' lang='lat' dir='ltr'>nec</span> <span class='ocrx_word' id='word_1_155' title='bbox 453 1185 702 1248; x_wconf 85' lang='lat' dir='ltr'>quicquam</span> <span class='ocrx_word' id='word_1_156' title='bbox 724 1186 791 1233; x_wconf 87' lang='lat' dir='ltr'>ibi</span> <span class='ocrx_word' id='word_1_157' title='bbox 808 1186 989 1248; x_wconf 82' lang='lat' dir='ltr'>geslisse,</span> <span class='ocrx_word' id='word_1_158' title='bbox 1008 1187 1137 1247; x_wconf 83' lang='lat' dir='ltr'>cujus</span> <span class='ocrx_word' id='word_1_159' title='bbox 1170 1198 1249 1232; x_wconf 85' lang='lat' dir='ltr'>aut</span> <span class='ocrx_word' id='word_1_160' title='bbox 1269 1185 1434 1247; x_wconf 88' lang='lat' dir='ltr'>ipsum,</span> <span class='ocrx_word' id='word_1_161' title='bbox 1457 1199 1535 1234; x_wconf 91' lang='lat' dir='ltr'>aut</span> <span class='ocrx_word' id='word_1_162' title='bbox 1559 1189 1735 1252; x_wconf 79' lang='lat' dir='ltr'>Regem</span> <span class='ocrx_word' id='word_1_163' title='bbox 1759 1208 1860 1253; x_wconf 81' lang='lat' dir='ltr'>poe.</span> 
     </span>
     <span class='ocr_line' id='line_1_17' title="bbox 82 1250 1864 1313; baseline 0 -13"><span class='ocrx_word' id='word_1_164' title='bbox 82 1253 233 1300; x_wconf 78' lang='lat' dir='ltr'>&#39;nitere</span> <span class='ocrx_word' id='word_1_165' title='bbox 255 1251 434 1297; x_wconf 80' lang='lat' dir='ltr'>debeat.</span> <span class='ocrx_word' id='word_1_166' title='bbox 471 1252 611 1311; x_wconf 74' lang='lat' dir='ltr'>Qod</span> <span class='ocrx_word' id='word_1_167' title='bbox 637 1251 667 1297; x_wconf 87' lang='lat' dir='ltr'>fi</span> <span class='ocrx_word' id='word_1_168' title='bbox 690 1250 843 1298; x_wconf 83' lang='lat' dir='ltr'>favore</span> <span class='ocrx_word' id='word_1_169' title='bbox 863 1251 1050 1313; x_wconf 88' lang='lat' dir='ltr'>pristino</span> <span class='ocrx_word' id='word_1_170' title='bbox 1073 1266 1162 1296; x_wconf 85' lang='lat' dir='ltr'>non</span> <span class='ocrx_word' id='word_1_171' title='bbox 1187 1250 1466 1306; x_wconf 84' lang='lat' dir='ltr'>destituatur,</span> <span class='ocrx_word' id='word_1_172' title='bbox 1490 1251 1532 1298; x_wconf 91' lang='lat' dir='ltr'>se</span> <span class='ocrx_word' id='word_1_173' title='bbox 1555 1251 1680 1299; x_wconf 82' lang='lat' dir='ltr'>brevi</span> <span class='ocrx_word' id='word_1_174' title='bbox 1711 1253 1864 1302; x_wconf 69' lang='lat' dir='ltr'>factu.</span> 
     </span>
     <span class='ocr_line' id='line_1_18' title="bbox 87 1314 1854 1380; baseline 0.004 -20"><span class='ocrx_word' id='word_1_175' title='bbox 87 1335 210 1372; x_wconf 74' lang='lat' dir='ltr'>rum,</span> <span class='ocrx_word' id='word_1_176' title='bbox 236 1327 284 1361; x_wconf 92' lang='lat' dir='ltr'>ut</span> <span class='ocrx_word' id='word_1_177' title='bbox 306 1331 397 1360; x_wconf 89' lang='lat' dir='ltr'>non</span> <span class='ocrx_word' id='word_1_178' title='bbox 422 1315 560 1361; x_wconf 88' lang='lat' dir='ltr'>modo</span> <span class='ocrx_word' id='word_1_179' title='bbox 583 1314 705 1377; x_wconf 87' lang='lat' dir='ltr'>spem</span> <span class='ocrx_word' id='word_1_180' title='bbox 728 1315 784 1362; x_wconf 89' lang='lat' dir='ltr'>de</span> <span class='ocrx_word' id='word_1_181' title='bbox 806 1315 847 1361; x_wconf 92' lang='lat' dir='ltr'>se</span> <span class='ocrx_word' id='word_1_182' title='bbox 869 1328 1139 1377; x_wconf 79' lang='lat' dir='ltr'>conceptam</span> <span class='ocrx_word' id='word_1_183' title='bbox 1163 1327 1329 1377; x_wconf 75' lang='lat' dir='ltr'>aequet,</span> <span class='ocrx_word' id='word_1_184' title='bbox 1369 1314 1442 1362; x_wconf 88' lang='lat' dir='ltr'>sed</span> <span class='ocrx_word' id='word_1_185' title='bbox 1463 1316 1603 1363; x_wconf 87' lang='lat' dir='ltr'>etiam</span> <span class='ocrx_word' id='word_1_186' title='bbox 1642 1316 1819 1380; x_wconf 87' lang='lat' dir='ltr'>superet</span> <span class='ocrx_word' id='word_1_187' title='bbox 1839 1336 1854 1368; x_wconf 71' lang='grc' dir='ltr'><em>τ</em></span> 
     </span>
     <span class='ocr_line' id='line_1_19' title="bbox 90 1379 1859 1443; baseline 0.002 -15"><span class='ocrx_word' id='word_1_188' title='bbox 90 1383 154 1430; x_wconf 75' lang='lat' dir='ltr'>sm</span> <span class='ocrx_word' id='word_1_189' title='bbox 177 1384 224 1430; x_wconf 86' lang='lat' dir='ltr'>in</span> <span class='ocrx_word' id='word_1_190' title='bbox 249 1379 401 1425; x_wconf 88' lang='lat' dir='ltr'>medio</span> <span class='ocrx_word' id='word_1_191' title='bbox 419 1395 568 1425; x_wconf 89' lang='lat' dir='ltr'>rerum</span> <span class='ocrx_word' id='word_1_192' title='bbox 584 1379 714 1425; x_wconf 84' lang='lat' dir='ltr'>cursu</span> <span class='ocrx_word' id='word_1_193' title='bbox 733 1395 855 1426; x_wconf 89' lang='lat' dir='ltr'>nunc</span> <span class='ocrx_word' id='word_1_194' title='bbox 875 1391 1130 1434; x_wconf 72' lang='lat' dir='ltr'>revocetur,</span> <span class='ocrx_word' id='word_1_195' title='bbox 1154 1395 1246 1426; x_wconf 85' lang='lat' dir='ltr'>non</span> <span class='ocrx_word' id='word_1_196' title='bbox 1265 1379 1408 1426; x_wconf 87' lang='lat' dir='ltr'>solum</span> <span class='ocrx_word' id='word_1_197' title='bbox 1427 1397 1496 1426; x_wconf 88' lang='lat' dir='ltr'>res</span> <span class='ocrx_word' id='word_1_198' title='bbox 1534 1382 1748 1443; x_wconf 82' lang='lat' dir='ltr'>praeclare</span> <span class='ocrx_word' id='word_1_199' title='bbox 1784 1384 1859 1431; x_wconf 78' lang='lat' dir='ltr'>in·</span> 
     </span>
     <span class='ocr_line' id='line_1_20' title="bbox 91 1443 1858 1507; baseline 0.002 -15"><span class='ocrx_word' id='word_1_200' title='bbox 91 1448 273 1493; x_wconf 80' lang='lat' dir='ltr'>choatas</span> <span class='ocrx_word' id='word_1_201' title='bbox 294 1443 335 1490; x_wconf 83' lang='lat' dir='ltr'>se</span> <span class='ocrx_word' id='word_1_202' title='bbox 347 1444 609 1493; x_wconf 61' lang='lat' dir='ltr'>relusturum</span> <span class='ocrx_word' id='word_1_203' title='bbox 632 1443 937 1506; x_wconf 72' lang='lat' dir='ltr'>imperfectas,</span> <span class='ocrx_word' id='word_1_204' title='bbox 961 1443 1036 1489; x_wconf 77' lang='lat' dir='ltr'>sed</span> <span class='ocrx_word' id='word_1_205' title='bbox 1058 1443 1246 1497; x_wconf 78' lang='lat' dir='ltr'>amicOS,</span> <span class='ocrx_word' id='word_1_206' title='bbox 1266 1444 1567 1507; x_wconf 69' lang='lat' dir='ltr'>propinqum,</span> <span class='ocrx_word' id='word_1_207' title='bbox 1592 1451 1633 1492; x_wconf 74' lang='grc' dir='ltr'>δε</span> <span class='ocrx_word' id='word_1_208' title='bbox 1650 1445 1858 1505; x_wconf 69' lang='lat' dir='ltr'>clienteS,</span> 
     </span>
     <span class='ocr_line' id='line_1_21' title="bbox 92 1507 1861 1572; baseline 0 -13"><span class='ocrx_word' id='word_1_209' title='bbox 92 1527 206 1572; x_wconf 73' lang='lat' dir='ltr'>quos</span> <span class='ocrx_word' id='word_1_210' title='bbox 231 1508 287 1554; x_wconf 83' lang='lat' dir='ltr'>ad</span> <span class='ocrx_word' id='word_1_211' title='bbox 309 1508 484 1554; x_wconf 83' lang='lat' dir='ltr'>causam</span> <span class='ocrx_word' id='word_1_212' title='bbox 504 1508 737 1570; x_wconf 83' lang='lat' dir='ltr'>publicam</span> <span class='ocrx_word' id='word_1_213' title='bbox 760 1507 1086 1571; x_wconf 85' lang='lat' dir='ltr'>suscipiendam</span> <span class='ocrx_word' id='word_1_214' title='bbox 1109 1507 1361 1570; x_wconf 86' lang='lat' dir='ltr'>impulerit,</span> <span class='ocrx_word' id='word_1_215' title='bbox 1385 1514 1424 1556; x_wconf 89' lang='lat'>&amp;</span> <span class='ocrx_word' id='word_1_216' title='bbox 1448 1509 1647 1572; x_wconf 86' lang='lat' dir='ltr'>sumptu,</span> <span class='ocrx_word' id='word_1_217' title='bbox 1669 1516 1709 1558; x_wconf 75' lang='grc' dir='ltr'>δε</span> <span class='ocrx_word' id='word_1_218' title='bbox 1731 1512 1861 1559; x_wconf 87' lang='lat' dir='ltr'>labo-</span> 
     </span>
     <span class='ocr_line' id='line_1_22' title="bbox 8 1571 1857 1640; baseline 0.001 -19"><span class='ocrx_word' id='word_1_219' title='bbox 8 1601 15 1605; x_wconf 86' lang='lat'><strong>·</strong></span> <span class='ocrx_word' id='word_1_220' title='bbox 78 1576 214 1622; x_wconf 80' lang='lat' dir='ltr'>·ribus</span> <span class='ocrx_word' id='word_1_221' title='bbox 239 1589 354 1634; x_wconf 84' lang='lat' dir='ltr'>pene</span> <span class='ocrx_word' id='word_1_222' title='bbox 376 1572 601 1626; x_wconf 76' lang='lat' dir='ltr'>afflixerit,</span> <span class='ocrx_word' id='word_1_223' title='bbox 621 1573 670 1619; x_wconf 89' lang='lat' dir='ltr'>in</span> <span class='ocrx_word' id='word_1_224' title='bbox 692 1573 969 1627; x_wconf 87' lang='lat' dir='ltr'>servitutem,</span> <span class='ocrx_word' id='word_1_225' title='bbox 991 1578 1031 1618; x_wconf 85' lang='lat'>&amp;</span> <span class='ocrx_word' id='word_1_226' title='bbox 1052 1571 1307 1620; x_wconf 87' lang='lat' dir='ltr'>cruciatum</span> <span class='ocrx_word' id='word_1_227' title='bbox 1330 1574 1522 1628; x_wconf 80' lang='lat' dir='ltr'>crudeli,</span> <span class='ocrx_word' id='word_1_228' title='bbox 1542 1577 1594 1626; x_wconf 74' lang='grc' dir='ltr'>δε</span> <span class='ocrx_word' id='word_1_229' title='bbox 1613 1574 1761 1638; x_wconf 86' lang='lat' dir='ltr'>impio</span> <span class='ocrx_word' id='word_1_230' title='bbox 1785 1580 1857 1640; x_wconf 82' lang='lat' dir='ltr'>(x)</span> 
     </span>
     <span class='ocr_line' id='line_1_23' title="bbox 80 1636 1859 1704; baseline 0.002 -18"><span class='ocrx_word' id='word_1_231' title='bbox 80 1653 287 1702; x_wconf 65' lang='lat' dir='ltr'>‘tyranno</span> <span class='ocrx_word' id='word_1_232' title='bbox 325 1637 596 1685; x_wconf 86' lang='lat' dir='ltr'>traditurum</span> <span class='ocrx_word' id='word_1_233' title='bbox 619 1657 630 1684; x_wconf 90' lang='lat'>:</span> <span class='ocrx_word' id='word_1_234' title='bbox 667 1637 765 1699; x_wconf 90' lang='lat' dir='ltr'>qui,</span> <span class='ocrx_word' id='word_1_235' title='bbox 789 1649 1012 1699; x_wconf 81' lang='lat' dir='ltr'>quantum</span> <span class='ocrx_word' id='word_1_236' title='bbox 1033 1637 1080 1684; x_wconf 89' lang='lat' dir='ltr'>in</span> <span class='ocrx_word' id='word_1_237' title='bbox 1102 1637 1142 1684; x_wconf 89' lang='lat' dir='ltr'>se</span> <span class='ocrx_word' id='word_1_238' title='bbox 1163 1650 1276 1692; x_wconf 90' lang='lat' dir='ltr'>erat,</span> <span class='ocrx_word' id='word_1_239' title='bbox 1303 1636 1549 1701; x_wconf 83' lang='lat' dir='ltr'>Reginam,</span> <span class='ocrx_word' id='word_1_240' title='bbox 1587 1645 1627 1687; x_wconf 89' lang='lat'>&amp;</span> <span class='ocrx_word' id='word_1_241' title='bbox 1665 1656 1859 1704; x_wconf 83' lang='lat' dir='ltr'>regnum</span> 
     </span>
     <span class='ocr_line' id='line_1_24' title="bbox 77 1701 1863 1764; baseline 0.002 -14"><span class='ocrx_word' id='word_1_242' title='bbox 77 1703 291 1751; x_wconf 54' lang='lat' dir='ltr'>*hostibus</span> <span class='ocrx_word' id='word_1_243' title='bbox 332 1712 501 1749; x_wconf 81' lang='lat' dir='ltr'>venum</span> <span class='ocrx_word' id='word_1_244' title='bbox 537 1702 717 1749; x_wconf 85' lang='lat' dir='ltr'>dederit</span> <span class='ocrx_word' id='word_1_245' title='bbox 737 1719 747 1746; x_wconf 74' lang='grc' dir='ltr'>ε</span> <span class='ocrx_word' id='word_1_246' title='bbox 781 1704 928 1764; x_wconf 67' lang='lat' dir='ltr'>paCta,</span> <span class='ocrx_word' id='word_1_247' title='bbox 966 1707 1007 1748; x_wconf 76' lang='lat' dir='ltr'>Sc</span> <span class='ocrx_word' id='word_1_248' title='bbox 1045 1701 1256 1764; x_wconf 86' lang='lat' dir='ltr'>promissa</span> <span class='ocrx_word' id='word_1_249' title='bbox 1279 1718 1384 1748; x_wconf 86' lang='lat' dir='ltr'>cum</span> <span class='ocrx_word' id='word_1_250' title='bbox 1414 1703 1678 1752; x_wconf 88' lang='lat' dir='ltr'>hominibus</span> <span class='ocrx_word' id='word_1_251' title='bbox 1714 1705 1863 1755; x_wconf 81' lang='lat' dir='ltr'>nihilo</span> 
     </span>
     <span class='ocr_line' id='line_1_25' title="bbox 79 1765 1864 1832; baseline 0.002 -17"><span class='ocrx_word' id='word_1_252' title='bbox 79 1769 285 1816; x_wconf 54' lang='lat' dir='ltr'>⁴&#39;sanctius</span> <span class='ocrx_word' id='word_1_253' title='bbox 298 1765 524 1819; x_wconf 80' lang='lat' dir='ltr'>observet,</span> <span class='ocrx_word' id='word_1_254' title='bbox 550 1782 687 1827; x_wconf 86' lang='lat' dir='ltr'>quam</span> <span class='ocrx_word' id='word_1_255' title='bbox 712 1765 892 1829; x_wconf 77' lang='lat' dir='ltr'>pietatis</span> <span class='ocrx_word' id='word_1_256' title='bbox 915 1766 1123 1812; x_wconf 86' lang='lat' dir='ltr'>adversus</span> <span class='ocrx_word' id='word_1_257' title='bbox 1146 1766 1301 1814; x_wconf 89' lang='lat' dir='ltr'>Deum</span> <span class='ocrx_word' id='word_1_258' title='bbox 1332 1767 1509 1815; x_wconf 82' lang='lat' dir='ltr'>cultum</span> <span class='ocrx_word' id='word_1_259' title='bbox 1535 1786 1547 1815; x_wconf 90' lang='lat'><strong>:</strong></span> <span class='ocrx_word' id='word_1_260' title='bbox 1580 1786 1717 1832; x_wconf 90' lang='lat' dir='ltr'>quem</span> <span class='ocrx_word' id='word_1_261' title='bbox 1741 1771 1864 1820; x_wconf 80' lang='lat' dir='ltr'>intra</span> 
     </span>
     <span class='ocr_line' id='line_1_26' title="bbox 87 1830 1863 1898; baseline -0.002 -20"><span class='ocrx_word' id='word_1_262' title='bbox 87 1844 260 1896; x_wconf 71' lang='lat' dir='ltr'>‘paucos</span> <span class='ocrx_word' id='word_1_263' title='bbox 283 1836 423 1879; x_wconf 63' lang='lat' dir='ltr'>annos</span> <span class='ocrx_word' id='word_1_264' title='bbox 439 1830 536 1892; x_wconf 79' lang='lat' dir='ltr'>jam</span> <span class='ocrx_word' id='word_1_265' title='bbox 559 1830 743 1877; x_wconf 85' lang='lat' dir='ltr'>tertium</span> <span class='ocrx_word' id='word_1_266' title='bbox 766 1830 976 1877; x_wconf 82' lang='lat' dir='ltr'>mutavit.</span> <span class='ocrx_word' id='word_1_267' title='bbox 1008 1830 1113 1877; x_wconf 90' lang='lat' dir='ltr'>Nec</span> <span class='ocrx_word' id='word_1_268' title='bbox 1129 1830 1177 1877; x_wconf 89' lang='lat' dir='ltr'>id</span> <span class='ocrx_word' id='word_1_269' title='bbox 1200 1831 1247 1877; x_wconf 88' lang='lat' dir='ltr'>in</span> <span class='ocrx_word' id='word_1_270' title='bbox 1270 1847 1325 1877; x_wconf 88' lang='lat' dir='ltr'>eo</span> <span class='ocrx_word' id='word_1_271' title='bbox 1351 1831 1627 1889; x_wconf 86' lang='lat' dir='ltr'>mirandum,</span> <span class='ocrx_word' id='word_1_272' title='bbox 1650 1833 1732 1896; x_wconf 86' lang='lat' dir='ltr'>qui</span> <span class='ocrx_word' id='word_1_273' title='bbox 1755 1853 1863 1898; x_wconf 77' lang='lat' dir='ltr'>pro-</span> 
     </span>
     <span class='ocr_line' id='line_1_27' title="bbox 84 1893 1857 1958; baseline 0.003 -15"><span class='ocrx_word' id='word_1_274' title='bbox 84 1897 235 1951; x_wconf 69' lang='lat' dir='ltr'>missa,</span> <span class='ocrx_word' id='word_1_275' title='bbox 258 1895 461 1956; x_wconf 81' lang='lat' dir='ltr'>&amp;jurata</span> <span class='ocrx_word' id='word_1_276' title='bbox 478 1910 569 1940; x_wconf 84' lang='lat' dir='ltr'>non</span> <span class='ocrx_word' id='word_1_277' title='bbox 593 1895 947 1941; x_wconf 76' lang='lat' dir='ltr'>fideifirmandae</span> <span class='ocrx_word' id='word_1_278' title='bbox 965 1894 1163 1951; x_wconf 85' lang='lat' dir='ltr'>vincula,</span> <span class='ocrx_word' id='word_1_279' title='bbox 1181 1895 1253 1946; x_wconf 84' lang='lat' dir='ltr'>sed</span> <span class='ocrx_word' id='word_1_280' title='bbox 1295 1893 1497 1958; x_wconf 70' lang='lat' dir='ltr'>perfidiae</span> <span class='ocrx_word' id='word_1_281' title='bbox 1521 1899 1592 1958; x_wconf 81' lang='lat'>(2)</span> <span class='ocrx_word' id='word_1_282' title='bbox 1618 1899 1857 1948; x_wconf 85' lang='lat' dir='ltr'>occultan-</span> 
     </span>
     <span class='ocr_line' id='line_1_28' title="bbox 89 1958 1863 2029; baseline 0.002 -20"><span class='ocrx_word' id='word_1_283' title='bbox 89 1964 166 2009; x_wconf 51' lang='lat' dir='ltr'>‘dae</span> <span class='ocrx_word' id='word_1_284' title='bbox 184 1958 745 2022; x_wconf 72' lang='lat' dir='ltr'>(3)latibulaexistimaret.</span> <span class='ocrx_word' id='word_1_285' title='bbox 767 1959 890 2006; x_wconf 69' lang='lat' dir='ltr'>illud</span> <span class='ocrx_word' id='word_1_286' title='bbox 907 1972 1058 2006; x_wconf 84' lang='lat' dir='ltr'>autem</span> <span class='ocrx_word' id='word_1_287' title='bbox 1083 1959 1123 2005; x_wconf 87' lang='lat' dir='ltr'>se</span> <span class='ocrx_word' id='word_1_288' title='bbox 1139 1976 1418 2023; x_wconf 83' lang='lat' dir='ltr'>magnopere</span> <span class='ocrx_word' id='word_1_289' title='bbox 1438 1972 1615 2023; x_wconf 84' lang='lat' dir='ltr'>optare,</span> <span class='ocrx_word' id='word_1_290' title='bbox 1642 1975 1693 2009; x_wconf 84' lang='lat' dir='ltr'>ut</span> <span class='ocrx_word' id='word_1_291' title='bbox 1713 1965 1863 2029; x_wconf 77' lang='lat' dir='ltr'>Regia</span> 
     </span>
     <span class='ocr_line' id='line_1_29' title="bbox 80 2017 1864 2089; baseline 0.003 -17"><span class='ocrx_word' id='word_1_292' title='bbox 80 2017 312 2088; x_wconf 71' lang='lat' dir='ltr'>·majestas,</span> <span class='ocrx_word' id='word_1_293' title='bbox 331 2027 369 2069; x_wconf 73' lang='grc' dir='ltr'>δε</span> <span class='ocrx_word' id='word_1_294' title='bbox 391 2021 470 2086; x_wconf 84' lang='lat' dir='ltr'>qui</span> <span class='ocrx_word' id='word_1_295' title='bbox 496 2020 523 2066; x_wconf 70' lang='grc' dir='ltr'>ὲ</span> <span class='ocrx_word' id='word_1_296' title='bbox 545 2022 743 2089; x_wconf 64' lang='lat' dir='ltr'>consiliis</span> <span class='ocrx_word' id='word_1_297' title='bbox 764 2023 882 2078; x_wconf 83' lang='lat' dir='ltr'>sunt,</span> <span class='ocrx_word' id='word_1_298' title='bbox 917 2023 1145 2087; x_wconf 72' lang='lat' dir='ltr'>cogitent,</span> <span class='ocrx_word' id='word_1_299' title='bbox 1171 2024 1258 2071; x_wconf 87' lang='lat' dir='ltr'>utri</span> <span class='ocrx_word' id='word_1_300' title='bbox 1280 2025 1433 2087; x_wconf 83' lang='lat' dir='ltr'>potius</span> <span class='ocrx_word' id='word_1_301' title='bbox 1454 2025 1564 2072; x_wconf 82' lang='lat' dir='ltr'>fides</span> <span class='ocrx_word' id='word_1_302' title='bbox 1590 2025 1638 2073; x_wconf 89' lang='lat' dir='ltr'>in</span> <span class='ocrx_word' id='word_1_303' title='bbox 1668 2044 1716 2076; x_wconf 87' lang='lat' dir='ltr'>re</span> <span class='ocrx_word' id='word_1_304' title='bbox 1737 2039 1864 2078; x_wconf 79' lang='lat' dir='ltr'>tanta</span> 
     </span>
     <span class='ocr_line' id='line_1_30' title="bbox 86 2085 1867 2154; baseline -0.002 -14"><span class='ocrx_word' id='word_1_305' title='bbox 86 2093 148 2140; x_wconf 65' lang='lat' dir='ltr'>&#39;sit</span> <span class='ocrx_word' id='word_1_306' title='bbox 161 2090 369 2136; x_wconf 77' lang='lat' dir='ltr'>habenda</span> <span class='ocrx_word' id='word_1_307' title='bbox 389 2109 399 2137; x_wconf 77' lang='lat' dir='ltr'><em>z</em></span> <span class='ocrx_word' id='word_1_308' title='bbox 433 2085 553 2142; x_wconf 82' lang='lat' dir='ltr'>eine,</span> <span class='ocrx_word' id='word_1_309' title='bbox 577 2088 705 2149; x_wconf 91' lang='lat' dir='ltr'>cujus</span> <span class='ocrx_word' id='word_1_310' title='bbox 730 2088 799 2151; x_wconf 79' lang='lat'>(4)</span> <span class='ocrx_word' id='word_1_311' title='bbox 821 2103 978 2134; x_wconf 88' lang='lat' dir='ltr'>omnes</span> <span class='ocrx_word' id='word_1_312' title='bbox 1003 2088 1195 2150; x_wconf 89' lang='lat' dir='ltr'>majores</span> <span class='ocrx_word' id='word_1_313' title='bbox 1213 2088 1277 2144; x_wconf 72' lang='lat' dir='ltr'>se,</span> <span class='ocrx_word' id='word_1_314' title='bbox 1296 2089 1418 2136; x_wconf 84' lang='lat' dir='ltr'>suam</span> <span class='ocrx_word' id='word_1_315' title='bbox 1440 2087 1600 2146; x_wconf 79' lang='lat' dir='ltr'>vitam,</span> <span class='ocrx_word' id='word_1_316' title='bbox 1625 2107 1755 2154; x_wconf 82' lang='lat' dir='ltr'>opes,</span> <span class='ocrx_word' id='word_1_317' title='bbox 1778 2094 1867 2140; x_wconf 86' lang='lat' dir='ltr'>ho..</span> 
     </span>
     <span class='ocr_line' id='line_1_31' title="bbox 83 2151 1864 2221; baseline 0.001 -18"><span class='ocrx_word' id='word_1_318' title='bbox 83 2161 226 2203; x_wconf 74' lang='lat' dir='ltr'>‘nores</span> <span class='ocrx_word' id='word_1_319' title='bbox 242 2155 305 2201; x_wconf 73' lang='lat' dir='ltr'>ad</span> <span class='ocrx_word' id='word_1_320' title='bbox 327 2155 422 2216; x_wconf 73' lang='lat' dir='ltr'>ejus</span> <span class='ocrx_word' id='word_1_321' title='bbox 443 2151 762 2217; x_wconf 86' lang='lat' dir='ltr'>amplitudinis</span> <span class='ocrx_word' id='word_1_322' title='bbox 783 2152 1095 2199; x_wconf 87' lang='lat' dir='ltr'>emolumenta</span> <span class='ocrx_word' id='word_1_323' title='bbox 1107 2154 1404 2209; x_wconf 85' lang='lat' dir='ltr'>contulerint,</span> <span class='ocrx_word' id='word_1_324' title='bbox 1419 2160 1458 2202; x_wconf 78' lang='grc' dir='ltr'>δε</span> <span class='ocrx_word' id='word_1_325' title='bbox 1481 2155 1615 2203; x_wconf 80' lang='lat' dir='ltr'>multi</span> <span class='ocrx_word' id='word_1_326' title='bbox 1629 2159 1699 2221; x_wconf 82' lang='grc' dir='ltr'>(ς)</span> <span class='ocrx_word' id='word_1_327' title='bbox 1724 2158 1864 2206; x_wconf 81' lang='lat' dir='ltr'>bene·</span> 
     </span>
     <span class='ocr_line' id='line_1_32' title="bbox 88 2216 1865 2280; baseline 0.002 -14"><span class='ocrx_word' id='word_1_328' title='bbox 88 2220 208 2267; x_wconf 69' lang='lat' dir='ltr'>‘ficiis</span> <span class='ocrx_word' id='word_1_329' title='bbox 231 2231 322 2266; x_wconf 74' lang='lat' dir='ltr'>non</span> <span class='ocrx_word' id='word_1_330' title='bbox 345 2233 437 2265; x_wconf 79' lang='lat' dir='ltr'>tam</span> <span class='ocrx_word' id='word_1_331' title='bbox 456 2220 665 2265; x_wconf 79' lang='lat' dir='ltr'>laborum</span> <span class='ocrx_word' id='word_1_332' title='bbox 684 2216 902 2279; x_wconf 82' lang='lat' dir='ltr'>praemiis,</span> <span class='ocrx_word' id='word_1_333' title='bbox 923 2233 1063 2280; x_wconf 89' lang='lat' dir='ltr'>quam</span> <span class='ocrx_word' id='word_1_334' title='bbox 1087 2218 1202 2264; x_wconf 89' lang='lat' dir='ltr'>bene</span> <span class='ocrx_word' id='word_1_335' title='bbox 1223 2219 1574 2280; x_wconf 86' lang='lat' dir='ltr'>promeritorum</span> <span class='ocrx_word' id='word_1_336' title='bbox 1598 2221 1865 2270; x_wconf 76' lang='lat' dir='ltr'>testimoniis</span> 
     </span>
     <span class='ocr_line' id='line_1_33' title="bbox 93 2280 1866 2346; baseline -0.001 -15"><span class='ocrx_word' id='word_1_337' title='bbox 93 2284 232 2338; x_wconf 65' lang='lat' dir='ltr'>aucti,</span> <span class='ocrx_word' id='word_1_338' title='bbox 257 2284 495 2339; x_wconf 74' lang='lat' dir='ltr'>cumulati,</span> <span class='ocrx_word' id='word_1_339' title='bbox 519 2295 565 2330; x_wconf 89' lang='lat' dir='ltr'>ct</span> <span class='ocrx_word' id='word_1_340' title='bbox 581 2280 795 2329; x_wconf 82' lang='lat' dir='ltr'>honorati</span> <span class='ocrx_word' id='word_1_341' title='bbox 815 2281 1016 2334; x_wconf 62' lang='lat' dir='ltr'>fuerunt,</span> <span class='ocrx_word' id='word_1_342' title='bbox 1036 2297 1174 2346; x_wconf 84' lang='lat' dir='ltr'>quam</span> <span class='ocrx_word' id='word_1_343' title='bbox 1198 2282 1379 2329; x_wconf 80' lang='lat' dir='ltr'>homini</span> <span class='ocrx_word' id='word_1_344' title='bbox 1398 2285 1458 2330; x_wconf 83' lang='lat' dir='ltr'>ad</span> <span class='ocrx_word' id='word_1_345' title='bbox 1480 2290 1666 2331; x_wconf 84' lang='lat' dir='ltr'>omnem</span> <span class='ocrx_word' id='word_1_346' title='bbox 1702 2287 1866 2333; x_wconf 80' lang='lat' dir='ltr'>levisli.</span> 
     </span>
     <span class='ocr_line' id='line_1_34' title="bbox 41 2345 1865 2412; baseline 0.001 -15"><span class='ocrx_word' id='word_1_347' title='bbox 41 2389 56 2397; x_wconf 68' lang='grc'>,</span> <span class='ocrx_word' id='word_1_348' title='bbox 88 2349 161 2397; x_wconf 69' lang='lat' dir='ltr'>&#39;mi</span> <span class='ocrx_word' id='word_1_349' title='bbox 178 2347 371 2396; x_wconf 76' lang='lat' dir='ltr'>rumoris</span> <span class='ocrx_word' id='word_1_350' title='bbox 392 2364 546 2394; x_wconf 78' lang='lat' dir='ltr'>auram</span> <span class='ocrx_word' id='word_1_351' title='bbox 581 2346 812 2402; x_wconf 81' lang='lat' dir='ltr'>inimicos,</span> <span class='ocrx_word' id='word_1_352' title='bbox 849 2345 1107 2410; x_wconf 80' lang='lat' dir='ltr'>amicosque</span> <span class='ocrx_word' id='word_1_353' title='bbox 1129 2350 1344 2403; x_wconf 73' lang='lat' dir='ltr'>mutanti,</span> <span class='ocrx_word' id='word_1_354' title='bbox 1385 2354 1427 2396; x_wconf 73' lang='grc' dir='ltr'>δι</span> <span class='ocrx_word' id='word_1_355' title='bbox 1449 2365 1476 2396; x_wconf 87' lang='lat' dir='ltr'>a</span> <span class='ocrx_word' id='word_1_356' title='bbox 1496 2348 1632 2412; x_wconf 86' lang='lat' dir='ltr'>solius</span> <span class='ocrx_word' id='word_1_357' title='bbox 1669 2349 1865 2400; x_wconf 77' lang='lat' dir='ltr'>fortunae</span> 
     </span>
     <span class='ocr_line' id='line_1_35' title="bbox 83 2412 574 2475; baseline -0.002 -15"><span class='ocrx_word' id='word_1_358' title='bbox 83 2412 282 2460; x_wconf 71' lang='lat' dir='ltr'>‘arbitrio</span> <span class='ocrx_word' id='word_1_359' title='bbox 304 2412 574 2475; x_wconf 54' lang='lat' dir='ltr'>pendenti?²</span> 
     </span>
     <span class='ocr_line' id='line_1_36' title="bbox 162 2474 1865 2540; baseline 0.001 -15"><span class='ocrx_word' id='word_1_360' title='bbox 162 2478 318 2525; x_wconf 68' lang='lat' dir='ltr'>XVII.</span> <span class='ocrx_word' id='word_1_361' title='bbox 344 2478 462 2524; x_wconf 83' lang='lat' dir='ltr'>Haec</span> <span class='ocrx_word' id='word_1_362' title='bbox 481 2481 744 2540; x_wconf 76' lang='lat' dir='ltr'>quanquam</span> <span class='ocrx_word' id='word_1_363' title='bbox 767 2474 954 2539; x_wconf 85' lang='lat' dir='ltr'>plurimi</span> <span class='ocrx_word' id='word_1_364' title='bbox 975 2491 1082 2522; x_wconf 86' lang='lat' dir='ltr'>vera</span> <span class='ocrx_word' id='word_1_365' title='bbox 1119 2492 1210 2523; x_wconf 87' lang='lat' dir='ltr'>non</span> <span class='ocrx_word' id='word_1_366' title='bbox 1248 2475 1529 2540; x_wconf 81' lang='lat' dir='ltr'>ignorarent,</span> <span class='ocrx_word' id='word_1_367' title='bbox 1570 2489 1722 2527; x_wconf 85' lang='lat' dir='ltr'>tamen</span> <span class='ocrx_word' id='word_1_368' title='bbox 1746 2480 1865 2527; x_wconf 88' lang='lat' dir='ltr'>Gal-</span> 
     </span>
     <span class='ocr_line' id='line_1_37' title="bbox 73 2540 1862 2604; baseline 0.002 -15"><span class='ocrx_word' id='word_1_369' title='bbox 73 2541 166 2599; x_wconf 57' lang='lat' dir='ltr'>slus</span> <span class='ocrx_word' id='word_1_370' title='bbox 189 2559 215 2589; x_wconf 88' lang='lat' dir='ltr'>a</span> <span class='ocrx_word' id='word_1_371' title='bbox 239 2543 309 2603; x_wconf 76' lang='lat'>(6)</span> <span class='ocrx_word' id='word_1_372' title='bbox 334 2542 566 2596; x_wconf 79' lang='lat' dir='ltr'>Gusianis,</span> <span class='ocrx_word' id='word_1_373' title='bbox 591 2540 785 2604; x_wconf 76' lang='lat' dir='ltr'>Reginae</span> <span class='ocrx_word' id='word_1_374' title='bbox 806 2540 957 2587; x_wconf 76' lang='lat' dir='ltr'>viduae</span> <span class='ocrx_word' id='word_1_375' title='bbox 979 2552 1124 2602; x_wconf 88' lang='lat' dir='ltr'>patre,</span> <span class='ocrx_word' id='word_1_376' title='bbox 1150 2546 1190 2587; x_wconf 76' lang='grc' dir='ltr'>δε</span> <span class='ocrx_word' id='word_1_377' title='bbox 1231 2553 1396 2601; x_wconf 87' lang='lat' dir='ltr'>patruo</span> <span class='ocrx_word' id='word_1_378' title='bbox 1418 2542 1632 2590; x_wconf 88' lang='lat' dir='ltr'>omnibus</span> <span class='ocrx_word' id='word_1_379' title='bbox 1655 2545 1702 2591; x_wconf 90' lang='lat' dir='ltr'>in</span> <span class='ocrx_word' id='word_1_380' title='bbox 1725 2545 1862 2594; x_wconf 79' lang='lat' dir='ltr'>rebus</span> 
     </span>
     <span class='ocr_line' id='line_1_38' title="bbox 56 2604 1869 2670; baseline 0.002 -18"><span class='ocrx_word' id='word_1_381' title='bbox 56 2608 191 2669; x_wconf 55' lang='lat' dir='ltr'>Vejus</span> <span class='ocrx_word' id='word_1_382' title='bbox 214 2623 345 2668; x_wconf 78' lang='lat' dir='ltr'>opes,</span> <span class='ocrx_word' id='word_1_383' title='bbox 366 2610 405 2653; x_wconf 84' lang='lat'>&amp;</span> <span class='ocrx_word' id='word_1_384' title='bbox 438 2605 755 2653; x_wconf 59' lang='lat' dir='ltr'>auctoritatem</span> <span class='ocrx_word' id='word_1_385' title='bbox 795 2604 1069 2669; x_wconf 86' lang='lat' dir='ltr'>augentibus</span> <span class='ocrx_word' id='word_1_386' title='bbox 1102 2604 1295 2652; x_wconf 74' lang='lat' dir='ltr'>obsessus</span> <span class='ocrx_word' id='word_1_387' title='bbox 1327 2606 1535 2670; x_wconf 81' lang='lat' dir='ltr'>adversus</span> <span class='ocrx_word' id='word_1_388' title='bbox 1556 2608 1741 2656; x_wconf 84' lang='lat' dir='ltr'>Levinii</span> <span class='ocrx_word' id='word_1_389' title='bbox 1781 2610 1869 2659; x_wconf 85' lang='lat' dir='ltr'>de.</span> 
     </span>
     <span class='ocr_line' id='line_1_39' title="bbox 27 2668 1866 2735; baseline 0.003 -18"><span class='ocrx_word' id='word_1_390' title='bbox 27 2682 29 2686; x_wconf 85' lang='lat'>&#39;</span> <span class='ocrx_word' id='word_1_391' title='bbox 85 2671 403 2735; x_wconf 37' lang='lat' dir='ltr'>¹&#39;precationem</span> <span class='ocrx_word' id='word_1_392' title='bbox 425 2687 552 2718; x_wconf 80' lang='lat' dir='ltr'>aures</span> <span class='ocrx_word' id='word_1_393' title='bbox 596 2670 710 2732; x_wconf 78' lang='lat' dir='ltr'>ejus,</span> <span class='ocrx_word' id='word_1_394' title='bbox 752 2669 1053 2732; x_wconf 84' lang='lat' dir='ltr'>animumque</span> <span class='ocrx_word' id='word_1_395' title='bbox 1083 2669 1149 2716; x_wconf 87' lang='lat' dir='ltr'>ita</span> <span class='ocrx_word' id='word_1_396' title='bbox 1176 2668 1258 2732; x_wconf 81' lang='lat'>(6)</span> <span class='ocrx_word' id='word_1_397' title='bbox 1285 2670 1547 2726; x_wconf 86' lang='lat' dir='ltr'>offirmare-t,</span> <span class='ocrx_word' id='word_1_398' title='bbox 1572 2684 1624 2719; x_wconf 83' lang='lat' dir='ltr'>ut</span> <span class='ocrx_word' id='word_1_399' title='bbox 1645 2673 1866 2722; x_wconf 84' lang='lat' dir='ltr'>Ioannem</span> 
     </span>
     <span class='ocr_line' id='line_1_40' title="bbox 85 2734 1865 2798; baseline 0.002 -16"><span class='ocrx_word' id='word_1_400' title='bbox 85 2735 394 2783; x_wconf 73' lang='lat' dir='ltr'>‘Cambellum</span> <span class='ocrx_word' id='word_1_401' title='bbox 445 2734 681 2782; x_wconf 88' lang='lat' dir='ltr'>hominem</span> <span class='ocrx_word' id='word_1_402' title='bbox 723 2735 847 2782; x_wconf 88' lang='lat' dir='ltr'>claro</span> <span class='ocrx_word' id='word_1_403' title='bbox 889 2734 994 2780; x_wconf 90' lang='lat' dir='ltr'>loco</span> <span class='ocrx_word' id='word_1_404' title='bbox 1036 2747 1214 2790; x_wconf 88' lang='lat' dir='ltr'>natum,</span> <span class='ocrx_word' id='word_1_405' title='bbox 1243 2737 1294 2786; x_wconf 71' lang='lat' dir='ltr'>&amp;c</span> <span class='ocrx_word' id='word_1_406' title='bbox 1333 2735 1541 2798; x_wconf 62' lang='lat' dir='ltr'>speetatae</span> <span class='ocrx_word' id='word_1_407' title='bbox 1584 2736 1692 2785; x_wconf 84' lang='lat' dir='ltr'>fidei</span> <span class='ocrx_word' id='word_1_408' title='bbox 1709 2738 1766 2785; x_wconf 85' lang='lat' dir='ltr'>ab</span> <span class='ocrx_word' id='word_1_409' title='bbox 1804 2753 1865 2786; x_wconf 67' lang='lat' dir='ltr'>eo</span> 
     </span>
     <span class='ocr_line' id='line_1_41' title="bbox 95 2797 1867 2864; baseline 0.003 -18"><span class='ocrx_word' id='word_1_410' title='bbox 95 2799 274 2847; x_wconf 75' lang='lat' dir='ltr'>missum</span> <span class='ocrx_word' id='word_1_411' title='bbox 297 2815 380 2846; x_wconf 86' lang='lat' dir='ltr'>nec</span> <span class='ocrx_word' id='word_1_412' title='bbox 413 2799 587 2855; x_wconf 86' lang='lat' dir='ltr'>audire,</span> <span class='ocrx_word' id='word_1_413' title='bbox 627 2813 712 2846; x_wconf 89' lang='lat' dir='ltr'>nec</span> <span class='ocrx_word' id='word_1_414' title='bbox 743 2798 934 2846; x_wconf 88' lang='lat' dir='ltr'>omnino</span> <span class='ocrx_word' id='word_1_415' title='bbox 956 2797 1003 2845; x_wconf 91' lang='lat' dir='ltr'>in</span> <span class='ocrx_word' id='word_1_416' title='bbox 1032 2799 1161 2846; x_wconf 87' lang='lat' dir='ltr'>suum</span> <span class='ocrx_word' id='word_1_417' title='bbox 1180 2798 1472 2863; x_wconf 63' lang='lat' dir='ltr'>conspectum</span> <span class='ocrx_word' id='word_1_418' title='bbox 1493 2801 1649 2850; x_wconf 77' lang='lat' dir='ltr'>venire</span> <span class='ocrx_word' id='word_1_419' title='bbox 1689 2814 1867 2864; x_wconf 76' lang='lat' dir='ltr'>patere·</span> 
     </span>
     <span class='ocr_line' id='line_1_42' title="bbox 80 2862 1865 2928; baseline 0.001 -17"><span class='ocrx_word' id='word_1_420' title='bbox 80 2876 188 2919; x_wconf 76' lang='lat' dir='ltr'>tur,</span> <span class='ocrx_word' id='word_1_421' title='bbox 213 2879 266 2910; x_wconf 94' lang='lat' dir='ltr'>ac</span> <span class='ocrx_word' id='word_1_422' title='bbox 288 2880 430 2927; x_wconf 90' lang='lat' dir='ltr'>prope</span> <span class='ocrx_word' id='word_1_423' title='bbox 452 2863 507 2909; x_wconf 73' lang='lat' dir='ltr'>in=</span> <span class='ocrx_word' id='word_1_424' title='bbox 537 2862 739 2911; x_wconf 87' lang='lat' dir='ltr'>custodia</span> <span class='ocrx_word' id='word_1_425' title='bbox 758 2862 985 2918; x_wconf 85' lang='lat' dir='ltr'>habuerit,</span> <span class='ocrx_word' id='word_1_426' title='bbox 1024 2862 1344 2927; x_wconf 88' lang='lat' dir='ltr'>observarique</span> <span class='ocrx_word' id='word_1_427' title='bbox 1358 2865 1549 2928; x_wconf 76' lang='lat' dir='ltr'>jusserit,</span> <span class='ocrx_word' id='word_1_428' title='bbox 1572 2883 1630 2914; x_wconf 90' lang='lat' dir='ltr'>ne</span> <span class='ocrx_word' id='word_1_429' title='bbox 1661 2866 1865 2923; x_wconf 66' lang='lat' dir='ltr'>consilia,</span> 
     </span>
     <span class='ocr_line' id='line_1_43' title="bbox 75 2927 1867 2993; baseline 0.002 -18"><span class='ocrx_word' id='word_1_430' title='bbox 75 2927 261 2990; x_wconf 66' lang='lat' dir='ltr'>”quaein</span> <span class='ocrx_word' id='word_1_431' title='bbox 283 2929 386 2975; x_wconf 85' lang='lat' dir='ltr'>aula</span> <span class='ocrx_word' id='word_1_432' title='bbox 408 2927 592 2976; x_wconf 87' lang='lat' dir='ltr'>Gallica</span> <span class='ocrx_word' id='word_1_433' title='bbox 613 2927 920 2992; x_wconf 84' lang='lat' dir='ltr'>agitabantur,</span> <span class='ocrx_word' id='word_1_434' title='bbox 944 2927 1004 2974; x_wconf 86' lang='lat' dir='ltr'>ad</span> <span class='ocrx_word' id='word_1_435' title='bbox 1023 2927 1122 2975; x_wconf 90' lang='lat' dir='ltr'>suos</span> <span class='ocrx_word' id='word_1_436' title='bbox 1136 2929 1452 2992; x_wconf 86' lang='lat' dir='ltr'>perscriberet.</span> <span class='ocrx_word' id='word_1_437' title='bbox 1470 2987 1473 2993; x_wconf 23' lang='lat' dir='ltr'><em>A</em></span> <span class='ocrx_word' id='word_1_438' title='bbox 1493 2930 1600 2978; x_wconf 92' lang='lat' dir='ltr'>Nec</span> <span class='ocrx_word' id='word_1_439' title='bbox 1620 2929 1867 2979; x_wconf 87' lang='lat' dir='ltr'>defuerunt</span> 
     </span>
     <span class='ocr_line' id='line_1_44' title="bbox 93 2992 1865 3059; baseline 0.002 -19"><span class='ocrx_word' id='word_1_440' title='bbox 93 3004 268 3050; x_wconf 73' lang='lat' dir='ltr'>tamen,</span> <span class='ocrx_word' id='word_1_441' title='bbox 288 2992 370 3055; x_wconf 90' lang='lat' dir='ltr'>qui</span> <span class='ocrx_word' id='word_1_442' title='bbox 389 2992 547 3041; x_wconf 87' lang='lat' dir='ltr'>omnia</span> <span class='ocrx_word' id='word_1_443' title='bbox 561 2993 789 3042; x_wconf 87' lang='lat' dir='ltr'>efferrent.</span> <span class='ocrx_word' id='word_1_444' title='bbox 856 2993 976 3040; x_wconf 84' lang='lat' dir='ltr'>Haec</span> <span class='ocrx_word' id='word_1_445' title='bbox 997 3008 1105 3041; x_wconf 88' lang='lat' dir='ltr'>cum</span> <span class='ocrx_word' id='word_1_446' title='bbox 1129 2993 1188 3041; x_wconf 92' lang='lat' dir='ltr'>ad</span> <span class='ocrx_word' id='word_1_447' title='bbox 1204 2993 1452 3043; x_wconf 85' lang='lat' dir='ltr'>Levinium</span> <span class='ocrx_word' id='word_1_448' title='bbox 1472 2994 1648 3059; x_wconf 81' lang='lat' dir='ltr'>perlata</span> <span class='ocrx_word' id='word_1_449' title='bbox 1666 2993 1865 3052; x_wconf 74' lang='lat' dir='ltr'>fuissent,</span> 
     </span>
    </p>
   </div>
   <div class='ocr_carea' id='block_1_2' title="bbox 147 3122 1867 3278">
    <p class='ocr_par' dir='ltr' id='par_1_2' title="bbox 81 3122 1867 3278">
     <span class='ocr_line' id='line_1_45' title="bbox 147 3122 1866 3176; baseline 0.002 -16"><span class='ocrx_word' id='word_1_450' title='bbox 147 3123 214 3173; x_wconf 77' lang='grc' dir='ltr'>(ι)</span> <span class='ocrx_word' id='word_1_451' title='bbox 242 3122 407 3171; x_wconf 76' lang='lat' dir='ltr'>Protegi.</span> <span class='ocrx_word' id='word_1_452' title='bbox 1004 3125 1111 3176; x_wconf 73' lang='lat' dir='ltr'>john</span> <span class='ocrx_word' id='word_1_453' title='bbox 1145 3125 1225 3162; x_wconf 87' lang='lat' dir='ltr'>lord</span> <span class='ocrx_word' id='word_1_454' title='bbox 1250 3125 1465 3174; x_wconf 80' lang='lat' dir='ltr'>Aubigney,</span> <span class='ocrx_word' id='word_1_455' title='bbox 1501 3123 1561 3161; x_wconf 81' lang='lat' dir='ltr'>his</span> <span class='ocrx_word' id='word_1_456' title='bbox 1595 3123 1657 3162; x_wconf 89' lang='lat' dir='ltr'>son</span> <span class='ocrx_word' id='word_1_457' title='bbox 1687 3124 1866 3173; x_wconf 63' lang='lat' dir='ltr'>Bennafa,</span> 
     </span>
     <span class='ocr_line' id='line_1_46' title="bbox 147 3175 1866 3230; baseline 0.002 -15.852"><span class='ocrx_word' id='word_1_458' title='bbox 147 3175 215 3224; x_wconf 85' lang='lat'>(2)</span> <span class='ocrx_word' id='word_1_459' title='bbox 243 3177 502 3223; x_wconf 71' lang='lat' dir='ltr'>Occirltandae‚</span> <span class='ocrx_word' id='word_1_460' title='bbox 529 3175 556 3216; x_wconf 85' lang='lat' dir='ltr'>i.</span> <span class='ocrx_word' id='word_1_461' title='bbox 577 3190 610 3216; x_wconf 89' lang='lat' dir='ltr'>e.</span> <span class='ocrx_word' id='word_1_462' title='bbox 630 3183 673 3215; x_wconf 87' lang='lat' dir='ltr'>ut</span> <span class='ocrx_word' id='word_1_463' title='bbox 688 3177 950 3216; x_wconf 67' lang='lat' dir='ltr'>occultaretur.</span> <span class='ocrx_word' id='word_1_464' title='bbox 1005 3178 1067 3216; x_wconf 87' lang='lat' dir='ltr'>his</span> <span class='ocrx_word' id='word_1_465' title='bbox 1084 3177 1147 3214; x_wconf 85' lang='lat' dir='ltr'>son</span> <span class='ocrx_word' id='word_1_466' title='bbox 1165 3177 1207 3214; x_wconf 87' lang='lat' dir='ltr'>in</span> <span class='ocrx_word' id='word_1_467' title='bbox 1223 3177 1295 3215; x_wconf 86' lang='lat' dir='ltr'>law</span> <span class='ocrx_word' id='word_1_468' title='bbox 1338 3178 1495 3224; x_wconf 64' lang='lat' dir='ltr'>Robur,</span> <span class='ocrx_word' id='word_1_469' title='bbox 1531 3176 1591 3214; x_wconf 84' lang='lat' dir='ltr'>his</span> <span class='ocrx_word' id='word_1_470' title='bbox 1616 3179 1744 3216; x_wconf 68' lang='lat' dir='ltr'>cousin</span> <span class='ocrx_word' id='word_1_471' title='bbox 1760 3179 1866 3230; x_wconf 79' lang='lat' dir='ltr'>John</span> 
     </span>
     <span class='ocr_line' id='line_1_47' title="bbox 147 3227 1867 3278; baseline 0.003 -14"><span class='ocrx_word' id='word_1_472' title='bbox 147 3228 169 3274; x_wconf 90' lang='grc'>·(</span> <span class='ocrx_word' id='word_1_473' title='bbox 176 3229 219 3278; x_wconf 89' lang='lat'>3)</span> <span class='ocrx_word' id='word_1_474' title='bbox 248 3227 294 3264; x_wconf 91' lang='lat' dir='ltr'>M</span> <span class='ocrx_word' id='word_1_475' title='bbox 309 3229 348 3266; x_wconf 82' lang='lat' dir='ltr'>S.</span> <span class='ocrx_word' id='word_1_476' title='bbox 376 3228 634 3268; x_wconf 82' lang='lat' dir='ltr'>instrumenta.</span> <span class='ocrx_word' id='word_1_477' title='bbox 923 3255 926 3257; x_wconf 98' lang='lat'>-</span> <span class='ocrx_word' id='word_1_478' title='bbox 1008 3230 1071 3268; x_wconf 90' lang='lat' dir='ltr'>son</span> <span class='ocrx_word' id='word_1_479' title='bbox 1083 3231 1128 3267; x_wconf 87' lang='lat' dir='ltr'>&#39;to</span> <span class='ocrx_word' id='word_1_480' title='bbox 1146 3229 1213 3268; x_wconf 85' lang='lat' dir='ltr'>the</span> <span class='ocrx_word' id='word_1_481' title='bbox 1229 3230 1306 3268; x_wconf 84' lang='lat' dir='ltr'>earl</span> <span class='ocrx_word' id='word_1_482' title='bbox 1324 3230 1369 3267; x_wconf 82' lang='lat' dir='ltr'>of</span> <span class='ocrx_word' id='word_1_483' title='bbox 1381 3231 1550 3276; x_wconf 84' lang='lat' dir='ltr'>Lennox,</span> <span class='ocrx_word' id='word_1_484' title='bbox 1575 3230 1638 3268; x_wconf 83' lang='lat' dir='ltr'>did</span> <span class='ocrx_word' id='word_1_485' title='bbox 1657 3230 1867 3270; x_wconf 84' lang='lat' dir='ltr'>succeffive-</span> 
     </span>
    </p>
   </div>
   <div class='ocr_carea' id='block_1_3' title="bbox 86 3280 1866 3380">
    <p class='ocr_par' dir='ltr' id='par_1_3' title="bbox 86 3280 1866 3380">
     <span class='ocr_line' id='line_1_48' title="bbox 150 3280 1866 3337; baseline 0.005 -21"><span class='ocrx_word' id='word_1_486' title='bbox 150 3281 217 3331; x_wconf 85' lang='lat'>(4)</span> <span class='ocrx_word' id='word_1_487' title='bbox 244 3280 346 3331; x_wconf 89' lang='lat' dir='ltr'>John</span> <span class='ocrx_word' id='word_1_488' title='bbox 364 3281 442 3318; x_wconf 78' lang='lat' dir='ltr'>lox-d</span> <span class='ocrx_word' id='word_1_489' title='bbox 463 3281 638 3332; x_wconf 77' lang='lat' dir='ltr'>Dernley‚</span> <span class='ocrx_word' id='word_1_490' title='bbox 666 3283 889 3332; x_wconf 75' lang='lat' dir='ltr'>predecessor</span> <span class='ocrx_word' id='word_1_491' title='bbox 914 3291 954 3322; x_wconf 85' lang='lat' dir='ltr'>to</span> <span class='ocrx_word' id='word_1_492' title='bbox 1009 3283 1045 3332; x_wconf 86' lang='lat' dir='ltr'>ly</span> <span class='ocrx_word' id='word_1_493' title='bbox 1064 3282 1240 3320; x_wconf 86' lang='lat' dir='ltr'>continue</span> <span class='ocrx_word' id='word_1_494' title='bbox 1267 3282 1308 3320; x_wconf 86' lang='lat' dir='ltr'>in</span> <span class='ocrx_word' id='word_1_495' title='bbox 1335 3283 1402 3320; x_wconf 85' lang='lat' dir='ltr'>the</span> <span class='ocrx_word' id='word_1_496' title='bbox 1434 3282 1516 3321; x_wconf 80' lang='lat' dir='ltr'>like</span> <span class='ocrx_word' id='word_1_497' title='bbox 1533 3284 1806 3337; x_wconf 74' lang='lat' dir='ltr'>employ‘ments</span> <span class='ocrx_word' id='word_1_498' title='bbox 1822 3285 1866 3324; x_wconf 80' lang='lat' dir='ltr'>in</span> 
     </span>
     <span class='ocr_line' id='line_1_49' title="bbox 86 3332 1710 3380; baseline 0.001 -8"><span class='ocrx_word' id='word_1_499' title='bbox 86 3334 165 3372; x_wconf 73' lang='lat' dir='ltr'>&#39;the</span> <span class='ocrx_word' id='word_1_500' title='bbox 184 3334 259 3371; x_wconf 87' lang='lat' dir='ltr'>earl</span> <span class='ocrx_word' id='word_1_501' title='bbox 276 3332 321 3370; x_wconf 92' lang='lat' dir='ltr'>of</span> <span class='ocrx_word' id='word_1_502' title='bbox 333 3334 499 3380; x_wconf 76' lang='lat' dir='ltr'>Lennox,</span> <span class='ocrx_word' id='word_1_503' title='bbox 518 3347 594 3372; x_wconf 81' lang='lat' dir='ltr'>was</span> <span class='ocrx_word' id='word_1_504' title='bbox 618 3335 753 3372; x_wconf 80' lang='lat' dir='ltr'>sentto</span> <span class='ocrx_word' id='word_1_505' title='bbox 769 3335 835 3372; x_wconf 84' lang='lat' dir='ltr'>the</span> <span class='ocrx_word' id='word_1_506' title='bbox 853 3335 949 3373; x_wconf 77' lang='lat' dir='ltr'>asiis-</span> <span class='ocrx_word' id='word_1_507' title='bbox 1005 3336 1160 3373; x_wconf 81' lang='lat' dir='ltr'>France.</span> <span class='ocrx_word' id='word_1_508' title='bbox 1704 3359 1710 3364; x_wconf 82' lang='lat'><strong>·</strong></span> 
     </span>
    </p>
   </div>
   <div class='ocr_carea' id='block_1_4' title="bbox 93 3386 1730 3440">
    <p class='ocr_par' dir='ltr' id='par_1_4' title="bbox 93 3386 1730 3440">
     <span class='ocr_line' id='line_1_50' title="bbox 93 3386 1730 3440; baseline 0.004 -16"><span class='ocrx_word' id='word_1_509' title='bbox 93 3395 205 3425; x_wconf 76' lang='lat' dir='ltr'>tance</span> <span class='ocrx_word' id='word_1_510' title='bbox 222 3387 302 3424; x_wconf 65' lang='lat' dir='ltr'>off</span> <span class='ocrx_word' id='word_1_511' title='bbox 305 3398 426 3433; x_wconf 81' lang='lat' dir='ltr'>rauce,</span> <span class='ocrx_word' id='word_1_512' title='bbox 445 3400 581 3435; x_wconf 81' lang='lat' dir='ltr'>among</span> <span class='ocrx_word' id='word_1_513' title='bbox 605 3386 718 3425; x_wconf 77' lang='lat' dir='ltr'>other</span> <span class='ocrx_word' id='word_1_514' title='bbox 734 3388 948 3434; x_wconf 66' lang='lat' dir='ltr'>numerum,</span> <span class='ocrx_word' id='word_1_515' title='bbox 1060 3389 1124 3439; x_wconf 83' lang='lat'>(5)</span> <span class='ocrx_word' id='word_1_516' title='bbox 1152 3388 1243 3427; x_wconf 82' lang='lat' dir='ltr'>scil.</span> <span class='ocrx_word' id='word_1_517' title='bbox 1262 3390 1443 3440; x_wconf 77' lang='lat' dir='ltr'>majores„</span> <span class='ocrx_word' id='word_1_518' title='bbox 1463 3390 1565 3429; x_wconf 78' lang='lat' dir='ltr'>Gen.</span> <span class='ocrx_word' id='word_1_519' title='bbox 1584 3390 1730 3433; x_wconf 59' lang='lat' dir='ltr'>multius</span> 
     </span>
    </p>
   </div>
   <div class='ocr_carea' id='block_1_5' title="bbox 38 3439 1866 3602">
    <p class='ocr_par' dir='ltr' id='par_1_5' title="bbox 38 3439 1866 3602">
     <span class='ocr_line' id='line_1_51' title="bbox 62 3439 1866 3495; baseline 0.003 -16"><span class='ocrx_word' id='word_1_520' title='bbox 62 3453 196 3479; x_wconf 63' lang='lat' dir='ltr'>:anno</span> <span class='ocrx_word' id='word_1_521' title='bbox 218 3452 330 3490; x_wconf 77' lang='lat'>14-19.</span> <span class='ocrx_word' id='word_1_522' title='bbox 351 3439 406 3477; x_wconf 88' lang='lat' dir='ltr'>see</span> <span class='ocrx_word' id='word_1_523' title='bbox 424 3439 491 3478; x_wconf 87' lang='lat' dir='ltr'>lib.</span> <span class='ocrx_word' id='word_1_524' title='bbox 511 3452 583 3478; x_wconf 82' lang='lat'>·10.·</span> <span class='ocrx_word' id='word_1_525' title='bbox 597 3453 677 3490; x_wconf 82' lang='lat' dir='ltr'>cap.</span> <span class='ocrx_word' id='word_1_526' title='bbox 696 3452 762 3478; x_wconf 63' lang='grc' dir='ltr'>πο.</span> <span class='ocrx_word' id='word_1_527' title='bbox 805 3442 875 3477; x_wconf 89' lang='lat' dir='ltr'>and</span> <span class='ocrx_word' id='word_1_528' title='bbox 893 3440 950 3478; x_wconf 80' lang='lat' dir='ltr'>for</span> <span class='ocrx_word' id='word_1_529' title='bbox 1057 3441 1119 3491; x_wconf 89' lang='lat'>(6)</span> <span class='ocrx_word' id='word_1_530' title='bbox 1138 3443 1279 3480; x_wconf 87' lang='lat' dir='ltr'>Claude</span> <span class='ocrx_word' id='word_1_531' title='bbox 1315 3444 1380 3481; x_wconf 75' lang='lat' dir='ltr'>ist.</span> <span class='ocrx_word' id='word_1_532' title='bbox 1396 3442 1496 3482; x_wconf 82' lang='lat' dir='ltr'>duke</span> <span class='ocrx_word' id='word_1_533' title='bbox 1511 3443 1558 3482; x_wconf 85' lang='lat' dir='ltr'>of</span> <span class='ocrx_word' id='word_1_534' title='bbox 1569 3444 1702 3495; x_wconf 84' lang='lat' dir='ltr'>Guise,</span> <span class='ocrx_word' id='word_1_535' title='bbox 1714 3447 1786 3485; x_wconf 73' lang='lat' dir='ltr'>and</span> <span class='ocrx_word' id='word_1_536' title='bbox 1803 3444 1866 3485; x_wconf 78' lang='lat' dir='ltr'>his</span> 
     </span>
     <span class='ocr_line' id='line_1_52' title="bbox 38 3492 1650 3542; baseline 0.006 -12"><span class='ocrx_word' id='word_1_537' title='bbox 38 3492 41 3494; x_wconf 70' lang='grc'><strong>’</strong></span> <span class='ocrx_word' id='word_1_538' title='bbox 78 3503 199 3541; x_wconf 56' lang='lat' dir='ltr'>great</span> <span class='ocrx_word' id='word_1_539' title='bbox 231 3493 381 3531; x_wconf 82' lang='lat' dir='ltr'>services</span> <span class='ocrx_word' id='word_1_540' title='bbox 400 3506 473 3531; x_wconf 80' lang='lat' dir='ltr'>was</span> <span class='ocrx_word' id='word_1_541' title='bbox 506 3494 612 3531; x_wconf 74' lang='lat' dir='ltr'>made</span> <span class='ocrx_word' id='word_1_542' title='bbox 641 3494 721 3531; x_wconf 86' lang='lat' dir='ltr'>lord</span> <span class='ocrx_word' id='word_1_543' title='bbox 749 3493 948 3542; x_wconf 82' lang='lat' dir='ltr'>Aubigney</span> <span class='ocrx_word' id='word_1_544' title='bbox 1002 3493 1151 3533; x_wconf 73' lang='lat' dir='ltr'>brother</span> <span class='ocrx_word' id='word_1_545' title='bbox 1165 3495 1468 3536; x_wconf 81' lang='lat' dir='ltr'>the-cardinalof</span> <span class='ocrx_word' id='word_1_546' title='bbox 1479 3497 1650 3542; x_wconf 63' lang='lat' dir='ltr'>Lumin-</span> 
     </span>
     <span class='ocr_line' id='line_1_53' title="bbox 96 3545 1492 3602; baseline 0.008 -21"><span class='ocrx_word' id='word_1_547' title='bbox 96 3554 309 3577; x_wconf 45' lang='lat'>5-—</span> <span class='ocrx_word' id='word_1_548' title='bbox 325 3547 395 3584; x_wconf 87' lang='lat' dir='ltr'>and</span> <span class='ocrx_word' id='word_1_549' title='bbox 424 3547 607 3585; x_wconf 84' lang='lat' dir='ltr'>constable</span> <span class='ocrx_word' id='word_1_550' title='bbox 636 3546 682 3584; x_wconf 88' lang='lat' dir='ltr'>of</span> <span class='ocrx_word' id='word_1_551' title='bbox 694 3545 759 3583; x_wconf 85' lang='lat' dir='ltr'>the</span> <span class='ocrx_word' id='word_1_552' title='bbox 779 3547 882 3584; x_wconf 85' lang='lat' dir='ltr'>Scots</span> <span class='ocrx_word' id='word_1_553' title='bbox 907 3547 948 3584; x_wconf 87' lang='lat' dir='ltr'>in</span> <span class='ocrx_word' id='word_1_554' title='bbox 1061 3547 1129 3602; x_wconf 89' lang='lat'>(7)</span> <span class='ocrx_word' id='word_1_555' title='bbox 1157 3549 1257 3590; x_wconf 80' lang='lat' dir='ltr'>Gen.</span> <span class='ocrx_word' id='word_1_556' title='bbox 1277 3548 1492 3593; x_wconf 78' lang='lat' dir='ltr'>offirmarat.</span> 
     </span>
    </p>
   </div>
   <div class='ocr_carea' id='block_1_6' title="bbox 99 3596 950 3652">
    <p class='ocr_par' dir='ltr' id='par_1_6' title="bbox 99 3596 950 3652">
     <span class='ocr_line' id='line_1_54' title="bbox 99 3596 950 3652; baseline 0.006 -14"><span class='ocrx_word' id='word_1_557' title='bbox 99 3596 251 3647; x_wconf 67' lang='lat' dir='ltr'>france,</span> <span class='ocrx_word' id='word_1_558' title='bbox 286 3600 352 3640; x_wconf 87' lang='lat' dir='ltr'>lib.</span> <span class='ocrx_word' id='word_1_559' title='bbox 376 3599 438 3649; x_wconf 71' lang='grc' dir='ltr'>ιφ,</span> <span class='ocrx_word' id='word_1_560' title='bbox 464 3604 543 3652; x_wconf 72' lang='lat' dir='ltr'>c&#39;ap,</span> <span class='ocrx_word' id='word_1_561' title='bbox 564 3612 630 3652; x_wconf 63' lang='lat'>29,</span> <span class='ocrx_word' id='word_1_562' title='bbox 657 3599 718 3650; x_wconf 64' lang='lat' dir='ltr'>bis</span> <span class='ocrx_word' id='word_1_563' title='bbox 737 3598 869 3643; x_wconf 72' lang='lat' dir='ltr'>second</span> <span class='ocrx_word' id='word_1_564' title='bbox 884 3598 950 3644; x_wconf 69' lang='lat' dir='ltr'>soa</span> 
     </span>
    </p>
   </div>
   <div class='ocr_carea' id='block_1_7' title="bbox 1722 3711 1869 3776">
    <p class='ocr_par' dir='ltr' id='par_1_7' title="bbox 1722 3711 1869 3776">
     <span class='ocr_line' id='line_1_55' title="bbox 1722 3711 1869 3776; baseline 0.014 -17"><span class='ocrx_word' id='word_1_565' title='bbox 1722 3711 1869 3776; x_wconf 77' lang='lat' dir='ltr'>pudor</span> 
     </span>
    </p>
   </div>
  </div>
 </body>
</html>
