2096 3807
255 179 375 248 166
562 181 920 247 RERUM
1012 169 1698 248 Sco‘rIGARBM

245 281 471 329 dederunt
489 277 657 334 libido,
680 282 726 328 ὅτ
742 274 929 323 avaritia
945 275 994 322 in
1017 290 1091 322 me
1113 290 1297 340 quoque
1318 276 1478 325 adsunt
1500 293 1512 324 t
1544 275 1746 340 sedcquae
1765 290 1888 331 nunc
1910 273 2011 344 prs.

244 349 564 393 vata-torenna
583 341 768 396 occulit,
792 356 846 386 ea
875 339 1007 413 regni
1040 339 1229 388 licentia
1258 341 1414 389 solvet.
1482 341 1680 390 Proinde
1710 343 1815 391 vide
1848 361 1906 390 ne
1929 360 2003 391 me

243 409 408 457 nonin
430 423 639 472 regnum,
663 405 738 451 sed
759 404 805 450 in
829 403 1021 451 exitium
1041 419 1192 451 voces.
1238 404 1360 452 Cum
1378 404 1641 454 Macduffus
1662 406 1835 461 adhaee
1857 407 2007 469 subje-

242 472 368 521 cisset
405 475 652 520 multorum
685 467 926 515 libidinem
939 467 1120 515 liberali
1137 467 1356 533 conjugio
1373 468 1503 525 solvi,
1518 472 1569 521 ἃ
1586 469 1822 517 avaritiam
1840 487 2007 533 poenu·

239 537 319 587 riae
343 551 465 585 metu
488 547 641 581 amoto
664 531 906 595 temperari
930 550 941 578 :
973 531 1142 594 adjecit
1158 531 1494 581 Milcolumbus
1515 533 1558 580 se
1579 535 1716 581 malle
1738 550 1860 582 nunc
1882 535 2008 598 apud

241 602 438 649 amicum
461 596 660 662 ingenue
684 596 832 652 fateri,
857 613 997 662 quam
1013 596 1108 645 sero
1129 612 1236 645 cum
1255 597 1457 645 maximo
1479 597 1706 662 utriusque
1728 599 1850 646 malo
1867 598 1914 644 in
1936 598 2008 646 vi-

241 667 310 713 tio
331 662 611 729 deprehendi
635 679 647 708 :
684 661 799 708 nihil
823 661 905 710 sibi
923 661 1040 716 veri,
1079 659 1199 709 nihil
1230 661 1388 708 finceri
1421 660 1469 708 in
1491 662 1645 708 animo
1671 664 1755 710 effe
1780 682 1791 710 ε
1831 661 2007 710 nemini

239 730 415 792 prorsus
437 727 591 781 fidere,
612 731 652 773 δε
670 725 855 773 consilia
875 727 933 773 ad
947 742 1103 773 omnes
1124 725 1418 788 suspitionum
1439 742 1568 773 auras
1586 738 1778 782 mutare,
1803 733 1843 774 &
1862 743 1919 774 ex
1941 725 2007 773 sui

239 792 416 856 ingenii
439 790 739 838 inconstantia
755 790 984 851 judicium
1003 791 1061 837 de
1083 789 1181 837 aliis
1205 790 1367 838 facere.
1416 792 1488 838 Ad
1513 791 1611 837 haec
1633 791 1915 845 Macduffus,
1936 792 2004 837 A-

238 875 376 922 page,
400 855 571 919 inquit,
591 854 731 918 Regii
753 854 1000 918 sanguinis,
1025 869 1078 901 ac
1119 854 1316 902 nominis
1351 855 1819 911 dehonestamentum,
1839 860 1879 902 δι
1897 869 2007 929 pro·

238 922 420 986 digium
443 936 533 967 non
554 920 610 966 ad
631 935 821 981 regnum
840 919 1175 971 accersendum,
1197 918 1336 965 sedin
1354 932 1578 966 extremas
1597 918 1720 967 orbis
1740 919 2007 966 solitudines

236 985 573 1049 deportandum
599 1002 610 1030 z
645 989 684 1031 δι
707 999 810 1030 cum
835 983 958 1030 dicto
979 982 1118 1029 iratus
1142 982 1371 1030 discedere
1392 984 1595 1046 parabat.
1680 985 1807 1030 Tum
1832 983 2006 1031 Milco-

237 1051 420 1098 lumbus
443 1047 643 1097 hominis
668 1064 804 1094 manu
826 1047 1104 1111 apprehensa
1117 1047 1293 1094 causam
1317 1046 1616 1095 simulationis
1631 1047 1842 1102 ostendit,
1866 1048 1908 1094 se
1931 1058 2002 1094 to-

238 1117 323 1164 ties
346 1112 584 1163 Macbethi
607 1110 779 1159 insidiis
810 1113 1023 1176 petitum,
1066 1125 1114 1159 ut
1136 1129 1227 1159 non
1251 1123 1421 1159 temere
1443 1111 1585 1159 cuivis
1609 1112 1775 1158 audeat
1804 1112 2006 1158 credere.

237 1183 305 1229 At
326 1179 373 1227 in
397 1179 617 1226 Macduffi
641 1192 725 1224 nec
781 1193 931 1232 enere,
956 1192 1040 1223 nec
1058 1176 1279 1233 moribus,
1300 1191 1385 1223 nec
1404 1176 1543 1231 fama,
1563 1191 1648 1223 nec
1669 1175 1851 1222 fortuna
1870 1174 2005 1239 quic-

235 1263 375 1310 quam
399 1244 441 1292 se
462 1243 587 1298 scire,
614 1242 732 1288 unde
747 1195 957 1289 {audem
980 1241 1256 1288 extimescat.
1290 1241 1440 1305 Igitur
1460 1241 1582 1295 data,
1604 1251 1896 1303 accaeptaque
1913 1239 2003 1287 fide

237 1312 297 1358 de
323 1308 502 1372 tyranni
524 1306 667 1354 exitio
690 1306 962 1362 consultant,
987 1306 1145 1352 amicis
1176 1322 1257 1369 per
1279 1305 1468 1353 secretos
1489 1306 1680 1353 nuncios
1702 1302 2003 1367 praemonitis,

236 1375 295 1422 ab
317 1373 533 1422 Eduardo
565 1373 694 1435 Rege
731 1371 889 1418 decem
913 1369 1058 1417 millia
1095 1370 1294 1430 militum
1325 1369 1594 1434 accipiunt:
1630 1370 1746 1417 duce
1780 1368 1997 1416 omnibus

237 1439 456 1504 praefec’to
479 1436 671 1485 Sibardo
692 1434 992 1482 Milcolumbi
1015 1451 1100 1482 avo
1132 1447 1353 1482 materno.

301 1505 435 1551 XIII.
472 1502 549 1550 Ad
569 1501 740 1548 famam
761 1500 857 1561 ejus
878 1498 1102 1547 exercitus
1120 1498 1277 1562 magni
1293 1499 1342 1551 ,in
1363 1499 1515 1546 Scotia
1536 1510 1685 1546 motus
1708 1498 1815 1546 facti
1835 1515 1847 1545 ε
1873 1515 2003 1562 mag-

235 1568 286 1616 ni
307 1566 515 1632 quotidie
537 1566 594 1612 ad
617 1581 787 1611 novum
806 1566 984 1625 Regem
1014 1564 1270 1610 concursus.
1341 1563 1616 1610 Macbethus
1641 1578 1784 1626 prope
1802 1563 2002 1609 desertus

237 1633 296 1679 ab
317 1631 549 1683 omnibus,
571 1645 677 1676 cum
695 1628 740 1675 in
762 1641 853 1674 tam
873 1626 1110 1690 repentina
1129 1626 1386 1674 defeclione
1409 1628 1526 1674 nihil
1545 1627 1708 1673 melius
1726 1638 2001 1680 occurreret,

233 1697 284 1745 in
307 1711 457 1745 arcem
480 1695 793 1741 Dunsinanam
818 1693 857 1738 se
879 1692 1076 1746 inclusit,
1101 1691 1234 1738 miffis
1255 1691 1301 1737 in
1328 1691 1555 1742 AEbudas,
1593 1696 1633 1736 δε
1656 1689 1929 1736 Hiberniam
1952 1706 2004 1736 a·

235 1761 386 1816 miciS,
405 1771 454 1806 ut
477 1756 812 1823 pecuniaillinc
828 1756 1023 1803 militem
1042 1757 1364 1802 conducerent.
1386 1753 1720 1801 Milcolumbus
1743 1754 1931 1801 consilio
1952 1770 2001 1800 e-

228 1824 305 1888 Jus
328 1824 485 1873 audito
503 1825 624 1870 reita
645 1822 703 1868 ad
724 1838 829 1868 eum
854 1821 999 1875 ducit,
1023 1820 1199 1885 populo
1217 1836 1490 1881 quacunque
1509 1818 1607 1865 ibat
1629 1819 1744 1865 bene
1767 1831 1998 1882 precante,

235 1906 287 1937 ac
309 1888 460 1937 faustis
479 1886 884 1934 acclamationibus
902 1902 1008 1933 eum
1030 1885 1345 1949 prosequente.
1376 1886 1482 1931 Hoc
1501 1883 1628 1930 velut
1645 1882 1799 1929 omine
1816 1882 1998 1930 vistori-

236 1970 275 2001 ae
296 1954 392 2002 laeti
416 1951 584 2000 milites
607 1950 792 1998 frondes
814 1950 1011 1998 virentes
1033 1949 1176 2012 galeis
1199 1965 1354 1995 omnes
1379 1947 1700 2021 apposuerunt,
1712 1946 1999 2010 triurnphan-

234 2018 445 2081 tiumque
469 2017 615 2079 magis
637 2030 774 2079 quam
800 2015 855 2062 ad
879 2030 1081 2077 pugnam
1106 2012 1502 2077 progredientium
1522 2009 1668 2075 specie
1686 2026 1849 2074 agmen
1873 2012 1998 2058 ince-

234 2083 387 2130 debat.
432 2082 499 2129 Ea
521 2079 784 2142 perterritus
804 2078 997 2125 hostiurn
1022 2078 1189 2124 fiducia
1212 2077 1494 2124 Macbethus
1514 2074 1752 2122 confestim
1772 2075 1820 2122 in
1840 2075 1999 2140 fugam

234 2147 277 2195 se
299 2146 427 2194 dedit
454 2165 465 2192 :
499 2143 669 2191 milites
698 2143 794 2205 ejus
817 2160 843 2189 a
864 2143 980 2189 duce
1004 2142 1166 2189 deserti
1189 2140 1500 2188 Milcolumbo
1522 2139 1565 2186 se
1601 2139 1890 2187 dediderunt.
1923 2141 1996 2201 (i)

233 2212 388 2260 Multa
416 2209 492 2257 hic
520 2207 720 2254 fabulose
787 2207 941 2254 uidam
973 2207 1223 2253 nostrorum
1265 2206 1518 2269 affingunt:
1564 2203 1639 2250 sed
1655 2204 1768 2267 quia
1785 2204 1989 2258 theatris,

234 2289 314 2326 aut
337 2273 526 2322 Milesiis
560 2271 728 2318 fabulis
750 2224 858 2318 <sunt
888 2271 1080 2334 aptiora,
1103 2287 1241 2334 quam
1272 2269 1485 2322 historiae,
1519 2284 1574 2314 ea
1605 2268 1787 2315 omitto.
1865 2269 1996 2315 Mac-

233 2341 397 2390 bethus
419 2337 743 2401 septemdecim
765 2335 894 2383 annis
912 2335 977 2382 rei
999 2335 1188 2381 Scoticae
1211 2334 1409 2396 praefuit.
1454 2334 1631 2380 Decem
1650 2332 1809 2396 primis
1830 2331 1997 2395 optimi
2068 2363 2071 2365 -
2095 2321 2096 2336 ’

232 2403 374 2468 Regis
396 2402 547 2451 officio
565 2402 624 2449 est
647 2401 826 2448 functus
853 2419 864 2447 ε
897 2400 1067 2463 septem
1085 2397 1302 2463 supremis
1323 2396 1640 2447 crudelitatem
1659 2394 1995 2446 {aeviffimorum

234 2484 529 2533 tyrannorum
554 2464 687 2513 facile
710 2464 924 2529 aequavit.
1157 2474 1159 2477 “

860 2551 1128 2598 LXXXVI.
1183 2553 1224 2598 R
1248 2551 1286 2598 E
1310 2551 1369 2598 X.

294 2629 428 2676 XIV.
461 2628 516 2674 M
530 2628 549 2673 Ι
562 2627 602 2673 L
617 2627 657 2673 C
670 2627 767 2674 01.
781 2627 828 2674 U
846 2627 899 2672 M
913 2627 946 2673 B
963 2627 1010 2674 U
1027 2626 1062 2672 S.
1088 2640 1355 2690 recuperato
1375 2637 1566 2690 paterno
1580 2641 1724 2689 regno
1743 2623 1906 2673 Sconae
1922 2624 1995 2673 vi-

227 2692 393 2742 cefimo
413 2692 576 2755 quinto
597 2691 671 2738 die
707 2690 898 2755 Aprilis,
922 2706 1042 2736 anno
1058 2707 1086 2737 a
1107 2690 1287 2737 Christo
1309 2703 1418 2738 nato
1447 2706 1582 2755 1057,
1608 2691 1708 2736 Rex
1730 2689 1819 2737 fuit
1840 2690 1992 2737 decla-
2068 2695 2077 2733 ’,

229 2770 369 2805 ratus.
423 2756 586 2803 Statim
608 2764 752 2819 regno
773 2754 974 2817 suscepto
994 2766 1270 2802 conventum
1292 2754 1523 2802 Forfaram
1545 2752 1730 2801 indixit.
1790 2753 1994 2802 Primum
2072 2763 2079 2818 J

228 2820 437 2869 omnium
455 2819 608 2867 liberis
630 2836 806 2873 eorum,
830 2819 911 2882 qui
933 2835 960 2864 a
976 2817 1229 2865 Macbetho
1249 2829 1378 2865 erant
1395 2817 1550 2872 occisi,
1573 2817 1695 2864 bona
1715 2830 1903 2880 paterna
1924 2835 1994 2865 re-

227 2886 385 2937 stituit.
456 2886 527 2947 (2)
563 2886 610 2931 A
629 2883 864 2934 nonnullis
884 2883 1060 2946 primus
1081 2882 1282 2929 creditur
1298 2898 1435 2939 nova,
1461 2887 1501 2937 δι
1523 2881 1766 2946 peregrina
1786 2881 1991 2937 nomina,

278 3015 344 3066 (ι)
366 3014 579 3053 Macduffus
591 3023 790 3064 tyrannum
803 3010 1012 3061 fugiente-m
1027 3013 1081 3049 as·
1136 3014 1208 3055 111.
1231 3012 1298 3051 but
1321 3011 1404 3053 that
1421 3011 1470 3051 he
1495 3012 1570 3050 first
1601 3012 1716 3061 began
1742 3022 1780 3050 to
1798 3013 1991 3051 introduce

231 3069 385 3115 secutus,
401 3077 511 3120 caput
527 3067 634 3106 occisi
653 3069 696 3104 ad
716 3067 795 3104 suos
812 3065 954 3103 retulit.
976 3066 1064 3104 MS.
1137 3079 1207 3114 any
1223 3065 1269 3103 of
1284 3064 1404 3112 them,
1423 3065 1469 3103 of
1480 3063 1606 3103 which
1628 3065 1844 3112 Buchanan„
1859 3064 1990 3103 makes

282 3123 343 3170 (2)
372 3123 456 3159 Our
471 3121 607 3159 author
624 3121 713 3169 only
727 3120 859 3157 relates
876 3120 942 3156 the
958 3119 1080 3168 opini-
1135 3132 1156 3156 a
1173 3118 1245 3157 full
1264 3118 1537 3164 enumeration,
1548 3127 1613 3156 not
1629 3120 1718 3168 only
1729 3116 1773 3156 of
1789 3118 1892 3156 those
1906 3117 1991 3158 that

227 3186 276 3212 oii
296 3174 341 3212 cf
353 3174 491 3220 others,
509 3183 575 3212 not
591 3173 652 3211 his
669 3185 781 3220 own3
803 3172 860 3209 for
878 3171 940 3208 ’tis
958 3171 1081 3209 mani·
1136 3185 1232 3209 were
1263 3171 1432 3221 supposed
1463 3179 1502 3209 tu
1530 3172 1573 3208 be
1597 3171 1812 3209 introduced
1839 3179 1878 3209 at
1907 3170 1990 3209 that

228 3227 308 3273 fest,
331 3229 373 3275 by
392 3227 456 3264 the
475 3228 574 3264 book
590 3227 635 3264 of
650 3226 714 3264 the
731 3226 793 3264 old
811 3226 900 3262 laws
917 3224 1081 3270 oi',‚Sc0t-
1135 3224 1318 3270 time,but
1331 3225 1543 3264 afterwards
1557 3226 1665 3262 down
1679 3234 1719 3263 to
1728 3223 1790 3263 his
1801 3237 1900 3262 own.
1928 3224 1990 3261 He

227 3280 327 3325 land,
341 3280 423 3316 that
441 3279 535 3327 king
553 3279 750 3324 Kennet'n,
770 3286 871 3327 great
889 3277 1081 3326 grand-fa·
1135 3277 1293 3315 himself
1305 3279 1436 3315 relates
1465 3277 1533 3315 lib.
1558 3289 1619 3315 xo.
1648 3290 1727 3326 cap.
1755 3288 1796 3326 4.
1815 3275 1899 3313 that
1923 3275 1989 3315 the

225 3330 311 3368 ther
328 3340 366 3368 to
394 3332 488 3379 king
506 3332 691 3370 Malcolm
709 3333 910 3376 Canmore,
928 3329 1000 3367 had
1020 3330 1079 3367 in·
1135 3330 1210 3367 first
1227 3329 1345 3368 dukes
1362 3331 1505 3377 created
1536 3330 1575 3367 in
1595 3331 1769 3368 Scotland
1797 3342 1894 3367 were
1912 3327 1992 3365 Da-

226 3383 375 3421 stituted
393 3384 500 3428 earls,
520 3385 648 3421 bar-ons
675 3387 745 3422 and
776 3383 932 3432 knights
959 3383 1000 3420 in
1019 3382 1079 3420 his
1131 3382 1193 3420 vid
1211 3383 1256 3420 of
1269 3382 1469 3431 Rothesay,
1490 3384 1560 3420 and
1578 3382 1722 3420 Robert
1750 3381 1796 3419 of
1808 3381 1957 3431 Albany
1975 3395 1989 3429 ς

224 3435 334 3474 time.
389 3437 476 3472 And
506 3436 610 3474 there
641 3438 671 3474 is
701 3437 790 3475 here
809 3449 855 3472 an
885 3435 1012 3486 ellipse
1040 3436 1086 3474 of
1134 3436 1200 3472 the
1217 3436 1328 3473 latter
1346 3435 1410 3473 the
1426 3434 1590 3482 brother,
1602 3436 1673 3472 and
1691 3434 1757 3472 the
1774 3432 1991 3472 former-the

222 3490 350 3537 quales
366 3501 408 3524 or
426 3497 466 3524 ut
485 3488 605 3525 before
624 3490 758 3534 Duces,
780 3489 996 3538 importing,
1015 3497 1080 3526 not
1134 3488 1197 3525 son
1215 3488 1260 3525 os
1273 3489 1479 3526 RobertII.
1500 3489 1571 3525 and
1590 3486 1789 3537 marquises
1805 3500 1901 3524 were
1914 3486 1988 3524 first

223 3541 307 3578 that
334 3541 386 3578 all
411 3539 511 3576 these
528 3541 701 3579 different
714 3545 864 3590 degrees
882 3544 951 3579 and
978 3540 1080 3579 titles
1132 3543 1274 3578 created
1295 3541 1339 3589 by
1357 3541 1451 3590 king
1467 3541 1595 3592 James
1611 3541 1685 3579 VI.
1698 3540 1736 3579 in
1750 3537 1990 3593 Buchanap'e

223 3594 270 3631 of
292 3593 438 3634 honour
466 3606 561 3630 were
584 3594 799 3644 introduced
829 3594 873 3643 by
894 3594 1078 3641 Malcolm
1129 3607 1216 3631 own
1237 3594 1341 3633 time.

1886 3670 1991 3747 <iffa

2040 3609 2048 3618 .

2049 3537 2079 3663 ςῗῄῧέ
2049 3188 2080 3530 ξδ’-ι-..ᾁὶἰιιῐιιισ
2061 3162 2079 3178 ἰ
2072 3123 2078 3133 .
2063 3101 2075 3112 ι

2030 3654 2049 3680 7

2060 3666 2077 3682 ἦ

2030 3687 2077 3705 κδ

2066 3790 2076 3801 k

2040 3707 2072 3807 ἓ

2049 3643 2057 3650 2
