2055 3828
198 199 333 265 254
533 180 894 247 RERUM
985 165 1668 249 Sco’rtca‘num

198 276 463 342 legerimus.
530 272 847 324 Postulationis
869 282 1020 338 autern
1042 271 1333 338 iniquitatem
1355 274 1428 321 vel
1447 274 1555 322 inde
1571 275 1707 324 facile
1725 277 1964 343 apparere}
2027 297 2041 305 r

200 342 331 406 quod
352 340 497 390 Scotis
519 340 749 401 integrum
769 336 916 384 fuisset
936 353 1020 399 per
1039 338 1218 403 Anglos
1236 337 1283 385 in
1300 354 1411 402 pace
1432 338 1768 402 conquiescere,
1793 355 1844 391 ac
1870 341 1964 390 Re'-
2024 360 2030 372 ·

197 422 311 470 gum
342 404 745 470 potentissimorum
779 400 898 448 inter
935 400 976 447 se
1008 400 1282 450 bellantium
1313 403 1399 450 sese
1433 403 1702 466 spestatores
1739 406 1960 467 praebere.

199 470 351 518 Gallis
371 485 460 516 non
483 468 604 513 idem
628 466 807 513 licitum
831 465 976 519 fuisse,
1012 463 1095 513 nisi
1118 467 1239 513 bona
1271 465 1441 514 Galliae
1462 482 1590 530 parte
1617 468 1776 516 cedere
1797 468 1964 516 voluis·
2016 493 2048 535 [ιι

198 533 295 581 sent
320 553 330 580 :
378 548 459 579 nec
501 530 542 576 se
576 531 729 578 videre
758 529 832 576 cui
854 529 950 577 usui
972 530 1068 592 ejus
1090 529 1253 594 oppidi
1287 530 1484 594 possessio
1518 531 1669 580 Gallis
1699 533 1782 580 effe
1804 534 1963 596 posset,
2043 544 2051 594 j

197 598 280 644 nisi
302 609 349 642 ut
367 595 492 642 velut
509 594 650 643 fraeno
668 594 834 657 injedto
849 593 1200 658 pacis,bellique
1215 593 1451 643 arbitrium
1471 612 1608 658 penes
1621 595 1662 643 se
1677 598 1760 645 esse
1773 597 1961 648 vellent.
2041 603 2043 606 ’

196 661 336 723 Qod
361 660 390 705 si
411 659 460 705 id
481 675 639 706 eorum
662 658 900 708 consilium
924 659 1049 714 esset,
1069 676 1162 706 non
1186 660 1328 706 solum
1354 659 1528 714 utilius,
1555 660 1628 708 sed
1647 661 1784 709 etiam
1807 655 1966 708 hones-

197 725 284 770 tius
312 726 551 770 Scotorum
577 724 784 788 Regibus
805 724 890 770 effe
909 739 964 770 eo
987 739 1154 780 carere,
1178 723 1317 788 quam
1343 738 1435 771 tam
1465 724 1554 771 levi
1575 724 1632 772 de
1655 725 1784 772 causa
1805 725 1853 772 in
1875 724 1962 773 ser-

196 789 388 834 vitutem
413 787 455 834 se
473 788 777 834 voluntariam
804 788 987 834 dedere.
1049 788 1128 835 Sin
1153 802 1244 835 tam
1263 788 1422 852 iniqua
1444 787 1666 852 petitione
1691 789 1818 836 Galli
1844 790 1965 837 redi·
2028 811 2050 836 n

194 864 291 898 tum
315 852 373 899 ad
389 851 506 907 suos,
528 853 769 915 quemjam
784 852 962 915 pridem
975 852 1244 906 moliuntur,
1266 853 1476 900 excusare
1493 866 1730 907 conentur,
1748 851 1862 899 nihil
1881 853 1967 900 hac
2017 899 2027 906 ,

197 916 484 963 excusatione
506 932 622 979 opus
638 916 792 963 fuiffe:
826 931 931 962 nam
957 929 1006 963 ut
1033 918 1153 963 ultro
1177 918 1476 973 advenerunt,
1500 916 1564 964 ita
1592 917 1670 963 suo
1692 916 1757 964 eis
1778 915 1970 965 arbitrio
2041 943 2048 972 ς

193 980 368 1043 semper
381 980 551 1027 licuisse
567 975 811 1028 discedere.
843 981 1012 1043 Neque
1027 997 1290 1044 quenquam
1306 980 1494 1036 morari,
1510 998 1604 1045 quo
1615 980 1960 1037 minusnbeatit,
2026 984 2044 1042 ¹³,

194 1045 381 1107 quando
402 1060 579 1099 eorum,
614 1046 645 1092 si
667 1045 802 1092 inviti
826 1044 1087 1100 manserint,
1113 1061 1297 1107 operam
1322 1044 1533 1092 inutilem
1557 1044 1654 1093 fore
1675 1045 1970 1109 prospiciant),
2033 1048 2037 1055 “

256 1110 361 1156 LII.
395 1110 466 1157 Ita
503 1110 701 1157 reditum
730 1111 791 1156 est
813 1108 839 1156 ὲ
862 1109 1100 1175 Rosburgo
1123 1127 1170 1156 re
1193 1109 1392 1157 inseiia:
1451 1115 1492 1156 δε
1531 1124 1636 1157 cum
1676 1123 1807 1158 antea
1851 1108 1967 1174 saepe

192 1190 354 1238 graves
373 1174 673 1237 querimonias
689 1175 903 1236 utrinque
923 1174 1120 1226 fuissent,
1143 1186 1239 1221 tum
1265 1175 1294 1222 si
1313 1174 1483 1222 diutius
1503 1190 1570 1221 res
1590 1174 1637 1222 in
1658 1190 1712 1221 eo
1731 1175 1841 1221 statu
1861 1178 1963 1234 per'-
2040 1225 2042 1229 ,

195 1239 465 1293 mansissent,
490 1239 645 1302 aperte
669 1239 776 1286 inde
794 1238 1053 1286 inimicitiae
1075 1238 1349 1286 videbantur
1365 1238 1567 1286 oriturae.
1637 1238 1786 1303 Origo
1809 1252 1964 1286 autem

192 1303 511 1351 dissensionum
533 1320 590 1350 ex
620 1300 794 1350 diversa
817 1302 1047 1367 utriusque
1069 1302 1116 1349 in
1144 1303 1267 1350 bello
1290 1302 1477 1350 vivendi
1513 1303 1839 1350 consuetudine
1858 1318 1966 1366 pro-

194 1367 334 1416 ceffit.
359 1359 376 1377 '
403 1368 528 1414 Scoti
552 1368 694 1423 enim,
720 1373 760 1415 &
785 1367 932 1431 Angli
954 1384 1047 1415 non
1064 1367 1213 1414 minus
1237 1368 1511 1422 verecunde,
1537 1366 1886 1415 &continenter
1913 1366 1962 1414 in

194 1432 336 1487 bello,
356 1430 495 1496 quam
520 1431 566 1479 in
587 1449 698 1496 pace
720 1431 843 1495 apud
864 1431 985 1478 cives
1009 1432 1106 1479 suos
1125 1446 1286 1496 agunt.
1311 1437 1350 1478 δι
1375 1433 1495 1478 bona
1517 1432 1605 1479 side
1627 1432 1685 1479 ab
1707 1431 1960 1495 hospitibus

190 1493 379 1560 accepta
397 1495 592 1545 solvunt.
661 1496 822 1544 Franci
844 1513 951 1543 vero
965 1497 1088 1560 quasi
1123 1495 1307 1559 publice
1330 1495 1539 1560 permisso
1562 1495 1817 1550 latrocinio,
1842 1511 1957 1559 qua-

194 1575 377 1624 cunque
400 1561 645 1615 transeunt‚
667 1562 841 1623 przedas
864 1574 1009 1624 agunt
1033 1580 1044 1607 t
1078 1564 1127 1610 ὅ(
1150 1559 1229 1623 qui
1254 1559 1279 1606 a
1303 1559 1498 1623 pueritia
1520 1558 1625 1607 huic
1647 1559 1831 1607 vivendi
1854 1560 1962 1608 rati-

193 1625 272 1671 oni
295 1626 595 1680 assueverunt‚
621 1625 746 1686 quod
770 1625 944 1688 semper
967 1624 1136 1671 factum
1155 1623 1482 1685 videruntjure
1501 1623 1598 1670 fieri
1620 1636 1795 1687 putant.
1871 1625 1962 1672 Ita·
2044 1665 2049 1672 .

192 1704 284 1752 que
304 1701 407 1735 ante
432 1689 479 1736 id
503 1703 683 1752 tempus
718 1705 824 1735 cum
862 1705 943 1735 nec
966 1688 1126 1736 Franci
1163 1687 1189 1733 :⁸2
1227 1687 1355 1735 solita
1380 1688 1624 1750 rapacitate
1643 1687 1684 1734 se
1707 1687 1960 1743 continere,
2037 1717 2047 1734 .·

193 1767 278 1812 nec
299 1753 426 1800 Scoti
444 1753 670 1801 insolitam
694 1753 952 1801 servitutem
977 1752 1195 1814 suscipere
1227 1753 1416 1814 possent,
1444 1752 1557 1815 saepe
1582 1751 1707 1808 rixae,
1733 1764 1870 1815 atque
1890 1750 1963 1799 in-

196 1818 374 1865 terdum
400 1833 569 1881 pugnae
593 1817 694 1865 aliis
719 1818 870 1865 aliena
887 1817 1187 1880 rapientibus,
1208 1815 1306 1863 aliis
1326 1816 1400 1862 sua
1423 1815 1655 1863 tuentibus
1669 1815 1963 1864 consereban-

194 1895 284 1928 tur.
352 1882 481 1929 Tum
503 1884 598 1944 post
622 1884 737 1929 hanc
759 1884 815 1929 ad
837 1883 1125 1944 Rosburgum
1150 1880 1472 1927 alienationem
1491 1895 1592 1926 cum
1613 1881 1858 1927 Gallorum
1881 1897 1963 1945 pa·

195 1947 426 1994 bulatores
442 1959 659 2009 tanquam
679 1947 802 1993 brevi
818 1946 1041 1994 discessuri
1059 1946 1226 2007 majore
1241 1944 1379 2007 quam
1396 1957 1526 1991 antea
1539 1944 1724 1992 licentia
1737 1959 1961 2009 raperent,
2025 1942 2055 1997 ,ξ’

195 2016 237 2058 &
259 2010 408 2058 rustici
429 2010 657 2074 indignati
687 2011 724 2057 se
749 2011 922 2075 paucis,
946 2012 997 2061 δε
1020 2008 1273 2075 peregrinis
1302 2011 1466 2072 praedae
1496 2008 1601 2063 effe,
1617 2009 1828 2071 jumenta
1848 2008 1963 2074 saepe
2031 2020 2053 2061 ³-

194 2074 510 2122 abstrahebant
535 2093 545 2121 :
598 2075 820 2122 ministros
843 2074 1111 2137 pabulatum
1134 2072 1300 2127 missos,
1327 2078 1373 2121 8<
1400 2071 1567 2119 milites
1590 2090 1645 2119 va
1680 2090 1729 2120 os
1754 2074 1961 2121 vulnera·

194 2140 323 2195 bant,
347 2152 484 2203 atque
506 2138 737 2187 interdum
760 2138 1049 2186 occidebant.
1119 2137 1430 2201 Qierimoniis
1453 2138 1510 2184 ad
1543 2153 1628 2184 con
1650 2138 1781 2185 ilium
1806 2137 1958 2185 relatis
2016 2183 2022 2187 .

191 2220 285 2251 uno
308 2204 516 2250 omnium
538 2201 1076 2268 agricolarum'consensu
1098 2201 1410 2265 respondetur,
1445 2200 1487 2248 se
1517 2201 1700 2274 gravius
1732 2201 1758 2248 a
1790 2201 1961 2260 Gallis,
2014 2223 2054 2254 ,τι

192 2267 278 2330 quiv
297 2268 338 2315 se
360 2267 566 2316 dicerent
587 2268 775 2323 amicos,
796 2266 937 2331 quam
956 2268 1016 2313 ab
1038 2267 1205 2332 Anglis
1227 2282 1283 2313 ex
1316 2264 1509 2328 professo
1531 2266 1728 2317 inimicis
1751 2265 1961 2331 expilari}
1980 2275 1998 2314 2
2028 2292 2048 2316 ,-

199 2334 361 2395 Itaque
382 2349 472 2380 non
493 2331 619 2396 prius
643 2333 905 2396 peregrinos
923 2331 1197 2385 discessuros,
1256 2346 1360 2376 uam
1383 2330 1490 2377 data
1511 2331 1678 2378 damna
1699 2330 1964 2396 compensa*
2014 2307 2055 2395 ἐξ

194 2410 294 2443 rent
319 2417 329 2445 :
364 2414 448 2446 nec
462 2398 520 2444 ab
542 2398 633 2444 hac
651 2396 902 2460 pertinacia
921 2395 947 2441 a
967 2394 1211 2459 Duglaffiis
1222 2347 1512 2441 qhominibus
1548 2394 1747 2442 maxime
1766 2396 1961 2460 popula·
2009 2401 2025 2446 ‘⁴
2048 2396 2055 2404 “

198 2460 323 2509 ribus
347 2461 514 2509 deduci
537 2474 799 2525 potuerunt.
868 2459 1070 2508 Remisso
1101 2458 1243 2523 igitur
1265 2457 1467 2506 e'xercit'u
1501 2457 1596 2506 dux
1629 2457 1677 2507 in
1698 2459 1852 2506 Scotia
1889 2475 1961 2506 re·

200 2538 369 2578 tentus,
391 2526 538 2582 donec
560 2526 905 2573 omnibusvesl'et
923 2524 1217 2589 persolutum.
1267 2522 1518 2570 Gallicum
1538 2523 1595 2570 ad
1613 2523 1840 2570 Caiendas
1858 2524 1959 2571 Noss
1995 2549 2007 2562 ν

190 2591 403 2637 vembres
426 2591 529 2637 vela
552 2585 771 2643 fec'iss‘ent,
797 2587 922 2636 Scoti
940 2589 1035 2635 'sive
1059 2587 1289 2635 laboribus
1309 2586 1489 2634 bellicis
1506 2586 1746 2650 superioris
1761 2588 1867 2635 anni
1892 2587 1959 2635 fa·

191 2652 345 2717 tigati,
368 2654 455 2700 five
476 2654 631 2717 praeda
648 2666 715 2701 tot
737 2652 942 2701 secundis
965 2649 1337 2717 expeditionibus
1356 2649 1520 2706 satiati,
1535 2666 1589 2699 ca
1603 2650 1791 2716 quidem
1809 2650 1961 2699 hieme

191 2717 485 2782 quieverunt.
1125 2752 1133 2761 ·
1551 2717 1557 2730 ¹
1943 2728 1956 2769 .“
1987 2751 1990 2755 -

254 2781 386 2830 LIII.
426 2780 645 2829 Proximo
667 2798 770 2829 vere
793 2781 1057 2829 Gulielmus
1081 2779 1340 2845 Duglaffius
1378 2778 1615 2826 Arcibaldi
1649 2778 1959 2844 ReguliGal-

193 2846 419 2894 lovidiani
454 2846 573 2894 filius
607 2846 654 2892 in
691 2843 964 2902 Hiberniam
998 2844 1250 2910 navigavit,
1272 2856 1321 2890 ut
1341 2844 1522 2897 ⁴crebras
1544 2843 1857 2891 Hibernorum
1880 2859 1960 2891 ex-

190 2911 440 2959 scensiones
474 2911 524 2958 in
560 2910 875 2961 Gallo.idiam
913 2910 1050 2958 sassas
1081 2915 1121 2956 δι
1150 2909 1197 2977 iq
1233 2907 1471 2972 praesentia
1507 2907 1810 2965 ulcisceretur,
1845 2913 1885 2955 &
1911 2907 1982 2957 in.

189 2976 418 3038 posterum
439 2974 722 3040 prohiberet.
794 2977 902 3022 Erat
921 2974 958 3021 is
979 2972 1244 3021 Gulielmus
1268 2971 1456 3019 Scoticae
1472 2972 1724 3034 juventutis
1746 2970 1959 3020 omnibus
1990 2973 1995 2989 ⁸

189 3039 416 3103 corporiS,
454 3044 504 3089 ὃς
529 3038 673 3086 animi
706 3038 956 3086 virtutibus
978 3039 1115 3100 longe
1138 3036 1326 3100 primus.
1395 3037 1564 3101 Ingens
1587 3051 1768 3100 corpus,
1805 3041 1845 3083 δι
1875 3051 1957 3100 pe-

190 3103 320 3150 rinde
349 3108 486 3158 vires,
514 3102 757 3166 formaque
783 3103 928 3167 (quod
952 3101 999 3148 in
1024 3115 1115 3147 tam
1136 3102 1253 3148 vasta
1275 3099 1592 3164 magnitudine
1609 3115 1707 3147 raro
1729 3100 1840 3148 solet
1855 3106 1960 3147 eve-'

188 3167 303 3227 nire)
329 3183 434 3215 cum
458 3167 581 3214 virili
603 3166 828 3232 dignitate
849 3178 993 3230 grata.
1019 3166 1304 3212 Accesserant
1325 3166 1383 3211 ad
1406 3166 1505 3211 haec
1522 3163 1630 3211 beu-2
1652 3164 1816 3211 decora
1836 3182 1848 3212 :
1874 3163 1968 3209 sae·'

191 3248 249 3292 pe
273 3246 377 3278 cum
398 3231 554 3294 paucis
579 3233 715 3296 longe
738 3232 891 3294 plures
912 3230 1105 3277 hostium
1128 3231 1355 3293 aggressus
1376 3228 1522 3276 victor
1536 3228 1732 3275 evaserat
1759 3246 1769 3274 z
1805 3226 1956 3274 necin
1987 3283 1990 3286 ⁴

189 3295 283 3340 ulla
305 3294 395 3351 fuit
417 3296 729 3359 expeditione,
764 3295 812 3342 in
845 3310 938 3359 qua
958 3295 1101 3341 virtus
1130 3295 1226 3356 ejus
1260 3308 1351 3339 non
1372 3292 1604 3339 enituerit.
1671 3293 1826 3355 Atque
1854 3291 1960 3338 haec
1984 3295 1986 3300 '

185 3356 307 3405 bona
327 3375 430 3420 quae
454 3358 501 3405 in
526 3359 763 3424 plaerisque
781 3359 925 3407 solent
945 3359 1029 3406 esse
1052 3357 1290 3411 invidiosa,
1314 3356 1522 3413 comitas,
1555 3361 1596 3402 Sc
1619 3354 1834 3402 modestia
1853 3369 1954 3401 om·
2000 3358 2055 3448 '³¹⁴1

184 3420 321 3468 nibus
348 3434 396 3468 ut
417 3438 547 3485 grata
565 3423 721 3479 essent,
745 3424 986 3471 efficiebat.
1026 3423 1113 3469 His
1138 3422 1234 3483 ejus
1257 3420 1502 3467 virtutibus
1526 3421 1644 3474 Rex,
1664 3418 1743 3466 etsi
1762 3418 1962 3483 nothum·
2021 3426 2055 3507 ἱ

181 3499 287 3532 eum
311 3485 402 3537 esse>
421 3501 511 3533 non
535 3487 786 3550 ignoraret,
817 3480 971 3534 tamen
1008 3485 1229 3550 impulsus
1248 3483 1497 3549 Aegidiam
1517 3484 1656 3531 filiam
1674 3498 1786 3529 rarae
1807 3481 1853 3529 in
1874 3479 1972 3554 ille„
2011 3480 2055 3536 'ff-

183 3560 315 3623 aetate
345 3545 703 3615 pulchritudinis
722 3552 1004 3615 exemplum,
1033 3556 1073 3599 δι
1094 3549 1122 3598 ὲ
1142 3547 1299 3599 multis
1319 3546 1600 3598 nobiliffitnis
1611 3544 1858 3611 juvenibus
1873 3557 1953 3654 σέτ
2009 3547 2051 3657 ἐξ

316 3619 321 3624 “
344 3617 348 3621 ’
1347 3647 1350 3649 Α
1410 3644 1413 3647 -
1827 3622 1895 3673 pe
1933 3615 1962 3644 ·'
1997 3623 2028 3657 ··.’ἶ
