2047 3781
141 201 286 259 lo‚sed
297 219 322 249 a
333 203 394 251 fin
399 203 519 267 gulis
536 220 548 249 :
569 199 961 264 quemadmodum
974 200 1119 263 vulgo
1131 200 1226 248 fieri
1239 201 1349 250 solet
1370 202 1426 249 iis
1441 202 1522 265 qui
1539 204 1674 267 lupos
1687 214 1767 252 aut
1787 207 1910 256 ursos

138 267 426 323 occiderunt,
448 280 528 314 aut
548 266 722 312 catulos
739 280 899 311 eorum
921 265 1337 328 deprehenderunt.
1405 269 1575 330 Neque
1592 268 1714 315 enim
1731 270 1761 316 fi
1784 272 1910 333 quod

140 331 454 394 hujuscemodi
473 331 717 376 monstrum
739 328 1008 385 nasceretur,
1033 329 1208 378 etiamsi
1228 347 1389 381 vocem
1408 333 1654 380 humanam
1679 333 1909 390 funderet,
1938 372 1939 376 ,

141 397 403 459 faciemque
426 393 646 447 hominis,
671 405 1030 457 caeterarumque
1050 395 1246 458 partium
1271 397 1592 445 similitudines
1616 398 1914 454 haberemni-

138 461 187 509 hi
206 477 311 508 curn
334 478 389 507 eo
411 457 667 505 societatem
690 459 775 504 effe
798 460 1046 507 crederem'.
1117 462 1260 508 Aut‘sr
1287 461 1388 523 quis
1408 461 1645 508 hominem
1670 478 1838 509 exuens
1862 463 1912 509 in

137 526 279 574 talem
301 522 631 571 immanitatem
676 523 990 585 degeneraret,
1035 526 1272 592 nolletque
1320 542 1422 572 cum
1449 527 1625 573 caeteris
1645 526 1912 574 hominibus

138 591 221 637 nisi
264 590 311 636 in
332 604 492 635 eorum
528 585 777 649 perniciem
818 587 1081 644 convenire,
1121 590 1356 637 hominem
1381 592 1708 653 appellandum
1733 592 1910 645 censeo,

139 654 285 702 nihilo
304 665 424 700 certe
449 650 594 715 magis
617 667 755 713 quam
779 651 964 714 satyros,
996 654 1160 709 simias,
1185 668 1263 702 aut
1287 655 1407 701 ursos
1433 674 1444 702 ε
1479 655 1737 717 quamlibet
1759 657 1910 709 vultu,

135 719 259 782 gestu
287 722 324 762 &
346 717 549 763 sermone
573 716 806 763 hominem
832 716 1118 766 mentiretur.
1189 721 1246 766 B.
1291 720 1412 780 Jam,
1438 720 1485 766 ni
1508 720 1660 774 fallor,
1684 719 1911 784 intelligis

134 783 316 846 qualem
342 782 539 846 Regem,
583 780 766 842 qualem
791 780 903 827 item
945 783 1218 845 Tyrannum
1260 784 1563 847 sapientissimi
1587 797 1790 832 veterum
1824 787 1912 831 effe

135 849 399 896 statuerunt.
467 845 607 892 Visne
624 844 767 907 igitur
788 846 915 909 quod
938 847 984 893 in
999 849 1129 911 Rege
1147 848 1442 896 informando
1465 848 1674 904 fecimus,
1700 851 1912 910 Tyranni

132 926 321 974 quoque
342 909 427 956 tibi
444 913 765 973 qualecunque
781 909 1006 973 specimen
1032 929 1340 977 proponamus
1365 918 1384 961 ?
1441 919 1511 963 M.
1534 915 1664 969 ²Im0,
1704 916 1785 960 nifi
1809 930 1909 961 mo·-

132 977 290 1025 lestum
315 976 374 1021 est
397 975 500 1029 tibi,
526 976 820 1021 vehementer
836 976 882 1021 id
905 977 1060 1038 cupio.

197 1041 377 1087 XLIX.
409 1041 466 1087 B.
492 1039 604 1087 Non
626 1039 798 1086 oblitus
819 1057 883 1096 es,
909 1041 1221 1106 opinor‚,quae
1244 1043 1366 1106 apud
1391 1044 1549 1106 poetas
1587 1044 1645 1090 de
1685 1042 1835 1095 furiis.
1860 1060 1908 1091 a·

129 1106 225 1168 pud
239 1106 409 1152 nostros
431 1104 487 1150 de
509 1104 883 1151 cacodaemonum
907 1119 1068 1152 natura
1085 1108 1300 1154 dicuntur
1325 1126 1336 1155 ε
1373 1110 1457 1155 esse
1484 1108 1702 1155 videlicet
1727 1108 1908 1171 spiritus

134 1169 326 1221 humani
349 1170 528 1231 generis
552 1169 714 1224 hostes,
739 1169 820 1231 qui
845 1187 949 1216 cum
972 1170 1055 1234 ipsi
1095 1171 1139 1217 in
1178 1174 1412 1235 perpetuis
1433 1173 1709 1219 cruciatibus
1732 1174 1909 1220 versen-

135 1248 227 1289 tur,
251 1234 492 1281 hominum
537 1245 690 1281 tamen
735 1235 975 1282 tormentis
1017 1237 1264 1299 gaudeant.
1336 1238 1452 1284 Haec
1477 1234 1682 1299 profecto
1721 1255 1827 1284 vera
1849 1239 1909 1285 est

133 1299 387 1363 tyrannidis
409 1298 581 1361 imago.
651 1299 739 1346 Sed
762 1299 872 1361 quia
891 1299 1175 1364 cogitatione
1198 1304 1338 1349 modo
1360 1309 1401 1349 «Sc
1427 1303 1518 1349 fine
1540 1302 1790 1349 ministerio
1812 1303 1911 1350 sen-

130 1365 204 1412 sus
232 1365 332 1410 haec
358 1363 516 1426 imago
538 1364 661 1410 cerni
701 1365 863 1426 potest,
887 1365 1022 1411 aliam
1048 1366 1135 1411 t3bi
1157 1376 1432 1429 proponam,
1456 1383 1560 1430 quae
1583 1383 1675 1413 non
1698 1369 1839 1414 modo
1862 1384 1911 1415 a·

133 1428 312 1476 nimum
337 1428 410 1474 sed
435 1427 579 1474 sensus
603 1428 738 1475 etiam
760 1429 908 1484 feriat,
934 1435 976 1475 δε
993 1430 1120 1477 velut
1143 1430 1190 1477 in
1209 1432 1366 1478 oculos
1389 1433 1602 1478 incurrat.
1697 1431 1842 1496 Finge
1862 1448 1910 1480 te

130 1510 293 1545 navem
318 1493 364 1539 in
388 1493 505 1539 mari
526 1492 740 1555 procellis
762 1507 970 1540 vexatam
1010 1494 1184 1549 videre,
1230 1497 1385 1544 littora
1417 1495 1574 1542 omnia
1610 1495 1911 1544 circumcirca

129 1573 224 1606 non
247 1558 389 1606 modo
411 1557 690 1620 importuosa
723 1557 796 1603 sed
820 1558 1015 1604 hostium
1040 1559 1417 1608 infestissimorum
1443 1561 1580 1623 plena
1622 1580 1636 1616 3
1680 1561 1777 1617 ejus
1800 1577 1909 1608 vero

128 1623 258 1670 navis
276 1622 515 1669 dominum
543 1634 704 1669 mutuo
729 1639 833 1669 cum
858 1624 1116 1669 vectoribus
1139 1624 1250 1670 odio
1272 1636 1541 1678 certantem,
1577 1641 1660 1671 nec
1681 1626 1821 1672 ullam
1843 1639 1911 1673 ta·

130 1704 237 1735 men
267 1687 422 1741 aliam,
446 1703 584 1750 quarn
605 1688 653 1732 in
675 1700 912 1734 nautarum
936 1689 1041 1742 fide,
1058 1688 1181 1750 spem
1202 1688 1352 1735 salutis
1376 1690 1621 1736 habentem
1648 1708 1661 1745 ;
1687 1706 1771 1736 nec
1794 1691 1911 1738 hanc

130 1752 319 1816 quidem
345 1762 536 1805 certam,
561 1763 609 1797 ut
632 1751 712 1813 qui
744 1769 836 1799 non
860 1753 1043 1815 ignoret
1065 1754 1106 1800 se
1145 1752 1345 1800 maxime
1369 1754 1561 1800 barbaro
1579 1756 1738 1817 generi
1759 1755 1913 1802 homi-

129 1834 242 1865 num
268 1822 308 1864 δε
331 1818 390 1863 ab
421 1817 548 1863 omni
570 1815 856 1864 humanitate
878 1818 1030 1864 alieno
1052 1817 1195 1865 vitam
1218 1819 1341 1865 suam
1366 1819 1549 1866 credere
1575 1837 1586 1865 :
1623 1835 1739 1882 quos
1770 1836 1913 1881 pecu·

130 1882 209 1931 nia
229 1882 322 1929 sola
342 1882 608 1928 conciliatos
635 1880 844 1936 retineat,
870 1881 1045 1945 quique
1065 1884 1196 1929 lucro
1221 1883 1391 1944 majore
1413 1883 1595 1944 objecto
1630 1884 1838 1931 adversus
1862 1902 1912 1932 e-

130 1964 210 1994 um
247 1945 396 2009 ipsum
426 1946 621 1992 conduci
647 1945 824 2007 poffint.
894 1946 1026 1993 Talis
1049 1947 1257 2009 profecit>
1281 1949 1341 1995 est
1378 1949 1475 1994 vita
1495 1948 1593 2003 illa,
1620 1965 1760 2012 quam
1785 1949 1912 1998 velut

100 2020 104 2021 ’
132 2009 311 2059 beatam
335 2009 548 2073 Tyranni
571 2011 924 2072 amplectuntur.
993 2012 1120 2058 Foris
1141 2012 1305 2067 hostes,
1345 2011 1472 2059 domi
1512 2013 1633 2060 cives
1659 2025 1870 2062 metuunt
1899 2029 1913 2063 t

122 2093 215 2124 ‘nec
237 2076 360 2122 cives
385 2075 525 2123 modo
548 2075 624 2121 sed
646 2076 934 2130 domesticos,
960 2075 1262 2139 propinquos,
1288 2077 1467 2131 fratres,
1510 2079 1749 2141 conjuges,
1790 2079 1912 2126 libe-

125 2157 220 2197 105,
242 2153 469 2204 parentes.
517 2141 679 2202 Itaque
702 2155 806 2186 cum
829 2140 993 2187 vicinis
1015 2155 1273 2195 externum,
1297 2159 1401 2188 cum
1425 2141 1602 2188 civibus
1623 2144 1776 2197 civile,
1801 2159 1910 2191 cum

126 2206 216 2255 suis
234 2206 533 2254 domesticum
557 2204 729 2251 bellum
754 2204 930 2266 semper
951 2217 1030 2251 aut
1049 2220 1231 2267 gerunt,
1251 2219 1331 2253 aut
1358 2219 1587 2263 metuunt,
1612 2224 1697 2255 nec
1719 2208 1907 2271 usquam

125 2270 296 2320 auxilia
315 2271 508 2334 sperant,
532 2281 698 2335 praeter
719 2271 930 2318 mercede
941 2272 1351 2334 conduflameque
1374 2271 1519 2319 bonos
1541 2272 1798 2320 conducere
1821 2289 1904 2320 au·-

127 2338 255 2391 dent‚
300 2352 451 2399 neque
493 2337 625 2381 malis
669 2335 807 2393 fidere
848 2337 1039 2396 potsunt.
1109 2335 1238 2397 Quid
1276 2338 1367 2382 istis
1403 2339 1587 2383 tandem
1612 2337 1660 2383 in
1702 2336 1799 2384 vita
1831 2336 1913 2398 ju·
1934 2350 1938 2353 “

125 2402 329 2449 cundum
350 2402 434 2447 effe
453 2401 597 2463 potest
621 2403 639 2446 ?
674 2400 923 2462 Dionysius
951 2400 1066 2447 filias
1088 2399 1291 2463 virgines
1313 2400 1490 2448 adultas
1514 2418 1618 2448 cum
1637 2402 1910 2450 novaculam

127 2466 372 2513 admittere
394 2466 451 2512 ad
473 2478 635 2528 guttur
659 2465 857 2524 timeret,
883 2482 908 2511 a
928 2465 1081 2511 barbae
1104 2467 1316 2512 radendae
1340 2464 1588 2512 ministerio
1609 2466 1808 2513 removit
1839 2485 1851 2513 ε
1885 2483 1913 2514 a

128 2530 426 2578 Timoleante
455 2529 609 2584 frater,
636 2530 693 2575 ab
721 2546 859 2577 uxore
883 2530 1146 2577 Alexander
1167 2530 1401 2585 Pheraeus,
1427 2547 1452 2576 a
1475 2543 1602 2592 patre
1634 2533 1712 2594 Sp.
1739 2531 1911 2579 Cassius

125 2597 188 2643 est
209 2595 530 2656 interemptus.
600 2592 696 2656 Qi
717 2593 814 2640 haec
837 2607 941 2642 ante
966 2596 1123 2641 oculos
1147 2596 1362 2658 exempla
1381 2596 1611 2659 proposita
1629 2594 1806 2659 semper
1827 2595 1914 2642 h'a-

126 2661 221 2715 bet,
247 2676 386 2724 quam
411 2671 459 2706 tu
481 2675 587 2705 eum
624 2657 936 2705 carnificinam
964 2658 1012 2706 in
1035 2661 1220 2722 pectore
1241 2660 1535 2707 circumferre
1559 2661 1707 2708 credis
1732 2663 1752 2707 ἓ
1785 2661 1912 2708 Cum·

126 2724 301 2788 cogitet
324 2723 410 2772 sese
435 2722 641 2770 universo
673 2724 936 2771 mortalium
957 2723 1120 2788 generi
1142 2735 1358 2788 tanquam
1404 2725 1582 2788 signum
1623 2725 1669 2771 in
1692 2725 1821 2788 quod
1836 2725 1911 2786 ja-

125 2791 337 2836 culentur
358 2789 642 2852 propositum
668 2806 679 2834 z
713 2804 863 2849 neque
885 2788 1032 2836 solum
1069 2788 1269 2852 vigilans
1291 2788 1363 2835 his
1391 2789 1684 2837 conscientiae
1707 2803 1913 2837 tormen-

127 2854 186 2900 tis
207 2853 453 2909 crucietur,
477 2852 552 2900 sed
575 2852 781 2899 terrificis
803 2852 941 2900 etiam
964 2852 1174 2900 vivorum
1199 2857 1246 2902 ἃ
1269 2866 1554 2901 mortuorum
1580 2853 1859 2902 simulachris
1883 2853 1910 2900 ὲ

128 2918 286 2965 somno
307 2919 550 2973 excitetur,
577 2922 617 2964 δι
641 2916 861 2964 furiarum
881 2917 1057 2965 facibus
1080 2918 1293 2982 agitetur,
1365 2919 1578 2981 Tempus
1599 2919 1742 2973 enim,
1783 2918 1912 2982 quod

127 2982 346 3029 omnibus
383 2981 693 3030 animantibus
715 2982 772 3029 ad
796 2980 1022 3045 quietem,
1062 2982 1331 3030 hominibus
1365 2984 1587 3031 etiamad
1609 2999 1822 3045 curarum
1844 2983 1913 3029 la-

126 3058 394 3094 xamentum
417 3054 578 3094 natura
599 3045 780 3102 tribuit,
802 3047 872 3094 illi
895 3046 944 3094 in
966 3046 1174 3094 horrores
1195 3052 1235 3094 δι
1255 3047 1480 3110 supplicia
1499 3047 1799 3096 convertitur.
1832 3047 1906 3097 M.

128 3110 240 3158 Non
263 3111 420 3158 inscite
442 3111 546 3158 sane
566 3111 647 3158 ista
669 3127 695 3158 a
717 3123 762 3159 te
781 3112 883 3158 sunt
905 3112 1152 3174 explicata,
1169 3128 1222 3158 ac
1243 3112 1393 3161 nescio
1413 3129 1470 3159 an
1488 3113 1626 3160 etiam
1651 3127 1771 3159 vere.
1798 3111 1913 3167 ‚Sed

129 3185 300 3231 tamen,
343 3175 424 3223 nifi
447 3175 600 3230 fallor,
622 3176 681 3222 ad
701 3177 902 3223 nostrum
924 3176 1178 3225 institutum
1215 3193 1310 3224 non
1333 3177 1449 3224 adeo
1486 3178 1682 3225 multum
1714 3175 1910 3223 iaciunt.

127 3238 253 3285 Nam
274 3239 445 3302 quibus
466 3239 515 3286 in
540 3254 681 3287 manu
698 3241 760 3288 est
783 3241 955 3305 eligere
973 3257 1089 3304 quos
1109 3240 1255 3288 velint
1271 3244 1441 3305 Reges,
1456 3259 1596 3305 penes
1621 3240 1804 3291 eosdem
1826 3240 1906 3295 est,

126 3303 297 3350 eleetos
317 3303 484 3364 quibus
497 3303 644 3352 velint
660 3304 966 3370 constringere
987 3305 1187 3369 legibus.
1231 3307 1385 3363 Nobis
1407 3322 1518 3354 vero
1539 3305 1621 3353 scis
1638 3300 1792 3368 Reges
1814 3319 1911 3352 non

124 3366 262 3430 eligi,
284 3366 360 3415 sed
381 3367 501 3415 nasci
534 3386 546 3417 z
617 3367 749 3416 uibus
771 3386 861 3433 ego
882 3370 1058 3430 semper
1080 3370 1421 3418 haereditarium
1456 3367 1550 3418 non
1593 3369 1744 3418 minus
1767 3382 1910 3432 quam

125 3429 274 3493 ipsum
297 3447 490 3494 regnum
513 3431 586 3480 exi
625 3432 783 3489 imavi,
810 3446 860 3482 ut
878 3435 1092 3483 voluntas
1113 3451 1274 3482 eorum
1297 3451 1383 3499 pro
1413 3435 1595 3500 legibus
1617 3435 1740 3482 effet.
1806 3433 1909 3480 Ne·

127 3501 220 3557 que
261 3506 431 3542 temere
451 3495 501 3542 in
522 3496 641 3543 hanc
667 3498 936 3560 opinionem
961 3499 1056 3546 sum
1079 3499 1314 3555 inductus,
1354 3499 1426 3546 sed
1453 3499 1631 3563 magnis
1654 3496 1907 3548 autoribuS,

123 3573 232 3608 eum
254 3558 425 3632 quibus
445 3575 592 3611 errare
609 3561 662 3626 (fi
685 3562 828 3615 modo
846 3562 897 3616 in
915 3579 1070 3617 errore
1091 3562 1212 3629 sum)
1236 3566 1337 3616 non
1352 3579 1428 3614 me
1446 3565 1634 3630 pudeat.
1655 3631 1658 3635 .
1689 3549 1851 3670 Nan}
1854 3565 1908 3668 1¹}

191 3657 196 3660 ,
1055 3656 1059 3661 .
1839 3634 1884 3667 10
