2053 3822
492 175 820 245 Lissna
928 175 1432 241 Decimus,
1703 175 1834 265 269

71 281 156 330 fiee
177 278 465 342 transegerat.
498 274 644 338 Igitur
661 284 816 335 parata
838 289 952 320 nave
974 274 1032 320 ad
1055 275 1224 321 Bassam
1245 274 1484 338 scopulum
1501 273 1670 331 verius,
1695 278 1836 340 quam

72 347 266 393 imulam
287 341 494 390 adhibito
514 340 686 386 reuore
709 337 916 384 Henrico
940 338 1145 385 Sinclaro
1167 339 1352 386 Comite
1374 339 1608 386 Orcadum
1628 341 1841 389 conscen-

71 409 143 456 dit
162 429 172 457 :
198 426 248 456 ac
272 409 381 455 dum
400 404 646 466 litus-legit
663 403 720 448 ad
739 402 1068 465 Flamburgum
1087 404 1473 466 promontorium,
1494 403 1583 451 five
1601 407 1842 467 tempesta-

71 473 131 521 tis
153 474 200 521 vi
221 474 418 523 coactus,
447 467 535 514 five
556 479 605 514 ut
627 465 844 513 &nausea
867 468 1040 513 marina
1061 466 1103 513 se
1122 469 1361 530 paululum
1382 481 1618 523 recrearet,
1646 473 1716 531 (ι)
1742 469 1840 515 des-

72 538 230 585 cendit
249 556 263 592 ;
289 536 347 582 ab
367 531 621 595 Anglisque
638 542 856 585 retentus,
888 540 920 577 ’ὰ
951 530 979 576 a
1000 533 1129 594 Rege
1151 533 1375 589 consulto,
1399 532 1589 596 quidseo
1611 533 1705 581 fieri
1731 534 1846 581 velit

72 603 124 649 in
145 602 294 648 aulam
316 598 570 644 accersitus.
637 594 711 642 Ibi
734 611 817 641 nec
834 595 907 656 jus
935 594 1241 650 induciarum,
1262 614 1364 659 quae
1385 598 1526 660 paulo
1545 611 1650 646 ante
1672 599 1722 646 in
1740 601 1844 645 octo

71 681 212 712 annos
232 663 411 710 fuerant
434 661 579 717 factae,
614 675 764 722 neque
787 659 929 706 literae
954 662 1093 723 patris
1117 660 1341 723 supplices
1364 662 1407 708 ei
1427 663 1717 724 profuerunt,
1748 665 1845 726 quo

69 729 220 777 minus
247 728 350 789 jure
371 727 580 789 captivus
609 727 942 772 decerneretur.
1012 725 1146 770 Pater
1172 724 1295 772 enim
1328 727 1576 775 discedenti
1615 727 1767 791 literas
1788 728 1850 776 ad

67 793 278 856 Anglum
306 791 359 855 (fi
391 791 507 837 forte
541 790 654 837 illuc
686 789 944 852 appulisset)
979 788 1201 836 dederat:
1234 789 1282 835 in
1305 792 1472 853 quibus
1511 793 1656 839 multa
1676 792 1844 848 desua,

70 861 218 906 multa
236 857 293 904 de
306 854 541 903 communi
557 853 798 901 hominum
819 855 1000 900 fortuna
1020 867 1149 900 erant
1166 855 1521 903 lamentabiliter
1538 857 1714 919 scripta.
1749 857 1848 905 Ve-

68 939 172 970 rum
193 922 317 985 apud
339 922 535 984 Regem,
557 919 626 982 (2)
649 920 726 966 etfi
744 918 1056 966 inconstantiae
1076 935 1225 966 rerum
1248 920 1550 967 humanarum
1574 937 1663 967 non
1687 938 1849 986 exper-

70 998 362 1042 tem,1tamen
387 987 489 1048 plus
512 987 754 1031 valuerunt
774 996 946 1031 veteres
969 982 1121 1047 gentis
1144 984 1340 1040 offensae,
1357 984 1496 1047 quam
1517 987 1592 1032 vel
1612 987 1754 1033 aetatis
1777 987 1853 1034 in-

36 1104 38 1106 ,
70 1051 221 1099 :noxiae
240 1051 482 1115 respe&u8‚
508 1050 579 1096 vel
604 1048 754 1096 miseri
774 1049 914 1113 patris
936 1048 1187 1105 lambri-mae,
1216 1050 1287 1095 vel
1310 1050 1446 1113 Regii
1469 1050 1668 1097 nominis
1692 1050 1847 1116 digni-

28 1130 31 1137 ’
71 1127 160 1171 tas,
183 1115 257 1162 vel
277 1113 566 1163 induciarum
591 1115 718 1161 fides.
1415 1144 1424 1148 ν

142 1181 278 1232 XIV,
311 1180 438 1227 Nam
468 1195 573 1226 cum
606 1179 787 1243 Anglus
817 1178 874 1225 ad
911 1176 1160 1224 concilium
1181 1177 1413 1233 retulisset,
1452 1180 1688 1241 quomodo
1725 1180 1870 1229 Scoti'

8 1259 9 1262 ’
72 1244 214 1308 Regis
237 1244 332 1292 filio
355 1245 402 1291 in
427 1243 653 1291 ditionem
675 1244 798 1290 suam
818 1241 1006 1306 appulso
1030 1254 1233 1288 uteretur
1254 1262 1267 1289 ;
1302 1242 1472 1306 quibus
1507 1245 1732 1307 aequitatis
1755 1258 1850 1292 erat

73 1309 287 1366 studium,
326 1313 366 1356 δε
388 1308 594 1356 diuturni
623 1308 735 1355 belli
762 1308 969 1362 taedium,
1011 1307 1069 1353 ad
1102 1306 1333 1354 mitiorem
1357 1307 1623 1356 sententiam
1656 1309 1851 1356 inclina-

72 1374 186 1422 bant
211 1393 223 1422 :
259 1389 312 1422 ac
330 1373 571 1421 censebant
585 1372 724 1437 Regii
742 1373 921 1437 generis
940 1370 1223 1433 adolescente
1241 1367 1560 1435 crudelitatem
1580 1373 1760 1420 suorum
1778 1374 1851 1420 fu-

74 1439 247 1508 giente,
275 1446 314 1487 &
337 1438 541 1501 supplice
556 1437 859 1501 hospitaliter,
881 1441 928 1487 δί
952 1436 1099 1498 amice
1112 1437 1198 1484 effe
1223 1437 1446 1484 utendum
1468 1457 1479 1484 :
1506 1443 1553 1488 ὃς
1573 1447 1759 1502 gentem
1784 1438 1851 1485 fe·-

73 1520 228 1552 rocem
266 1516 335 1550 tot
367 1503 537 1550 saeculis
575 1504 697 1550 bello
733 1501 1006 1550 indomitam
1034 1501 1266 1550 beneficiis
1288 1502 1642 1550 conciliandam.
1710 1504 1852 1551 Hanc

0 1598 9 1608 κ
72 1568 311 1616 νίἃοτὶεῐη
335 1569 528 1624 firmam,
554 1573 602 1617 ὃς
623 1567 813 1615 solidam
836 1570 906 1631 (3)
927 1567 1086 1614 deberi
1107 1566 1366 1622 existimari,
1386 1567 1434 1613 in
1453 1584 1545 1630 qua
1563 1584 1653 1614 non
1683 1571 1764 1630 per
1781 1569 1853 1615 in·

70 1633 239 1696 juriam
262 1634 447 1680 libertas
471 1631 706 1687 adimitur,
739 1633 814 1680 sed
837 1633 1016 1678 animus
1039 1631 1257 1696 amicitiae
1278 1632 1465 1679 vinculo
1487 1632 1721 1680 insolubili
1743 1650 1853 1680 con—

72 1698 303 1762 jungitur.
356 1697 453 1744 Alii
469 1708 628 1744 contra
649 1697 935 1758 disserebant,
951 1696 1053 1757 jure
1074 1706 1260 1759 captum
1283 1696 1446 1750 videri,
1465 1698 1537 1742 vel
1561 1698 1688 1759 quod
1711 1698 1736 1744 ὲ
1758 1698 1853 1760 pri-

77 1763 283 1809 monbus
307 1760 456 1824 gentis
476 1761 649 1808 auxilia
680 1761 729 1807 in
755 1772 880 1808 motu
902 1759 1121 1808 Perciano
1143 1773 1302 1807 contra
1325 1762 1501 1825 Regem
1526 1760 1573 1806 in
1592 1762 1688 1808 acie
1711 1762 1852 1810 stetis-

78 1825 192 1882 sent,
216 1826 291 1872 vel
324 1825 452 1889 quod
475 1839 602 1888 pater
635 1825 729 1887 ejus
752 1824 960 1873 Percium
992 1822 1212 1873 seniorem
1244 1825 1577 1888 perduellionis
1610 1825 1658 1872 in
1682 1827 1854 1890 Anglia

78 1892 346 1937 damnatum
378 1891 500 1953 apud
530 1890 572 1937 se
598 1891 800 1946 haberet,
838 1896 878 1936 &
909 1886 1098 1937 exilium
1131 1890 1228 1950 ejus
1259 1889 1346 1942 suis
1377 1891 1542 1952 opibus
1573 1891 1848 1938 sustentaret.

63 1956 198 2016 ΚΗεεε
217 1955 451 2009 sententia,
477 1968 526 2001 ut
542 1956 812 2018 plaerunque
831 1952 1056 2002 deteriora
1069 1955 1234 2005 solent,
1259 1953 1306 2000 in
1325 1954 1523 2002 concilio
1540 1954 1681 2002 vicit:
1707 1973 1853 2020 quana

77 2036 215 2081 quam
240 2018 322 2082 qui
346 2019 533 2066 aderant
554 2035 644 2064 non
663 2020 944 2082 ignorarent,
968 2019 1049 2081 qui
1070 2019 1116 2065 in
1137 2018 1298 2080 praelio
1320 2019 1527 2065 adversus
1552 2020 1761 2084 Anglum
1782 2021 1856 2068 di-

77 2082 326 2138 micaffent,
365 2100 456 2129 non
490 2083 677 2146 publice
708 2084 735 2129 a
757 2086 885 2147 Rege
908 2084 1076 2138 miffos,
1114 2083 1188 2130 sed
1223 2083 1450 2148 Duglaffii
1482 2084 1660 2147 privata
1681 2086 1848 2148 gratia,

80 2163 185 2194 cum
209 2148 360 2210 &ipse
386 2161 484 2195 tum
509 2147 556 2194 in
581 2147 726 2198 Percii
747 2149 974 2212 vpotestate
995 2150 1117 2204 effer,
1143 2148 1381 2203 adductos,
1407 2166 1459 2196 ac
1480 2149 1728 2197 meminisse
1749 2151 1854 2214 pos·
1902 2146 1907 2152 ⁴

77 2211 190 2268 sent,
211 2212 322 2276 quid
341 2225 445 2259 ante
469 2229 637 2275 paucos
660 2229 802 2260 annos
824 2213 1058 2261 Henricus
1077 2212 1169 2276 ipse
1189 2213 1335 2260 Scotis
1358 2213 1621 2277 Georgium
1643 2215 1858 2262 Dumba·

77 2277 198 2323 rium
222 2277 556 2340 reposcentibus
580 2277 885 2340 respondisset.
949 2280 1001 2325 In
1024 2279 1143 2325 hanc
1164 2277 1569 2325 sententiamssitum
1592 2280 1670 2334 est,
1696 2293 1745 2326 ut
1763 2279 1858 2328 fere

78 2340 129 2388 in
153 2341 265 2389 aulis
282 2342 546 2406 principum
564 2342 866 2390 emolumenti
884 2341 990 2390 falsa
1008 2343 1175 2406 species
1195 2342 1389 2389 honestis
1408 2343 1613 2391 consiliis
1638 2360 1855 2406 praepon-

84 2406 225 2453 derat.
294 2409 348 2453 ln
371 2420 558 2470 captum
571 2420 729 2455 tamen
755 2407 781 2453 a
802 2409 932 2470 Rege
953 2409 1110 2471 Anglo
1132 2408 1220 2454 hoc
1244 2424 1384 2453 unum
1407 2407 1671 2471 liberaliter,
1697 2415 1738 2455 &
1760 2409 1854 2457 Re-

81 2469 160 2535 gie
181 2472 242 2518 est
262 2471 535 2527 consultum,
575 2473 704 2535 quod
741 2471 903 2527 literiS,
939 2476 989 2522 ὃς
1010 2473 1196 2519 honesta
1233 2471 1473 2536 disciplina
1494 2489 1599 2521 eum
1620 2471 1860 2521 instituen-

85 2535 194 2581 dum
218 2537 412 2583 curavit.

145 2601 253 2647 XV.⁴
287 2599 561 2648 Calamitate
584 2600 666 2647 filii
689 2600 744 2646 ad
769 2613 947 2663 patrem
975 2613 1232 2649 coenantem
1257 2602 1429 2664 perlata
1459 2615 1584 2650 tanta
1615 2601 1785 2665 doloris
1807 2603 1857 2650 vi

75 2661 167 2711 fuit
187 2667 436 2727 oppreffus,
463 2678 512 2711 ut
536 2682 652 2727 pene
684 2664 804 2711 inter
825 2682 984 2712 manus
1005 2667 1243 2714 astantium
1269 2667 1519 2729 exspirarit.
1589 2667 1782 2714 Delatus
1805 2668 1856 2716 in

76 2727 343 2775 cubiculum
366 2730 422 2775 ab
441 2746 496 2776 eo
522 2742 728 2793 tempore
746 2730 855 2776 cibo
873 2729 1087 2777 abstinuit
1112 2749 1121 2777 :
1160 2747 1212 2778 ac
1247 2733 1382 2779 tertio
1404 2732 1500 2794 post
1520 2731 1595 2778 die
1619 2732 1789 2788 inedia,
1814 2738 1858 2780 δε

54 2792 273 2839 'moerore
307 2794 529 2840 extinctus
564 2796 624 2840 est
658 2794 899 2850 Rotesaiae‚
944 2796 1071 2857 quod
1105 2797 1335 2860 oppidum
1373 2797 1420 2843 in
1453 2799 1567 2844 Bota
1603 2795 1748 2842 insula
1775 2798 1862 2851 est,

78 2871 200 2904 anno
236 2857 294 2904 ab
332 2858 448 2905 inito
486 2875 629 2922 regno
655 2859 980 2914 sextodecim0‚
1011 2861 1080 2922 (4)
1107 2860 1324 2907 Calendis
1348 2855 1666 2923 Aprilis'anno
1689 2861 1860 2911 Christi

86 2926 221 2983 1400,
242 2921 439 2986 sepultus
462 2924 656 2970 Palileti.
714 2923 820 2970 Fuit
837 2924 1065 2971 Robertus
1090 2931 1130 2972 Sc
1153 2925 1440 2988 proceritate,
1467 2931 1506 2972 &
1528 2926 1666 2972 totius
1687 2940 1854 2987 corpo-

50 2983 140 3030 ssris
171 2985 334 3041 forma,
373 2991 426 3036 ’ὃς
463 2988 792 3050 compositione
825 2989 940 3035 nulli
975 2988 1069 3036 fere
1103 2989 1283 3036 suorum
1318 2989 1564 3053 aequalium
1598 2989 1854 3036 secundus:

8 3046 33 3105 ’ἢ
81 3047 255 3096 summa
286 3052 393 3098 vitae
416 3051 697 3106 innocentia,
738 3058 779 3100 δε
806 3052 856 3098 in
893 3069 987 3115 quo
1009 3053 1184 3100 nullam
1212 3055 1414 3100 hominis
1452 3052 1616 3116 privati
1639 3052 1855 3099 virtutem

78 3112 348 3160 desiderares
370 3134 381 3160 :
418 3128 466 3161 ut
491 3115 595 3162 vere
609 3117 667 3162 de
688 3117 771 3162 illo
793 3117 887 3162 dici
908 3118 1049 3179 poffet
1072 3118 1310 3165 meliorem
1334 3118 1498 3166 virum,
1515 3133 1652 3178 quam
1675 3118 1856 3179 Regem

6 3209 14 3219 .,
66 3191 186 3231 ,eum
210 3177 353 3225 fuiffe.
420 3179 556 3246 Rege⁴
572 3193 755 3227 mortuo
776 3181 906 3244 regni
928 3181 1258 3228 administratio
1280 3178 1431 3229 Rob'er
1441 3193 1486 3227 to
1510 3181 1547 3241 ej
1557 3198 1604 3227 us
1624 3181 1752 3227 fratri
1773 3199 1856 3246 per

77 3299 82 3304 ⁸
131 3304 197 3354 (1)
222 3319 270 3356 30
298 3306 418 3343 Mart.
438 3307 496 3343 vel
521 3319 566 3343 12
597 3309 724 3356 April.
748 3320 861 3361 1405.
992 3323 1064 3359 pon
1084 3310 1250 3348 himself.

136 3359 200 3407 (z)
222 3360 319 3396 This
338 3361 468 3408 Henry
484 3363 555 3407 4th
573 3361 668 3407 king
694 3361 738 3398 os
753 3363 937 3414 Englancl‚
1047 3362 1106 3412 (3)
1136 3365 1227 3400 Sall.
1261 3366 1360 3416 jug>
1384 3364 1567 3401 Mctcllus
1599 3363 1776 3414 speaking
1816 3372 1863 3404 to

89 3410 200 3448 when
211 3411 259 3455 he
277 3426 350 3449 was
365 3413 464 3449 duke
482 3413 739 3459 ofLancaster‚
758 3414 830 3450 had
847 3415 938 3450 been
993 3415 1157 3461 Mamm,
1177 3418 1300 3454 deberi
1327 3418 1386 3454 illi
1406 3431 1460 3453 res
1481 3418 1558 3454 suas
1586 3417 1671 3455 satis
1694 3420 1853 3467 placere,

12 3482 14 3486 ·
37 3483 41 3486 ·
81 3463 260 3502 huiumed
296 3475 360 3503 out
391 3466 434 3502 of
455 3467 624 3512 England
662 3466 706 3514 by
736 3466 795 3502 his
816 3467 938 3503 cousus
991 3468 1073 3504 vide
1093 3468 1159 3511 lib.
1183 3470 1243 3506 16,
1265 3484 1345 3519 cap.
1365 3482 1430 3509 22.
1450 3470 1539 3510 dial.
1571 3472 1615 3509 de
1639 3478 1752 3521 regno
1771 3485 1854 3522 cap.

12 3566 17 3571 .
88 3514 252 3555 Richard
270 3521 316 3555 ad
338 3534 347 3556 τ
379 3518 443 3556 but
462 3518 596 3556 within
617 3518 689 3555 few
705 3517 942 3570 years‘heflre-
996 3532 1061 3569 27.
1082 3521 1249 3570 permitti
1267 3523 1404 3560 deberi.

82 3572 219 3607 ‚turned
251 3572 342 3609 with
375 3585 420 3608 an
451 3585 567 3620 army,
600 3571 750 3621 depostd
768 3573 836 3608 and
862 3572 942 3609 kil-
1050 3573 1112 3626 (4)
1141 3576 1226 3615 Alii
1242 3588 1280 3626 4.
1296 3576 1454 3628 Aprilis.

85 3619 147 3663 led,
165 3623 256 3676 king
273 3625 463 3674 Richard,
478 3627 553 3667 aad*
568 3625 659 3666 took
676 3625 736 3665 his
755 3638 877 3666 crown
898 3639 940 3665 u.-
