2106 3838
250 174 371 240 134
575 155 935 221 RERUM
1025 151 1713 221 Scor-reanum

165 264 178 277 ⁸
233 253 531 302 Kennethum
555 253 806 314 usurpatam
831 247 957 294 fuisse
978 263 1081 294 reor
1110 265 1134 294 a
1158 248 1303 296 Danis
1332 268 1342 296 :
1378 250 1458 313 qui
1484 267 1583 297 eam
1605 251 1839 316 regionem
1860 255 2000 318 pulsis

238 331 366 375 extra
382 318 555 364 vallum
578 314 726 362 Severi
751 311 896 370 Scotis
919 311 1096 371 aiiquot
1119 329 1260 358 anuos
1282 324 1544 361 tenuerunt.
1596 314 1832 378 Significat
1852 331 2002 368 autem

237 398 330 446 vox
360 381 622 444 Cunigham
648 377 840 438 Regiam
863 375 1215 429 habitationem,
1240 377 1312 423 vel
1337 378 1626 425 domicilium
1657 379 1895 427 Danorum
1916 381 2003 429 ser-

208 451 217 457 ”
237 462 389 493 mone.
416 444 654 493 Marciam,
672 440 798 503 quod
820 439 951 486 limes
971 440 1165 486 duorum
1185 455 1430 503 regnorum
1452 442 1531 489 diu
1549 442 1688 490 fuerit
1709 444 1927 491 credibile
1944 446 2004 491 est
2095 454 2106 492 ἐ

243 507 593 571 ἢθεῃὶεὶῑίειῐῃ
619 505 682 550 ita
700 503 882 549 difflam.
951 504 1289 566 Edimburgum
1311 506 1599 566 quorundam
1617 508 1689 553 vel
1718 508 1852 554 craffa
1871 507 2006 571 igno-

238 573 401 625 rantia,
425 570 496 615 vel
520 567 724 631 perversa
746 566 1004 629 diligentia,
1030 566 1111 628 qui
1144 583 1265 614 nunc
1285 569 1451 616 vallem
1481 569 1752 626 dolorosam,
1777 586 1898 622 nunc
1916 572 2005 618 cas—

239 650 357 683 trum
383 634 631 696 puellarum
665 632 900 694 appellant
921 648 1019 677 eam
1047 648 1213 685 arcem,
1240 647 1408 679 nomen
1427 647 1519 679 non
1544 633 1658 680 adeo
1682 651 1762 697 per
1785 639 1827 682 se
1847 635 2006 683 obscu-

240 716 342 747 rum
368 713 507 759 prope
534 697 730 743 tenebris
753 695 985 742 immersit.
1049 696 1254 742 Nomina
1293 696 1415 742 enim
1458 696 1554 741 haec
1589 696 1616 743 ὲ
1646 697 1825 745 fabellis
1851 699 2002 746 Galli-

239 764 302 809 cis
323 762 441 807 intra
457 775 679 807 trecentos
702 776 842 806 annos
866 761 1098 821 proximos
1119 759 1321 806 confietis
1346 759 1444 807 sunt
1463 761 1676 808 mutuati.
1738 762 1875 809 Certe
1897 763 2005 826 pris-

238 826 282 872 ci
305 824 428 871 Scoti
452 824 771 878 Dunedinum,
808 822 1080 870 recentiores
1116 823 1452 886 Edimburgum
1485 825 1677 886 patriam
1700 824 1748 873 in
1785 827 2010 889 fingendis

239 887 498 937 nominibus
522 888 892 935 consuetudinem
931 886 1067 932 secuti
1104 903 1203 932 eam
1239 902 1386 933 arcem
1413 888 1684 935 nominant:
1719 907 1820 953 qua:
1845 889 2009 936 rectius

238 953 403 1016 opinor
425 952 575 1000 media
598 951 715 999 inter
747 964 972 1023 utrunque
1008 967 1174 999 nomen
1193 951 1502 1013 appellatione
1525 953 1725 1000 Edinum
1764 954 2009 1002 diceretur.

239 1019 474 1066 Hactenus
497 1018 554 1064 de
572 1015 815 1080 regionum
841 1013 1014 1078 priscis,
1039 1018 1088 1065 δε
1110 1013 1239 1062 novis
1265 1014 1498 1062 vocabulis
1519 1033 1530 1062 :
1557 1016 1614 1063 de
1640 1015 1806 1078 quibus
1829 1017 1922 1064 alio
1940 1019 2007 1064 lo·
2101 1010 2106 1056 3

239 1081 447 1145 co'plura
465 1082 680 1129 diximus.
2103 1094 2106 1102 ·

304 1147 392 1193 ΙΙΙ.
425 1147 568 1194 Utad
597 1146 891 1193 Kennethum
916 1156 1129 1198 revertar,
1150 1159 1294 1206 regno
1315 1143 1401 1205 (uti
1437 1143 1524 1190 scri
1556 1144 1709 1204 fimus)
1741 1143 1874 1191 armis
1910 1161 2005 1191 am·
2071 1180 2075 1185 .
2102 1139 2106 1150 '

239 1209 459 1274 plificato‚
485 1216 525 1258 δε
547 1210 728 1274 legibus
751 1210 1001 1271 composito
1024 1208 1069 1255 in
1101 1208 1234 1255 rebus
1261 1210 1397 1271 usque
1423 1209 1480 1254 ad
1504 1161 1860 1271 liiperstitionem
1893 1209 2007 1256 levi-

240 1275 325 1322 bus
364 1275 683 1323 auctoritatem
709 1276 892 1339 Regum
931 1273 1197 1320 confirmare
1243 1273 1472 1330 laborans,
1512 1273 1665 1319 saxum
1708 1288 2016 1323 marmoreum

241 1340 369 1403 quod
399 1356 455 1386 ex
482 1339 704 1403 Hispania
734 1340 780 1385 in
807 1337 1079 1385 Hiberniam
1116 1337 1376 1383 transtulisse
1411 1336 1770 1384 diciturSimon
1801 1338 2010 1390 Breccus,

241 1404 290 1451 in
317 1405 386 1465 (ι)
413 1404 614 1451 Scotiam
636 1402 931 1451 Albinensem
955 1401 1191 1465 Fergufius
1215 1401 1456 1447 Ferchardi
1481 1400 1615 1454 filius,
1640 1414 1777 1463 atque
1793 1401 1840 1447 in
1865 1402 2014 1465 Arga-

244 1467 386 1515 thelia
406 1467 640 1515 collocasse
662 1487 673 1515 ε
706 1484 762 1513 ex
786 1465 1054 1531 Argathelia
1077 1466 1268 1511 Sconam
1291 1466 1347 1511 ad
1368 1465 1529 1510 Taum·
1550 1479 1730 1512 amnem
1754 1465 2013 1512 transsatum

245 1533 530 1586 Kennethus‚
555 1539 595 1579 δε
619 1531 667 1578 in
691 1533 951 1578 cathedram
975 1529 1174 1589 ligneam
1202 1529 1421 1574 inclusum
1444 1527 1510 1575 ibi
1533 1526 1699 1591 posuit.
1743 1525 1821 1575 ¹Ea
1843 1529 1888 1576 in
1913 1529 2014 1575 sede

245 1597 314 1643 Re
350 1613 395 1642 es
421 1597 659 1643 Scotorum
681 1602 720 1641 Sc
741 1611 924 1647 nomen,
947 1600 986 1640 ἃς
1007 1594 1188 1655 Regum
1213 1592 1406 1655 insignia
1426 1592 1631 1653 accipere
1652 1593 1851 1639 solebant
1876 1593 2015 1654 usque

245 1661 303 1707 ad
365 1660 587 1706 duardum
614 1658 1054 1722 primumAAnglum
1079 1657 1137 1702 de
1157 1672 1251 1718 quo
1274 1657 1350 1702 suo
1370 1657 1472 1702 loco
1498 1655 1717 1703 dicemus.
1764 1657 1925 1702 Sedem
1952 1657 2012 1702 E-

246 1724 520 1787 piscopalem
561 1741 698 1788 quam
739 1723 853 1771 Picti
895 1720 1163 1769 Abrenethii
1199 1721 1493 1773 collocarant,
1536 1721 1591 1766 ad
1637 1721 1808 1768 Fanum
1847 1719 2018 1784 Reguli

245 1788 484 1843 transtulit,
509 1789 654 1851 quod,
687 1788 884 1835 osteritas
910 1788 1083 1833 Fanum
1111 1785 1302 1831 Andreae
1322 1784 1413 1831 dici
1438 1783 1612 1831 maluit.
1670 1785 1908 1830 Scotorum
1932 1780 2014 1831 au'·

248 1865 341 1900 tem
366 1866 537 1900 veteres
560 1850 645 1913 Epi
667 1852 772 1915 copi
797 1853 820 1899 ὲ
844 1848 1120 1897 monasteriis
1143 1848 1297 1902 electi,
1322 1863 1426 1894 cum
1449 1848 1598 1894 adhuc
1623 1863 1713 1894 non
1737 1847 1938 1903 honoriS,
1971 1853 2012 1895 δε
2058 1850 2068 1857 “

250 1917 360 1971 loci,
386 1915 459 1964 sed
485 1915 743 1968 sanstitatiz
764 1921 811 1966 &
831 1913 1048 1962 doctrinm
1071 1925 1301 1959 certamen
1326 1914 1445 1959 inter
1466 1927 1543 1958 eos
1568 1913 1690 1966 esset,
1715 1913 1804 1958 fine
1826 1911 2015 1965 invidia,

170 2018 174 2023 .
248 1986 289 2028 δε
314 1981 604 2027 aemulatione
636 1980 789 2042 paflim
814 1980 891 2027 ubi
915 1978 1079 2040 cuique
1102 1978 1346 2024 obvenerat
1369 1971 1543 2022 occasio
1578 1974 1703 2021 suum
1729 1991 1891 2022 munus
1915 1975 2019 2022 obi·

249 2045 375 2101 bant,
402 2045 536 2091 nullis
571 2045 718 2098 adhuc
741 2042 1005 2108 regionibus
1028 2041 1226 2088 definitis
1251 2060 1261 2087 :
1295 2056 1398 2087 cum
1424 2040 1629 2086 nondum
1658 2039 1834 2086 fu'nEtio
1858 2055 2018 2086 mune·

248 2108 308 2156 ris
330 2107 608 2156 ecclesiastici
631 2110 735 2155 effet
763 2106 1044 2172 quaestuaria.
1129 2104 1218 2151 His
1241 2105 1411 2151 artibus
1435 2103 1705 2150 Kennethus
1735 2102 1930 2166 imperio
1948 2103 2018 2150 vi-

247 2173 371 2236 ginti
393 2189 534 2220 annos
557 2173 755 2235 praesuit.
828 2174 897 2233 (z)
925 2170 1103 2233 Qinto
1127 2168 1311 2215 ineunte
1336 2168 1465 2231 regni
1487 2167 1551 2213 sui
1587 2183 1707 2214 anno
1738 2167 1888 2214 Pictos
1909 2182 2018 2232 pro-

252 2237 448 2301 fligavit,
474 2250 523 2284 ut
544 2240 604 2285 est
626 2237 673 2284 in
696 2237 815 2284 libro
842 2234 1089 2283 Passetcnsr.
1159 2233 1380 2296 Reliquos
1415 2232 1483 2279 16.
1502 2247 1649 2278 annos
1675 2232 1771 2294 post
1793 2230 2021 2278 sublatum

253 2300 500 2365 imperIum
520 2302 748 2360 Pictorum
773 2299 1039 2363 quietissirne
1070 2297 1204 2352 vixit,
1236 2296 1365 2343 domi
1383 2295 1575 2356 justicia,
1618 2295 1726 2342 foris
1750 2294 1884 2342 armis
1906 2310 2020 2358 pace

250 2379 395 2429 parta,
420 2382 471 2412 ac
492 2365 715 2430 promotis
745 2365 910 2413 finibus
930 2360 1424 2411 abOrcaduminsulis
1448 2359 1584 2423 usque
1610 2359 1666 2406 ad
1690 2360 1861 2407 vallum
1881 2358 2021 2406 Adri·
2077 2402 2082 2408 .

251 2429 328 2477 ani
353 2434 459 2495 854.
2087 2424 2089 2426 ’

937 2507 1090 2556 LXX.
1142 2506 1242 2553 RE
1267 2507 1330 2554 X.

317 2585 404 2632 IV.
439 2585 483 2631 D
498 2587 541 2632 O
558 2586 604 2632 N
621 2586 660 2631 A
679 2585 774 2632 LD
791 2585 836 2632 U
851 2586 878 2630 S
913 2584 1008 2644 ejus
1032 2582 1167 2628 frater
1192 2579 1404 2644 proxime
1441 2581 1541 2627 Rex
1564 2578 1731 2626 eleaus
1760 2590 1903 2626 totam
1940 2579 2011 2640 (3)

254 2647 402 2696 secum
426 2648 709 2713 disciplinam
734 2648 969 2711 publicam
991 2644 1277 2708 circumegit.
1307 2645 1429 2691 Nam
1452 2645 1557 2691 cum
1580 2642 1685 2688 vivo
1705 2642 1878 2716 Alpino
1903 2654 2018 2689 tem-

252 2712 473 2784 per'antiae
505 2713 697 2760 studium
733 2713 984 2766 simulasset,
1023 2726 1074 2756 ac
1098 2708 1320 2756 seniorum
1345 2707 1427 2754 fibi
1449 2707 1624 2764 animos
1649 2693 1940 2761 conciliasset,
1966 2722 2023 2754 eo
2085 2712 2088 2713 ’

254 2790 437 2823 mortuo
456 2778 582 2824 velut
600 2791 741 2831 metu,
761 2780 811 2825 Bc
831 2776 1041 2839 magistro
1063 2773 1279 2820 liberatus
1305 2780 1453 2818 totum
1477 2769 1517 2817 se
1543 2770 1856 2832 voluptatibus
1877 2769 2020 2816 dedit.

253 2841 327 2889 Ac
349 2841 475 2887 velut
502 2841 598 2902 jam
621 2842 677 2887 de
701 2841 823 2896 hoste
844 2840 1019 2886 securus
1050 2835 1321 2883 militaribus
1344 2833 1498 2882 studiis
1520 2831 1740 2896 negleais
1772 2845 2026 2887 venatoreS,

255 2920 470 2969 aucupes,
512 2911 552 2952 δι
584 2920 803 2952 novarum
821 2903 1066 2950 libidinum
1090 2901 1349 2948 inventores
1381 2898 1503 2944 circa
1519 2896 1561 2944 se
1583 2913 1726 2960 prope
1745 2896 1860 2943 solos
1882 2896 2023 2944 habe-

256 2969 352 3019 bat.
420 2970 474 3015 In
493 2969 574 3016 hos
599 2967 836 3032 publicum
860 2964 1185 3031 patrimonium
1208 2960 1588 3026 profundebatur.
1622 2962 1842 3023 Juventus
1865 2960 1922 3007 ad
1944 2977 2025 3008 vo·

257 3034 455 3095 luptates
469 3034 879 3096 explendas'prona
902 3033 1098 3093 Regem,
1122 3039 1172 3074 ut
1192 3028 1466 3090 elegantem,
1491 3028 1538 3073 &
1556 3022 2046 3073 liberalemlaudibua'

258 3098 316 3142 ad
334 3099 502 3154 coelum
525 3096 699 3144 ferebat
725 3114 736 3142 :
785 3095 1103 3158 parsimoniam
1127 3090 1407 3154 superiorum
1429 3102 1691 3152 temporum
1714 3100 1764 3134 ut
1780 3086 2020 3149 incultam,
2084 3133 2085 3138 ,

260 3160 311 3208 &
335 3158 609 3208 illiberalem
630 3159 824 3207 ridebat.
894 3157 1100 3206 Seniores
1122 3172 1226 3202 curn
1251 3154 1409 3201 omnia
1428 3152 1558 3200 brevi
1592 3152 1640 3199 in
1663 3165 1864 3214 praeceps
1886 3150 2040 3210 ruituf

262 3227 312 3268 ra
334 3238 587 3280 cernerent,
608 3225 682 3271 'ad
706 3225 881 3295 Regem
903 3219 1087 3268 collecti
1108 3218 1178 3266 sui‘
1195 3235 1301 3266 eum
1334 3215 1491 3271 officii,
1520 3214 1808 3288 praesentium
1831 3214 2030 3287 flagitio-

262 3300 382 3341 rum,
407 3291 456 3336 δε
479 3287 680 3335 instantis
697 3286 893 3351 periculi
913 3286 1177 3333 admonent.
1245 3284 1367 3330 Cum
1385 3280 1464 3328 ille
1488 3278 1640 3327 nihilo*
1655 3277 1811 3326 minus
1827 3277 1881 3324 in‘
1896 3293 2026 3342 lgna-

317 3428 332 3477 (
342 3425 378 3471 1)
404 3426 504 3464 Vide
522 3427 589 3465 lib.
611 3441 643 3465 ι.
663 3443 741 3479 cap.
759 3430 796 3466 6.
817 3427 883 3467 lib.
903 3439 1035 3479 2.cap.
1056 3437 1116 3478 ¹7·
1224 3422 1291 3473 (3)
1317 3420 1494 3468 ehanged
1511 3417 1576 3463 the
1595 3405 1770 3457 manners
1792 3417 1836 3458 of
1857 3403 1930 3456 his*
1947 3415 2038 3460 sub,·‚

266 3482 334 3518 and
350 3479 413 3517 the
432 3489 534 3517 notes
548 3494 595 3517 on
614 3480 712 3518 these
731 3483 871 3530 places.
1169 3477 1263 3529 jeeb
1283 3475 1325 3526 by
1343 3473 1405 3512 his
1420 3472 1488 3512 bad
1505 3471 1686 3522 example.

319 3531 380 3582 (2)
409 3532 490 3570 Alii
510 3545 610 3581 7mo.
632 3542 694 3570 aut
721 3545 844 3572 12mo.
