2006 3858
271 150 566 214 Lrssnn
659 144 1548 214 Damnosi-Eamus
1690 166 1814 231 373

52 248 346 298 commodum
377 245 482 298 suit,
515 244 618 291 vela
650 245 796 293 facere
818 247 987 310 co'e‘git.
1058 248 1147 294 Sed
1177 245 1493 295 Hamiltonius
1529 244 1602 291 vir
1626 244 1817 305 minime
1888 267 1891 272 ¹

54 316 218 368 malus,
242 329 397 358 verum
422 310 564 372 paciS,
591 326 727 371 quam
753 311 862 356 belli
882 312 1054 358 artibus
1078 312 1330 359 instruc'tior
1351 311 1438 357 five
1459 309 1650 372 periculi
1674 323 1816 367 metu,

57 379 147 426 sive
165 376 359 424 naturali
379 372 540 420 inertia
557 373 714 418 omisso
732 373 778 419 in
800 374 1005 420 Galliam
1027 375 1189 424 itinere
1208 378 1265 423 ad
1287 391 1446 437 rupem
1466 374 1667 437 Fergulii
1687 374 1825 438 oppi-

58 444 169 490 dum
200 438 436 487 Hiberniae
466 436 673 482 adversus
698 437 1014 484 Gallovidiam
1038 440 1170 487 situm
1200 440 1394 503 appulit.
1461 439 1640 486 Urbem
1658 438 1825 501 spolia-

35 538 38 542 *
57 521 153 554 tam
176 503 394 556 incendit,
420 513 555 562 atque
574 501 680 547 inde
700 514 917 561 tanquam
938 520 985 549 re
1005 503 1121 550 bene
1139 507 1275 568 gesta,
1291 505 1338 549 in
1358 502 1557 550 Scotiam
1578 504 1635 549 ad
1654 504 1825 550 Aetam

59 582 240 635 portum
267 568 415 614 Coi‘lae
437 566 539 611 vela
561 564 687 611 fecit.
754 566 855 610 Rex
878 564 934 610 de
957 567 1052 628 ejus
1079 569 1228 615 reditu
1251 567 1416 615 certior
1437 567 1599 622 sacius,
1622 583 1674 614 ac
1695 565 1828 631 supra

63 649 202 696 quam
224 631 317 677 dici
351 630 509 692 posset,
546 629 685 675 iratus
709 645 793 675 nec
828 628 980 684 minis,
1017 646 1101 677 nec
1123 633 1334 678 convitiis
1366 632 1573 679 adversus
1607 648 1712 678 eum
1743 631 1827 679 fibi

60 709 312 759 temperare
346 694 498 757 potuit
523 711 533 739 z
567 693 680 739 iram
703 693 840 740 etiam
865 692 960 753 ejus
983 694 1289 741 incendebant
1312 713 1336 742 e
1368 697 1526 743 Gallia
1546 696 1690 743 literae
1727 698 1826 744 An-

60 778 132 808 nae
154 760 347 822 Reginae
373 757 607 805 blanditiis
630 758 687 803 ad
710 758 884 804 bellum
922 758 1173 822 Anglicum
1196 760 1456 815 illiciente3‚
1481 764 1530 810 δε
1551 761 1704 809 alterae
1727 762 1831 809 An-

64 825 185 872 dreae
210 827 243 871 F
248 825 426 870 ormani
443 821 778 884 promiffionem
798 822 855 867 de
874 823 1004 870 claffe
1027 824 1267 877 mittenda,
1289 825 1414 872 velut
1438 842 1599 872 vanam
1617 827 1826 874 omnium

61 888 343 936 sermonibus
374 885 640 950 exprobrari
669 887 990 950 significantes.
1057 889 1176 944 Rex,
1211 904 1259 935 ut
1281 888 1389 935 huic
1411 891 1532 936 malo
1554 891 1830 946 mederetur,
1872 890 1878 895 ’

64 954 220 1017 quoad
241 953 397 1014 poffet,
419 967 474 998 ex
498 951 674 997 consilii
695 951 916 998 sententia
949 952 1311 1007 HamiImuium,
1332 952 1413 1015 qui
1435 953 1577 1009 cursu,
1602 971 1739 1017 quem
1765 968 1833 1003 te-

68 1033 176 1065 nere
190 1016 329 1080 juffus
351 1028 464 1069 erat,
509 1015 668 1062 omiffo
688 1016 849 1062 urbem
869 1032 1105 1078 nunquam
1127 1018 1271 1064 Scotis
1290 1017 1541 1071 inimicam,
1561 1021 1612 1069 δε
1629 1032 1726 1065 tum
1758 1023 1844 1081 (ι)

63 1083 247 1146 Regum
272 1079 442 1126 foedere
463 1079 754 1140 conjunctam
776 1081 1021 1126 crudeliter
1042 1082 1257 1137 vastasset,
1283 1081 1548 1143 bellumque
1570 1099 1662 1129 non
1683 1083 1835 1132 indic-

16 1200 18 1202 ,
61 1157 163 1194 tum
185 1144 341 1192 amicis
362 1143 597 1198 intuliffet,
629 1144 850 1207 abrogata
869 1145 1008 1191 classis
1043 1144 1312 1208 praefeciura
1334 1145 1391 1191 ad
1412 1146 1455 1192 se
1485 1146 1641 1194 venire
1664 1147 1786 1207 juffit
1819 1167 1832 1196 ε

62 1210 441 1272 successoremque
477 1207 521 1255 ei
544 1209 844 1255 destinaverat
874 1211 944 1270 (2)
978 1209 1280 1256 Arcibaldum
1310 1209 1837 1275 Duglassium‘Angusiae

65 1274 317 1328 Comitem,
333 1273 459 1320 miffo
483 1288 588 1318 cum
611 1289 666 1319 eo
694 1275 764 1335 (3)
781 1274 966 1320 Andrea
988 1273 1150 1326 Silvio,
1167 1275 1249 1338 qui
1270 1274 1446 1320 classem
1463 1275 1700 1338 reciperet.
1746 1278 1838 1325 Sed

67 1337 381 1386 Hamiltonius
401 1350 503 1384 ante
520 1337 768 1384 adventum
787 1352 944 1383 eorum
964 1355 1044 1400 per
1062 1339 1232 1386 amicos
1252 1339 1309 1385 de
1326 1339 1468 1400 Regis
1487 1355 1596 1402 erga
1613 1339 1655 1385 se
1673 1340 1840 1388 volun-

65 1414 158 1450 tate
181 1402 345 1450 certior
366 1402 528 1456 facim,
566 1401 712 1448 statim
734 1401 836 1448 vela
854 1401 903 1448 in
925 1403 1068 1449 altum
1092 1402 1219 1457 fecit,
1254 1418 1306 1449 ac
1330 1402 1524 1454 fortunae
1546 1405 1732 1452 incertae
1752 1423 1840 1468 po-

64 1467 172 1526 tius,
187 1482 326 1530 quam
344 1466 460 1513 irato
478 1467 599 1531 Regi
616 1466 660 1512 se
681 1466 968 1513 committere
986 1467 1145 1531 elegit.
1212 1468 1341 1514 Dum
1360 1480 1513 1515 autem
1533 1468 1738 1517 Galliam
1757 1488 1841 1534 pe-

66 1531 141 1588 tit,
175 1532 255 1579 diu
277 1531 469 1578 adversis
490 1529 659 1585 ventis,
695 1547 748 1578 ac
770 1529 906 1577 foedis
927 1531 1266 1595 tempestatibus
1293 1532 1506 1594 jactatus,
1541 1532 1762 1598 dbissipata,
1787 1552 1841 1584 ac

68 1598 266 1644 multum
299 1608 464 1643 vexata
484 1595 615 1643 classe
637 1595 748 1651 sero,
782 1610 834 1642 ac
856 1595 1191 1644 maritimarum
1221 1613 1370 1644 rerum
1394 1613 1503 1644 cura
1522 1598 1646 1661 apud
1676 1599 1843 1648 Gallos

67 1662 288 1724 depofita,
303 1660 351 1707 in
367 1661 648 1707 Britanniam
663 1659 887 1708 minorem
910 1661 1106 1724 appulit.
1146 1661 1220 1708 Ibi
1242 1659 1369 1709 navis
1389 1661 1470 1708 illa
1490 1674 1618 1709 tanto
1639 1661 1841 1728 sumptu,

67 1742 119 1773 ac
141 1725 297 1772 labore
321 1724 544 1771 aedificata
565 1724 751 1772 sublatis
782 1726 1074 1773 armamentis
1095 1726 1143 1772 in
1165 1738 1302 1789 portu
1331 1725 1582 1774 Bristonico
1614 1729 1688 1791 (4)
1713 1745 1842 1777 com-

109 1803 279 1836 utr1v1t.

70 1805 103 1852 P
137 1854 316 1901 XXVI.
349 1855 528 1900 Interea
549 1852 678 1899 domi
708 1852 808 1900 aliae
841 1853 1167 1901 discordiarum
1194 1854 1336 1901 causae
1367 1853 1560 1902 subortae
1587 1855 1705 1912 sunt,
1738 1874 1843 1921 quae

73 1919 260 1965 Scotum
273 1919 330 1964 ab
342 1917 499 1980 Anglo
518 1918 698 1980 penitus
721 1918 992 1966 alienarunt.
1036 1920 1279 1982 Regnante
1299 1918 1452 1966 adhuc
1476 1920 1684 1968 Henrico
1706 1921 1844 1985 septi-

72 1999 166 2036 mo,
194 1984 273 2046 (ς)
294 1981 522 2035 Robertus
546 1983 691 2028 Carus
715 1998 853 2046 eques
876 1982 1043 2030 nobilis
1062 1982 1124 2030 ob
1138 1982 1347 2046 egregias
1365 1985 1557 2031 virtutes
1587 1985 1759 2033 Iacobo
1781 1987 1846 2036 ita

73 2059 284 2109 acceptus
307 2058 418 2100 erat,
444 2052 495 2093 ut
511 2047 709 2093 eundem
731 2052 781 2095 &
803 2047 874 2110 (6)
896 2046 1161 2110 pincernam
1184 2047 1267 2093 fibi
1290 2047 1564 2111 principem,
1595 2053 1648 2101 δε
1668 2051 1847 2099 machi-

76 2127 236 2158 narum
260 2110 545 2165 bellicarum,
579 2114 630 2159 ὅ(
652 2110 794 2157 medii
816 2111 976 2158 limitis
997 2112 1264 2175 praefeEtum
1285 2127 1471 2161 crearet.
1538 2115 1584 2160 Is
1607 2129 1713 2161 cum
1742 2132 1846 2164 acet

73 2174 420 2222 latrociniorum
435 2175 607 2222 vindex
624 2176 746 2230 esset,
766 2192 859 2223 non
878 2177 1097 2238 majorem
1115 2176 1257 2241 Regis
1278 2177 1492 2241 gratiam,
1506 2175 1656 2241 *quam
1674 2179 1847 2228 limita-

41 2280 45 2285 .
75 2255 266 2286 neotum
286 2238 446 2286 odium
470 2239 552 2286 fibi
575 2239 858 2287 conciliavit.
926 2240 1077 2304 Igitur
1099 2257 1204 2288 cum
1229 2247 1269 2288 Sc
1297 2242 1458 2305 Angli,
1484 2246 1534 2292 δε
1558 2243 1702 2299 Scoti,
1725 2261 1844 2308 quo-

75 2319 176 2351 rum
196 2303 428 2354 licentiam
445 2303 730 2365 judiciorum
752 2303 1000 2353 saeveritate
1020 2305 1371 2369 comprimebat,
1395 2307 1428 2354 fi
1448 2324 1542 2371 qua
1562 2308 1746 2355 daretur
1765 2326 1847 2358 oc-

78 2369 211 2422 cafi0,
237 2368 371 2428 juxta
390 2367 487 2429 ejus
508 2369 654 2416 exitio
682 2369 995 2427 imminerent,
1019 2371 1205 2418 tandem
1227 2370 1275 2416 in
1297 2385 1526 2419 conventu
1549 2372 1746 2428 solenni,
1763 2374 1848 2437 qui

67 2432 195 2480 inter
209 2433 405 2497 Anglos,
421 2439 461 2481 &
480 2434 639 2480 Scotos
657 2451 809 2481 rerum
828 2435 1184 2499 repetundarum
1202 2434 1331 2482 causa
1344 2437 1456 2483 solet
1471 2436 1651 2501 agitari,
1666 2449 1766 2485 orta
1779 2439 1848 2486 al-

76 2498 341 2552 tercatione,
364 2510 452 2544 tres
472 2497 618 2560 Angli
638 2498 847 2546 homines
865 2498 1144 2546 audaciffimi
1165 2501 1358 2547 Ioannes
1375 2502 1556 2557 Heron,
1577 2501 1847 2560 Lilburnus,

79 2566 130 2610 δε
153 2562 398 2609 Starhedus
416 2561 620 2626 aggressi,
647 2581 762 2610 unus
785 2564 944 2611 lancea
963 2563 1165 2611 aversum
1187 2565 1426 2622 transfixit,
1451 2566 1620 2630 reliqui
1633 2557 1731 2627 jam
1749 2568 1849 2615 sau-

81 2624 203 2674 cium
225 2626 536 2674 confecerunt.
607 2628 729 2675 Cum
751 2645 820 2675 res
850 2629 907 2676 ad
930 2629 1102 2675 bellum
1139 2629 1335 2693 speclare
1355 2631 1603 2687 videretur,
1617 2631 1851 2679 Henricus

69 2690 181 2737 Rex
201 2690 270 2737 vir
291 2691 466 2755 alioqui
492 2692 654 2754 justus,
676 2709 761 2740 nec
790 2693 941 2740 minus
964 2693 1160 2740 facinori
1188 2694 1454 2757 turpiflimo,
1483 2712 1624 2760 quam
1653 2697 1850 2744 Iacobus

78 2753 279 2802 infensus
301 2755 510 2819 perfecit,
543 2768 591 2803 ut
613 2758 807 2805 Ioannes
829 2759 992 2806 Heron
1015 2759 1201 2805 Ioannis
1223 2760 1361 2806 frater
1382 2761 1417 2807 F
1423 2761 1523 2807 urdi
1544 2761 1849 2816 Commehus,

79 2821 130 2868 δε
153 2820 300 2883 Angli
321 2819 482 2868 limitis
506 2821 745 2884 praefectus
767 2839 873 2870 cum
889 2822 1116 2870 Lilburno
1152 2827 1279 2887 (nam
1300 2825 1396 2872 duo
1417 2825 1584 2888 reliqui
1612 2824 1723 2889 fuga
1742 2824 1850 2872 vitae

79 2882 420 2946 consuluerunt)
441 2885 586 2933 Scotis
605 2887 894 2935 dederentur.
964 2887 1148 2952 Qibus
1172 2889 1389 2952 acceptis,
1404 2895 1444 2937 δε
1464 2890 1513 2938 in
1536 2891 1572 2936 F
1575 2888 1849 2937 ascastellum

80 2962 230 2995 arcem
252 2949 452 3005 inclusis,
476 2951 727 2999 Lilburnus
748 2952 816 2999 ibi
837 2952 1031 3000 deceffit.
1100 2953 1225 3001 Illud
1242 2970 1430 3016 quoque
1447 2953 1494 3001 in
1518 2951 1743 3008 manifesti
1760 2952 1853 3000 cri.

79 3011 220 3061 minis
237 3011 544 3076 expiationem
567 3016 781 3065 statutum
801 3018 880 3072 est,
904 3017 1021 3065 utin
1037 3019 1339 3066 conventibus
1358 3018 1503 3082 Angli
1523 3016 1698 3080 priores·
1713 3017 1857 3065 fidem

73 3076 316 3140 publicam
339 3077 485 3128 solum
506 3080 740 3130 Scoticurn
768 3081 954 3147 ingrefli
984 3094 1210 3147 peterent,
1239 3081 1399 3147 ibique
1428 3091 1680 3130 conventus
1709 3079 1854 3144 habe-‚M

74 3216 214 3245 wernor
232 3215 272 3246 to
287 3221 406 3256 queen
424 3209 560 3260 Maryz
592 3210 652 3248 his
672 3211 733 3249 son
749 3211 854 3264 John
867 3212 942 3251 first
1051 3213 1117 3264 (3)
1145 3213 1254 3262 Laird
1272 3213 1319 3254 of
1330 3213 1463 3263 Largo.

74 3261 249 3309 ..marquis
276 3261 321 3296 of
331 3262 545 3308 Hamilton,
566 3263 626 3302 his
653 3263 716 3303 son
732 3265 858 3315 James
884 3265 942 3306 se·
1049 3264 1118 3317 (4)
1147 3267 1215 3304 Al.
1240 3267 1483 3316 computruit.
1725 3290 1727 3293 ·

73 3314 179 3360 *cond
204 3314 381 3362 marquis,
408 3313 470 3351 his
487 3315 551 3353 son
568 3317 696 3368 James
711 3316 813 3356 third
841 3330 944 3356 mar·
1052 3321 1113 3369 (5)
1141 3320 1255 3357 Laird
1280 3320 1324 3358 of
1344 3321 1537 3367 Cesfoord,
1565 3321 1796 3373 predecessor
1814 3319 1859 3368 fo

85 3365 167 3415 quis
195 3376 211 3401 1
226 3365 248 3402 6
258 3377 329 3414 24.
998 3371 1221 3420 Roxburg'h.
1378 3409 1382 3413 ,
1584 3416 1586 3418 ,

106 3468 112 3473 ν
141 3419 205 3468 (1)
236 3419 307 3456 For
323 3418 418 3467 king
434 3421 565 3469 Henry
595 3421 662 3459 the
690 3421 759 3460 8th
784 3422 829 3460 of
841 3424 947 3472 Eng·
1052 3423 1117 3474 (6)
1130 3425 1250 3463 Chief
1255 3439 1324 3477 cup
1348 3427 1486 3475 bearet,-
1498 3429 1631 3470 master
1641 3428 1688 3468 of
1693 3428 1759 3468 the
1770 3431 1856 3470 ord-

82 3467 175 3526 Jand
188 3471 267 3508 lord
284 3471 330 3511 of
340 3474 501 3520 Ireland,
533 3477 604 3511 and
621 3474 716 3523 king
731 3477 859 3528 James
877 3475 944 3515 the
999 3489 1130 3526 nance,
1145 3481 1215 3517 and
1228 3482 1375 3519 warden
1388 3482 1434 3521 of
1441 3481 1506 3521 the
1517 3482 1856 3534 middle-marches;

81 3522 158 3577 'ath
176 3523 425 3573 ofib‘cotland,
454 3535 494 3564 at
516 3526 595 3565 this
615 3528 708 3566 time
728 3542 826 3568 were
845 3530 886 3568 in
903 3539 945 3568 a*
1000 3531 1059 3568 for
1075 3532 1181 3570 there
1201 3532 1284 3571 used
1301 3542 1339 3578 to
1358 3535 1402 3576 be
1420 3535 1525 3579 three
1535 3537 1709 3575 wardens
1734 3540 1774 3576 ot
1790 3537 1858 3576 the

81 3574 188 3625 ‘mity
203 3578 416 3627 andpeace.
893 3627 904 3634 ο
1001 3584 1182 3633 mathes,
1212 3587 1258 3627 of
1271 3587 1337 3633 the
1352 3589 1440 3644 east,
1475 3590 1586 3646 West,
1604 3590 1675 3631 and
1700 3590 1857 3638 middle,

83 3676 117 3720 ἡ
145 3628 217 3684 (τὶ,
231 3631 640 3709 Archbald„firnamed
656 3633 939 3684 Bellathe-cat.
997 3637 1056 3682 see
1067 3651 1146 3695 cap.
1167 3647 1235 3694 29.
1423 3653 1449 3660 ··
1499 3645 1504 3649 ”

1724 3705 1826 3746 rent
1840 3716 1859 3752 g
