1994 3833
110 160 247 226 494
416 141 785 210 RERUM
882 141 1579 212 ScoT1CARUM

105 237 412 295 pervenirent.
461 240 576 286 Haec
599 250 648 284 ut
670 237 716 284 in
736 237 901 300 vulgus
923 251 1052 302 grata
1070 250 1213 294 erant,
1237 239 1301 286 ita
1318 240 1665 302 perspicaciores
1688 246 1882 296 minime

106 297 342 350 fallebant.
412 304 499 349 Sed
535 302 687 349 mollis
710 301 878 358 adhuc,
913 309 954 350 δι
977 303 1193 351 flexibilis
1228 316 1334 352 aetas
1352 321 1502 352 rerum
1529 306 1602 353 usu
1632 311 1879 369 putabatur

103 359 239 413 facile
259 366 429 429 corrigi
447 368 585 428 posse.

170 431 230 475 X.
263 432 433 477 incidit
453 432 574 477 inter
594 432 675 478 has
706 431 1037 494 gratulationes
1059 430 1171 478 Ievis
1206 431 1395 495 quidem
1431 432 1637 487 offenfio,
1677 433 1751 481 sed
1773 452 1883 498 quae
1947 447 1949 449 ’

104 492 241 541 altius
263 495 310 540 in
335 494 565 557 utriusque
600 495 811 543 faffionis
846 495 1024 543 animos
1057 496 1330 558 penetravit.
1396 498 1518 544 Nam
1545 513 1648 543 cum
1684 498 1881 561 Regina>

103 555 170 602 ita
192 573 296 604 cum
316 558 555 606 nobilitate
578 560 870 616 convenisset,
898 573 945 607 ut
967 560 1014 606 in
1038 562 1149 607 statu
1172 574 1366 623 receptas
1389 561 1623 624 religionis
1649 561 1767 609 nihil
1788 562 1878 610 im*-

104 635 357 668 mutaretur
390 639 402 669 :
437 623 516 686 ipsi
537 637 733 679 tantum,
758 625 937 687 suaeque
960 625 1147 671 familiae
1170 641 1260 670 una
1281 625 1618 688 permitteretur
1640 627 1781 678 missa,
1802 644 1877 674 ea.

103 702 193 746 que
215 686 409 748 privata.
476 689 552 735 Ad
578 705 678 735 eam
701 689 1011 737 adornandam
1044 691 1152 735 dum
1177 702 1420 750 apparatus
1447 706 1528 751 per
1561 691 1709 736 aulam
1741 689 1789 736 in
1810 691 1881 738 sa-

101 752 269 797 cellum
291 752 500 806 ferretur,
535 755 723 815 quidam
749 771 774 800 e
798 754 932 800 turba
954 769 1106 800 cereos
1129 767 1331 814 arreptos
1354 754 1599 817 confregit,
1624 770 1676 801 ac
1700 754 1778 801 nisi
1803 754 1876 803 in-

102 825 310 862 terventu
334 817 655 864 modestiorum
678 830 867 876 conatus
885 819 964 864 ille
986 818 1132 864 fuisset
1153 817 1380 872 discuffuS,
1401 818 1602 881 reliquus
1625 820 1772 865 omnis
1791 836 1877 883 ap-

100 892 283 939 paratus
308 880 455 928 fuisset
475 882 707 941 disjectus.
777 885 842 930 Ea
882 900 950 929 res
978 881 1102 928 varie
1123 882 1171 928 in
1195 883 1360 946 vulgus
1382 895 1584 945 accepta,
1604 882 1877 946 quibusdam

101 943 151 988 id
174 944 349 991 facinus
372 957 423 991 ut
445 945 581 993 nimis
599 947 750 999 audax
766 946 1078 1009 culpantibus,
1099 947 1198 993 aliis
1223 947 1487 1009 patientiam
1514 947 1750 994 hominum
1775 960 1874 995 ten..

100 1011 206 1061 tari,
241 1009 356 1072 quid
386 1010 501 1057 serre
524 1013 666 1075 posset
693 1012 1098 1075 interpretantibus
1133 1030 1143 1058 :
1177 1010 1446 1075 quibusdam
1469 1011 1771 1065 censentibus,
1808 1024 1876 1058 at·

98 1087 190 1133 que
211 1074 347 1120 etiarn
373 1076 696 1130 clamantibus,
714 1088 764 1123 ut
784 1093 937 1140 poena,
963 1093 1066 1139 quae
1088 1076 1135 1123 in
1156 1076 1285 1122 sacris
1305 1075 1448 1124 literis
1467 1075 1675 1122 adversus
1697 1076 1876 1138 mido-

99 1137 235 1185 latras
258 1140 320 1186 est
342 1140 523 1195 sancita,
547 1141 750 1188 sacerdos
776 1144 1060 1200 pletfteretur.
1086 1141 1173 1187 Sed
1192 1141 1270 1187 hic
1291 1140 1435 1187 statim
1457 1139 1506 1187 in
1529 1139 1627 1200 ipso
1650 1153 1751 1187 ortu
1775 1157 1877 1187 mo-

102 1216 174 1250 tus
205 1219 285 1265 per
307 1205 526 1251 Iacobum
551 1205 747 1269 Reginae
766 1206 950 1253 fratrem
975 1206 1035 1251 est
1058 1206 1353 1269 compositus,
1390 1204 1598 1266 Georgio
1627 1205 1876 1252 Gordonio

99 1270 413 1324 vehementer,
451 1268 523 1316 sed
547 1270 666 1316 clam
700 1271 991 1334 indignante·
1058 1271 1102 1317 Is
1125 1270 1246 1317 enim
1282 1269 1331 1315 in
1355 1286 1512 1315 omnes
1547 1269 1880 1316 turbandarunr

99 1348 252 1379 rerum
275 1334 529 1381 occafiones
551 1334 769 1389 intentus,
789 1336 865 1381 hic
886 1336 1039 1381 locum
1065 1334 1223 1397 gratiae
1246 1346 1400 1396 patere
1421 1333 1662 1379 arbitratus
1682 1334 1876 1397 Reginae

99 1398 339 1445 avunculis
365 1397 467 1460 (qui
490 1399 697 1459 aderant)
721 1399 959 1446 conventis
982 1398 1214 1461 pollicitus
1237 1400 1315 1452 est,
1339 1397 1565 1461 quicquid
1592 1399 1708 1444 ultra
1738 1399 1876 1445 Cale-

100 1462 264 1509 donios
287 1465 346 1510 est
366 1462 609 1525 regionum
645 1466 700 1510 ad
726 1476 898 1511 veteres
919 1464 1199 1510 ceremonias
1223 1464 1530 1509 redufiurum„
1600 1463 1654 1508 Id
1676 1462 1746 1508 il-li'
1768 1477 1875 1509 cum

101 1526 349 1589 {aspedium
375 1528 613 1582 haberent,
651 1541 701 1574 ut
722 1529 804 1589 qui
826 1530 883 1575 de
906 1528 1104 1575 hominis
1126 1527 1317 1591 ingenio
1339 1528 1482 1585 multa
1504 1526 1690 1572 aliunde
1723 1527 1874 1572 audis-

98 1590 211 1645 sent,
238 1590 372 1638 veriti
392 1608 446 1637 ne
469 1592 558 1637 fine
583 1592 676 1637 ullo
698 1595 859 1639 effectu
906 1594 1216 1654 tempestatem
1241 1607 1405 1639 novam
1427 1592 1695 1646 excitarent,
1719 1592 1775 1638 ad
1799 1592 1874 1637 Ia-

99 1654 268 1702 cobum
287 1655 481 1721 Reginae
501 1656 686 1704 fratrem
709 1673 805 1704 rem
827 1658 1105 1704 detulerunt.

166 1722 250 1767 XI.
288 1723 429 1784 Qod
466 1722 697 1784 reliquum
718 1721 808 1768 fuit
826 1723 922 1782 ejus
945 1722 1053 1769 anni
1076 1719 1260 1767 dimiffis
1297 1717 1547 1766 honorifice
1581 1717 1751 1772 Gallis,
1790 1719 1872 1782 qui

98 1788 327 1851 Reginam
353 1786 494 1834 officii
514 1786 662 1850 gratia
683 1786 891 1834 comitati
914 1787 1093 1833 fuerant
1115 1785 1253 1839 ludis,
1274 1790 1314 1831 &
1337 1783 1559 1832 conviviis
1583 1782 1869 1832 transaElum.

100 1853 236 1900 Unus
254 1869 315 1899 ’ex
337 1852 576 1899 avunculis
599 1852 780 1899 Elbevii
802 1852 1017 1899 Marchio
1039 1853 1099 1898 est
1120 1863 1338 1897 retentus.
1406 1850 1531 1895 Inter
1554 1849 1651 1894 haec
1685 1848 1872 1895 Guliel-

100 1934 200 1965 mus
224 1917 682 1981 Maetelianusjunior
703 1918 880 1979 legatus
901 1917 949 1962 in
974 1915 1193 1981 Angliam
1217 1914 1366 1961 missus
1387 1913 1616 1976 Reginam
1638 1911 1734 1973 ejus
1756 1929 1872 1976 gen-
1918 1939 1922 1951 ·

102 1985 160 2031 tis
178 1985 266 2047 (uti
281 2002 379 2032 mos
401 1985 482 2043 est)
502 1982 698 2031 officiose
720 1980 945 2036 salutavit,
965 1981 1144 2043 suaeque
1163 1979 1366 2025 animum
1389 1994 1499 2041 erga
1514 1993 1632 2033 eam,
1653 1977 1872 2025 studium·
1891 2006 1893 2008 ·

98 2067 190 2112 que
214 2051 356 2113 pacis,
377 2053 425 2098 δε
449 2047 709 2096 concordiae
730 2045 957 2093 servandae
981 2043 1319 2092 demonstravit.
1387 2043 1515 2088 Tum
1538 2040 1690 2089 literas
1713 2057 1873 2103 proce-

100 2131 200 2162 rum
225 2117 466 2162 Scotorum
491 2115 533 2162 ei
556 2111 774 2177 porrexit.
816 2113 870 2157 In
890 2111 943 2157 iis
967 2109 1111 2157 inerat
1131 2107 1410 2171 superiorum
1435 2106 1688 2154 officiorum
1708 2106 1897 2171 benig-0

99 2195 159 2225 na
180 2180 577 2234 commemoratio,
614 2174 1041 2238 benevolentiaeque
1075 2175 1225 2237 plena.
1293 2171 1546 2235 Ab-Angla
1564 2182 1714 2218 autem
1738 2186 1872 2237 mag-

97 2260 269 2305 nopere
298 2245 532 2308 petebant,
568 2251 601 2272 “
627 2255 676 2290 ut
697 2257 805 2305 erga
827 2241 947 2286 suam
980 2238 1207 2302 Reginam
1235 2237 1398 2289 amice,
1433 2240 1482 2284 ὅ(
1504 2235 1781 2288 humaniter,
1817 2239 1870 2285 ὅτ.-
1925 2237 1981 2296 sy]

97 2310 305 2371 publice.
335 2316 375 2356 δι
399 2310 615 2366 privatim
642 2308 683 2354 se
702 2318 881 2371 gereret
911 2322 924 2352 ι
960 2318 1009 2351 ut
1030 2302 1188 2350 officiis
1213 2312 1458 2363 provocata
1479 2317 1570 2346 non
1594 2299 1733 2346 modo
1753 2298 1800 2345 in
1821 2300 1893 2347 a?
1941 2303 1980 2314 ””

97 2374 275 2421 rmcitia
295 2367 411 2422 inita
442 2375 640 2421 libenter
669 2372 988 2435 perseveraret,
1022 2369 1094 2415 sed
1119 2365 1386 2415 arffioribus
1405 2365 1433 2412 sl
1462 2364 1556 2411 fieri
1577 2365 1733 2436 posset,
1767 2362 1869 2437 virr-

98 2438 216 2487 culis
240 2457 341 2486 eam
363 2439 511 2486 indies
533 2440 824 2485 connefiteret
850 2454 860 2483 ε
888 2435 928 2482 se
950 2450 1034 2498 pro
1056 2432 1133 2479 sua
1153 2433 1406 2483 voluntate,
1433 2434 1472 2475 δε
1497 2430 1643 2476 studio
1665 2443 1780 2474 inter
1803 2443 1874 2472 νι-

96 2503 201 2551 cina
238 2521 379 2568 regna
422 2502 748 2568 perpetuandae
769 2500 1029 2548 concordiae
1063 2498 1233 2544 nullam
1258 2494 1536 2542 occasionem
1553 2492 1872 2565 praetermiffu-

96 2584 187 2623 ros.
257 2570 432 2624 Unam,
472 2575 521 2618 ἃ
553 2567 837 2614 certissimam
871 2567 956 2612 ess‘e
983 2562 1226 2615 rationem,
1250 2576 1353 2623 quae
1371 2559 1576 2605 omnium
1590 2557 1871 2604 diffidmrum
1938 2584 1958 2607 μ

95 2646 302 2681 veterum
324 2635 607 2682 oblivionem
632 2633 827 2684 afferret,
865 2636 904 2677 δι
929 2629 1102 2675 sontem
1126 2624 1449 2681 discordiarum
1472 2623 1519 2669 in
1543 2623 1767 2694 posterum
1790 2637 1876 2667 ex-

95 2697 316 2755 hauriret,
341 2700 372 2745 fi
408 2698 587 2762 Regina
611 2698 871 2760 Anglorum
892 2695 1078 2741 decreto
1101 2690 1292 2754 publico
1315 2687 1507 2735 universi
1527 2686 1689 2751 popuh
1711 2687 1870 2732 statue-

94 2774 183 2817 ret,
206 2779 258 2810 ac
279 2764 374 2828 ipsa
399 2764 474 2810 sua
494 2761 764 2810 aufimritate
786 2760 1092 2811 confirmaret,
1116 2753 1362 2801 secundum
1386 2752 1446 2807 se,
1468 2751 1658 2824 suosque
1682 2751 1733 2811 (fi
1752 2765 1870 2813 quos

93 2821 329 2893 gigneret)
349 2828 516 2876 liberos
536 2825 762 2872 haeredem
782 2823 970 2888 Anglici
994 2820 1124 2884 regni
1136 2819 1240 2881 jure
1261 2819 1345 2865 effe
1366 2818 1590 2880 Reginam
1611 2818 1868 2862 Scotorum.

93 2894 152 2941 Id
174 2894 406 2944 decretum
427 2910 508 2941 cur
528 2907 712 2954 aequum
730 2891 852 2943 effet,
873 2894 914 2934 δε
935 2903 996 2936 ex
1015 2886 1089 2931 usu
1115 2882 1331 2931 universae
1349 2880 1598 2928 Britanniae
1616 2895 1719 2926 cum
1743 2880 1870 2951 lega-

97 2973 167 3005 tus
192 2959 399 3019 pluribus
422 2955 704 3022 argumentis
721 2951 1002 3006 disseruisset,
1026 2947 1212 3012 adjecit,
1230 2945 1461 2993 neminem
1483 2945 1531 2991 in
1553 2960 1610 2992 eo
1631 2943 1873 3017 per-fieren?

94 3024 155 3068 do
179 3024 439 3086 diligentia,
460 3029 500 3070 δι
524 3019 671 3068 studio
691 3018 853 3081 ipsam,
876 3030 924 3064 ut
944 3032 1047 3080 quae
1065 3029 1232 3077 genere
1255 3010 1452 3059 maxime
1470 3009 1576 3056 effet
1592 3022 1871 3082 propinqua,

90 3091 350 3148 p-raecedere
371 3089 539 3135 debere
572 3105 582 3132 ε
615 3099 809 3146 eamque
832 3079 1189 3135 benevolentiae,
1213 3082 1253 3124 &
1276 3074 1416 3127 officii
1436 3075 1794 3128 declarauonem
1813 3073 1892 3119 ab-

88 3167 152 3204 ea,
168 3154 348 3207 Scotam
374 3152 600 3215 sperare.''
758 3153 762 3160 '
1367 3203 1379 3214 ,
1484 3202 1496 3212 ,
1796 3198 1808 3209 ,

159 3218 270 3267 ΧΠ.
305 3219 378 3264 Ad
403 3220 503 3264 haec
535 3215 725 3278 Angla:
762 3219 797 3243 “
821 3211 956 3260 aliam
996 3206 1347 3271 expefi‘tabamss'
1366 3208 1606 3275 inqu1t‚·“
1630 3216 1656 3247 a
1689 3201 1870 3264 Regina

90 3280 232 3328 vestra
249 3283 546 3346 legationem.
571 3281 723 3327 Miror
738 3277 863 3326 enim
885 3276 928 3325 ei
948 3293 974 3323 e
997 3271 1220 3322 memoria
1235 3265 1599 3334 excidisse,-qu1d
1619 3277 1729 3338 ante
1740 3266 1893 3312 suum«
1966 3311 1968 3314 ,

89 3360 123 3389 e
161 3345 351 3393 Francia
383 3346 617 3394 discessum
629 3345 725 3408 post
744 3343 930 3406 longam
951 3337 1284 3403 flagitationem
1299 3333 1483 3382 tandem
1498 3328 1760 3394 promiserit·
1787 3338 1882 3375 :ut-
1944 3388 1946 3390 v

91 3408 310 3458 videlicet
327 3411 478 3458 foedus
498 3410 660 3459 Lethae
686 3406 952 3455 transactum
973 3416 1122 3452 ratum
1146 3400 1350 3453 haberet,
1376 3395 1739 3469 &nconfirmareta
1762 3392 1881 3454 Q&

91 3472 151 3519 de
175 3488 221 3518 re
243 3486 416 3521 certum
451 3474 566 3520 mihi
589 3470 847 3536 responsum
870 3485 968 3518 erat
989 3465 1217 3533 pollicita,
1259 3463 1338 3510 ubi
1357 3475 1563 3525 primum
1593 3457 1650 3507 ad
1674 3456 1867 3526 suosre·
1890 3483 1892 3485 μ

92 3536 240 3584 disset.
308 3539 409 3599 Jam
429 3537 530 3584 satis
555 3538 671 3584 mihi
693 3535 831 3583 verba
851 3531 949 3582 dari
967 3533 1063 3580 sum
1085 3531 1219 3594 paffa.
1287 3529 1388 3590 Jam
1408 3535 1529 3575 certe
1549 3519 1873 3596 fe'nlpestlvum-

90 3613 188 3649 erat
220 3600 460 3664 (fiquidem
486 3601 576 3646 suae
597 3599 836 3664 dignitatis
858 3598 1083 3655 rationem
1103 3591 1350 3652 habuisset)
1384 3593 1761 3645 utoratrom-tam
1785 3579 1873 3625 be·
1946 3601 1975 3661 ³³.

87 3666 267 3722 nevolae
289 3665 406 3712 faEta
426 3663 815 3728 responderene&
1492 3676 1495 3679 ·
1614 3645 1749 3696 ΧῙῙῙ·
1775 3643 1871 3698 Affi-

145 3730 206 3780 (ι)
235 3733 336 3776 Gen.
359 3731 585 3775 idololatras,
