2025 3833
155 126 286 211 384
460 126 827 193 RERUM
922 126 1647 201 Sem-reanum

145 223 292 282 disset,
328 226 542 274 nobilitas
564 237 717 288 aperte
748 223 795 269 in
826 223 936 270 duas
972 223 1189 273 factiones
1211 226 1390 276 secessit.
1457 229 1748 294 Duglassiana
1766 254 1904 300 penes

144 289 372 356 Reginam
392 293 609 337 summam
633 290 897 350 potestatem
921 290 1004 336 effe
1026 290 1257 353 cupiebat,
1280 306 1418 355 atque
1438 293 1503 340 ita
1541 297 1723 345 demum
1746 318 1905 361 pacem

145 371 251 402 cum
282 355 447 418 Anglis
485 359 607 415 (quae
640 369 733 399 non
769 352 892 398 utilis
916 353 1071 409 modo,
1106 354 1179 402 sed
1217 357 1354 403 etiam
1388 359 1627 406 necess‘aria
1659 365 1773 422 erat)
1810 367 1906 413 fore

142 420 406 482 spondebat.
450 418 610 463 Altera
631 432 751 479 parS,
775 417 904 477 cujus
927 421 1139 480 princeps
1163 419 1250 468 fuit
1267 421 1488 476 HumiuS,
1514 423 1711 486 publicae
1737 426 1910 475 utilita-

140 497 197 531 tis
226 483 454 545 quandam
480 481 705 536 umbram,
731 486 771 528 δε
808 495 1006 528 veterem
1031 482 1162 545 regni
1178 484 1224 530 in
1249 485 1520 548 Proregibus
1543 487 1770 551 eligendis
1798 506 1908 538 con-

138 547 421 596 suetudinem
443 546 772 607 praetendebat.
841 547 982 608 Qod
1003 547 1061 593 ad
1093 548 1321 609 Reginam
1346 550 1523 602 attinet,
1548 551 1590 598 se
1611 553 1706 612 ejus
1725 553 1906 609 honori,
1977 560 1980 563 ”

142 622 363 674 quantum
384 625 464 671 per
485 609 627 671 leges,
649 616 689 655 δε
712 609 947 671 publicum
969 613 1267 658 commodum
1291 614 1481 675 possent,
1507 614 1673 664 favere.
1713 618 1822 679 Ejus
1845 619 1911 666 rei

138 686 459 739 argumentum
483 675 584 729 effe,
607 674 735 737 quod
768 686 926 721 contra
957 676 1179 736 majorum
1204 678 1575 726 consuetudinem
1599 682 1695 742 ejus
1717 682 1908 743 imperi·-

140 758 216 786 um
241 754 332 784 non
363 737 544 800 legibus
572 738 733 793 coafli,
774 738 846 784 sed
871 739 1195 786 benevolentia
1227 742 1417 788 adducti
1443 743 1657 794 haftenus
1683 746 1868 795 tulerint
1890 765 1901 793 :

140 820 193 850 ac
216 818 336 853 nunc
355 801 563 863 quidem,
588 803 619 850 fi
641 803 753 865 quid
779 803 915 865 aequi,
938 809 978 850 δε
999 803 1172 851 honesti
1196 818 1536 867 praetexeretur,
1561 809 1746 857 laturos.
1813 812 1912 858 Ve-

135 885 237 916 rum
261 868 367 915 cum
385 865 480 929 ipsa
502 867 718 916 nubendo
740 867 782 914 se
804 868 880 915 sua
898 868 1052 929 sponte
1074 869 1251 917 exuerit
1266 869 1481 932 imperio,
1506 872 1622 921 nihil
1644 875 1744 936 effe,
1780 875 1909 936 quod

134 931 416 995 indignetur,
439 931 468 977 fi
492 931 607 980 alius
630 931 677 978 in
702 932 855 979 locum
882 932 942 980 ab
959 949 1013 979 ea
1033 933 1256 980 desertum
1276 934 1563 983 substituatur
1585 956 1595 983 z
1620 955 1755 1000 quem
1780 951 1908 986 vete-

133 1014 201 1043 res
224 997 267 1044 ei
288 998 413 1059 leges
427 995 565 1043 etiam
588 998 658 1058 (1)
683 996 915 1044 adimebat
936 1015 947 1043 ι
971 1014 1074 1060 quae
1093 1014 1149 1044 ne
1162 997 1296 1045 rebus
1314 999 1503 1062 quidem
1528 1002 1785 1064 tranquillis
1813 1003 1901 1049 foe-

133 1061 272 1115 minis
293 1060 561 1124 permittant
582 1060 845 1125 imperium,
888 1062 1058 1109 nedum
1081 1061 1156 1108 his
1177 1062 1460 1125 temporibus
1484 1077 1575 1112 tam
1591 1066 1839 1129 inquietis,
1858 1080 1908 1116 ut

135 1142 256 1189 aegre
275 1126 362 1173 viri
395 1125 594 1172 maxime
612 1125 848 1187 prudentis
867 1125 1072 1181 consilio,
1095 1132 1134 1173 ἃ·
1155 1127 1437 1184 ευξὶοῐίῐεεε,
1463 1141 1532 1177 tot
1551 1131 1753 1194 undique
1776 1132 1907 1179 malis

130 1189 451 1254 ingruentibus
473 1190 621 1237 obfisti
644 1192 800 1253 posset.

195 1256 388 1304 XLVL
405 1254 534 1300 Dum
553 1255 609 1301 de
627 1257 824 1318 Prorege
845 1255 1064 1318 eligendo
1098 1272 1267 1319 magna
1289 1255 1521 1320 utriusque
1562 1258 1771 1308 fac‘tionis
1800 1277 1907 1323 per-

130 1319 301 1367 tinacia
317 1331 531 1372 certatur,
555 1335 607 1366 ac
629 1320 702 1367 vel
736 1336 875 1382 prava
895 1319 1164 1374 ambitione,
1190 1322 1261 1367 vel
1297 1322 1479 1369 occulta
1501 1323 1676 1373 invidia.
1703 1325 1903 1377 fstaeceri-

131 1384 206 1439 tis,
223 1384 304 1447 qui
321 1384 509 1432 aderant
527 1383 572 1430 in
599 1386 670 1445 (z)
711 1386 929 1435 Ioannem
955 1384 1135 1431 Ducem
1160 1384 1384 1434 Albinum
1417 1399 1513 1433 tum
1534 1387 1579 1433 in
1603 1389 1757 1435 Gau-22,
1783 1392 1905 1440 {ama

125 1448 327 1499 secunda
347 1449 592 1513 degentem
611 1449 821 1512 suffragia
844 1448 1093 1496 multorum
1112 1448 1403 1505 inclinarent,
1444 1449 1614 1498 dicitur
1638 1455 1905 1503 (iulieltnus

130 1512 421 1561 Elfinstonius
440 1512 777 1560 Abredonensis
810 1512 1061 1575 Episcopus
1092 1514 1325 1575 publicam
1363 1515 1593 1562 fortunam
1619 1518 1774 1565 multis
1797 1535 1904 1568 cum

127 1576 374 1639 lachrymis
395 1577 677 1638 deplorasse:
710 1593 763 1627 ac
802 1577 999 1624 maxime
1023 1577 1199 1627 animos
1237 1579 1542 1633 commovisse,
1570 1598 1672 1628 curn
1700 1585 1901 1633 recense-

128 1654 224 1695 ret,
239 1641 322 1703 qui
343 1641 428 1687 viri
451 1641 665 1703 proximo
686 1641 849 1704 praelio
864 1640 1011 1702 erepti
1023 1640 1204 1690 fuissent
1228 1659 1238 1688 :
1264 1659 1401 1704 quam
1427 1644 1622 1706 dispares
1647 1646 1735 1692 illis
1757 1646 1905 1696 reliffi

129 1706 297 1758 ferent,
337 1721 534 1768 quorum
556 1722 693 1753 nemo
715 1705 884 1770 dignus
918 1705 1039 1760 esset,
1067 1717 1115 1753 ut
1153 1706 1211 1753 ad
1234 1723 1382 1756 rerum
1423 1709 1735 1770 gubernacula
1757 1713 1898 1766 posset

128 1770 364 1819 admoveri
391 1788 401 1818 ε
434 1769 576 1832 quam
621 1783 756 1818 tenue
795 1769 1036 1833 publicum
1075 1769 1404 1832 patrimonium
1431 1790 1442 1818 ε
1477 1771 1616 1834 quam
1641 1790 1668 1821 a
1689 1768 1902 1835 proximo

126 1835 258 1898 Rege
279 1835 578 1882 imminutum
600 1852 611 1881 :
637 1847 808 1898 quanta
819 1835 915 1897 ejus
929 1833 1081 1897 portio
1100 1834 1294 1898 Reginae
1317 1837 1422 1884 esset
1444 1837 1700 1885 decidenda
1721 1857 1732 1886 ε
1758 1857 1904 1902 quan·-

128 1913 227 1950 tum
269 1899 316 1946 in
359 1898 681 1950 educationem
713 1899 856 1963 Regis
895 1899 1070 1952 =neceffe
1091 1901 1198 1949 esset
1238 1900 1540 1962 impendere:
1574 1901 1712 1965 quam
1736 1905 1904 1968 exigua

125 1980 230 2026 pars
251 1965 432 2012 restaret
453 1965 511 2011 ad
531 1964 846 2012 au&oritatem
885 1963 1122 2027 publicam
1162 1963 1479 2015 sustinendam.
1547 1967 1606 2015 Et
1637 1985 1903 2031 quanquam

127 2043 265 2075 nemo
286 2029 393 2076 effet
428 2029 477 2074 in
498 2029 749 2091 praesentia,
773 2028 855 2091 qui
878 2027 1166 2077 commodius
1189 2045 1293 2076 eum
1334 2031 1487 2077 locum
1511 2030 1718 2079 sustinere
1741 2034 1901 2095 posset,

125 2109 266 2155 qua-m
288 2091 487 2156 Regina,
523 2092 584 2148 se,
628 2094 815 2155 quando
859 2092 992 2140 aliter
1027 2093 1273 2141 concordia
1315 2094 1399 2141 fisti
1426 2107 1642 2156 nequeat,
1668 2095 1716 2143 in
1740 2114 1899 2146 eorum

121 2156 394 2205 sententiam
431 2157 700 2212 concedere,
731 2157 814 2221 qui
855 2158 1074 2205 Ioannem
1100 2157 1280 2204 Ducem
1304 2157 1530 2209 Albinum
1555 2159 1580 2205 ὲ
1603 2160 1771 2208 Galliis
1792 2179 1902 2209 evo,

125 2222 325 2274 candum
359 2221 589 2270 censerent
624 2239 636 2268 z
670 2223 750 2270 etsi
789 2222 956 2268 damna
977 2220 1165 2284 publica
1186 2222 1274 2268 hoc
1296 2223 1502 2270 remedio
1540 2225 1686 2287 magis
1709 2224 1900 2280 differri,

125 2301 265 2349 quam
304 2285 447 2334 sanari
468 2285 758 2335 existimaret.
828 2288 885 2335 In
924 2287 1043 2335 hanc
1065 2299 1240 2347 partem
1265 2287 1527 2337 Alexander
1549 2288 1752 2336 Humius
1784 2292 1900 2338 adeo

122 2351 373 2415 propensus
396 2365 506 2407 erat,
535 2363 586 2397 ut
605 2350 654 2398 in
676 2351 972 2398 conventu'fit
993 2350 1122 2397 ausus
1147 2351 1365 2414 profiteri,
1409 2351 1581 2399 etiamsi
1606 2353 1774 2415 reliqui
1795 2371 1895 2401 om-

124 2415 499 2471 nesvrecusarent,
521 2416 563 2463 se
583 2415 800 2478 privatim
838 2417 1060 2463 Ioannem
1099 2416 1158 2462 ad
1193 2415 1437 2477 imperium
1484 2414 1803 2478 accipiendum
1849 2419 1897 2466 in

124 2479 326 2528 Scotiam
349 2480 669 2531 addufilurum.
723 2480 779 2528 Id
799 2493 952 2528 autem
971 2479 1120 2527 feciffe
1156 2480 1373 2534 creditur,
1399 2481 1528 2530 nullo
1549 2497 1698 2543 neque
1723 2483 1899 2543 patriae,

126 2561 278 2607 neque
312 2544 481 2607 privati
517 2545 710 2606 alicujus
741 2543 996 2600 commodi,
1033 2543 1182 2593 aliove
1202 2544 1423 2608 respectu,
1448 2561 1587 2607 quam
1610 2547 1737 2608 quod
1759 2547 1900 2594 homo

125 2607 392 2659 ambitiosus
409 2625 515 2656 cum
536 2610 704 2672 opibus
727 2608 892 2673 magis,
915 2624 1056 2672 quam
1086 2608 1273 2657 caritate
1294 2608 1336 2656 se
1359 2610 1483 2672 apud
1503 2608 1626 2657 cives
1646 2611 1767 2672 pofl‘e
1788 2627 1899 2675 cog-

125 2673 345 2728 nosceret,
371 2690 478 2720 eum
498 2673 593 2736 ipse
625 2675 848 2722 honorem
887 2673 1188 2736 desperabat:
1226 2674 1567 2737 metuebatque,
1616 2691 1673 2721 ne
1707 2675 1738 2723 fi
1760 2693 1902 2738 penes

125 2736 356 2802 Reginam
377 2737 447 2784 vis
468 2737 653 2800 imperii
665 2739 786 2794 effet,
810 2737 1156 2802 Duglafliorum
1172 2754 1282 2800 opes
1304 2738 1470 2787 vicinae
1492 2737 1687 2787 nimium
1709 2739 1904 2787 invalese

127 2815 300 2858 terent,
339 2817 393 2849 ac
415 2802 504 2849 suae
541 2801 872 2858 minuerentur,
908 2803 1004 2863 jam
1041 2803 1113 2863 (3)
1139 2802 1409 2858 Lidalianis,
1452 2808 1494 2853 <Sc
1517 2804 1833 2854 Annandianie
1858 2804 1901 2853 fi:

124 2865 511 2922 subtrahentibus,
532 2872 574 2914 δι
590 2867 649 2914 ad
662 2879 863 2915 veterem
877 2866 1217 2930 Duglassiorum
1239 2867 1500 2915 clientelam
1522 2867 1563 2914 se
1586 2868 1806 2930 paulatim
1829 2886 1902 2916 re-

125 2931 421 2994 cipientibus·
463 2932 728 2980 Accedebat
743 2934 818 2987 eb,
834 2930 963 2995 quod
980 2931 1163 2996 Regina
1174 2944 1257 2996 per
1270 2932 1532 2997 Angloru‘m
1555 2932 1725 2980 auxilia
1740 2939 1901 2981 o'm‘ne's
1939 2937 1943 2941 '

119 2997 217 3058 ejus
234 3009 424 3043 conatus
448 2996 590 3059 poflet
606 2997 872 3059 reprimere.
1733 3045 1736 3048 ,
1805 3049 1812 3063 .

189 3061 393 3108 XLVII.
427 3061 550 3108 Cum
568 3061 617 3110 in
629 3059 1060 3125 Ioannemlplurima
1077 3059 1289 3125 suffragia
1311 3060 1626 3117 convenirent,
1644 3057 1900 3108 decernun-

123 3135 197 3173 tur
218 3125 360 3190 legati
385 3125 582 3190 :·(cujus
603 3124 848 3190 legationis
871 3125 1082 3189 princeps
1105 3124 1193 3176 fuit
1213 3142 1267 3172 ea
1288 3138 1420 3174 aetate
1442 3126 1588 3173 clarus
1619 3141 1760 3188 eques
1797 3127 1897 3174 An·
1927 3157 1930 3161 ·

126 3189 255 3243 dreas
274 3188 443 3240 Silvius
461 3190 692 3256 Lar'g6'us)
716 3189 799 3254 qui
818 3206 927 3238 eum
956 3190 1015 3257 ad
1034 3206 1186 3237 rerum
1207 3189 1491 3239 scoticarum
1511 3188 1721 3255 regimen
1744 3205 1898 3241 aecer.-
1921 3215 1924 3217 ·

181 3318 242 3368 (1)
270 3322 338 3358 Al.
359 3321 591 3360 adimebant.
1043 3320 1200 3358 mndale
1228 3327 1268 3358 to
1296 3321 1512 3358 Alexander
1528 3319 1630 3358 duke
1658 3319 1703 3357 of
1715 3320 1898 3366 Albanys

180 3371 242 3421 (2)
271 3374 344 3411 Son
363 3383 402 3412 to
422 3376 638 3414 Alexander
653 3373 757 3413 duke
768 3373 814 3412 of
820 3374 988 3424 Al‘bany,
1042 3373 1076 3412 it
1092 3372 1256 3411 seemeth
1290 3373 1375 3410 that
1407 3372 1484 3411 this
1516 3375 1594 3411 lord
1615 3375 1742 3418 Hume
1762 3372 1898 3418 having

126 3423 196 3462 lib.
221 3435 282 3462 η.
301 3438 382 3475 cap.
406 3442 426 3479 5
433 3442 469 3480 5.
484 3451 486 3453 >
684 3457 687 3459 >
1041 3426 1109 3464 the
1121 3425 1280 3476 lordssiip
1297 3426 1344 3464 of
1356 3427 1531 3464 Landells
1545 3426 1586 3464 in
1603 3425 1706 3464 these
1719 3432 1896 3474 quartem,

182 3475 246 3527 (3)
275 3477 330 3527 By
363 3479 428 3517 the
447 3480 640 3518 forfeitnre
669 3482 714 3519 of
736 3481 804 3519 the
835 3481 930 3519 earls
948 3479 993 3518 of
1045 3481 1115 3518 and
1135 3478 1244 3528 being
1260 3479 1426 3517 Warde'n
1442 3479 1488 3516 of
1499 3480 1548 3517 all
1567 3478 1634 3516 the
1647 3478 1801 3520 boi-dem,
1821 3475 1908 3516 had.

131 3528 304 3578 nuglass,
333 3530 503 3570 Lidsdale
523 3532 596 3570 had
615 3534 708 3571 been
733 3535 842 3582 giv'en
867 3543 909 3572 to
928 3533 993 3571 the
1048 3531 1209 3581 brought
1235 3531 1302 3570 the
1318 3533 1447 3582 people
1465 3532 1510 3570 of
1521 3531 1688 3569 Lidsdale
1706 3529 1776 3571 and
1807 3529 1895 3564 An-

133 3581 333 3633 He'pburns
363 3584 409 3625 of
427 3585 555 3626 Haills
579 3589 650 3625 and
667 3586 874 3635 Bothwell,
907 3588 994 3644 An·⁴
1042 3585 1206 3646 standale
1223 3594 1263 3629 to
1277 3585 1409 3628 follow
1424 3585 1509 3627 him
1522 3583 1651 3629 before
1667 3580 1743 3625 this
1751 3578 1870 3696 fime-

1770 3652 1920 3698 erent-
