2106 3838
235 146 361 193 100
535 120 890 187 RERUM
981 99 1677 186 Scor-remum

231 227 274 275 δε
297 217 495 268 avaritia
517 214 705 266 ministri
727 216 922 267 fuerant,
938 210 1019 258 sub
1041 213 1171 274 Rege
1189 213 1305 274 justo
1327 214 1409 261 fibi
1427 214 1640 263 timentes
1657 215 1887 265 Pidorum
1903 218 1996 264 Re-

227 299 338 354 gem
362 283 641 339 Nedtamum
676 281 721 326 in
755 277 976 331 ultionem
1008 275 1258 339 propinqui
1289 277 1355 324 sui
1386 278 1443 325 ad
1474 295 1600 326 arma
1633 293 1996 328 commoverunt.

231 348 524 415 Angufianus
546 347 669 411 pacis
693 341 886 406 cupidus
908 357 990 404 per
1019 340 1194 403 legatos
1212 340 1342 405 '‘saepe
1376 343 1526 406 Pictos
1548 343 1804 399 admonuit,
1828 358 2002 405 quanto

231 404 341 465 cum
363 411 568 477 periculo
603 406 833 470 utriusque
867 403 999 468 regni
1028 404 1276 467 pugnaturi
1311 406 1446 454 effent
1468 407 1750 455 Brittonibus
1772 407 1820 455 in
1842 408 2002 454 ambo-

233 494 337 526 rum
355 476 547 531 exitium
569 470 772 521 intentis.
840 469 1018 516 Verum
1042 468 1121 515 ubi
1143 485 1218 515 eos
1241 469 1316 515 vel
1339 469 1504 518 fiducia
1520 471 1711 528 virium,
1729 472 1803 519 vel
1822 470 2002 519 iracun-

233 531 314 592 dia
333 539 617 604 perturbatos
641 552 666 581 a
687 532 888 597 pacificis
917 532 1114 583 confiliis
1140 533 1314 580 aversos
1336 533 1471 587 vidit,
1494 534 1659 586 eduCto
1680 535 1884 586 exercitu
1909 536 2009 598 post

234 606 510 661 acerrimum
533 599 796 648 conflistum
821 596 1007 646 νίἑὶοῑὶει
1029 598 1088 645 est
1111 597 1298 662 potitus.
1356 598 1457 645 Rex
1471 597 1699 654 Piftorum
1722 618 1826 648 cum
1850 599 2008 663 paucis

235 669 392 718 evasit.
459 668 634 713 Verum
665 664 902 729 postquam
935 674 1081 709 metus
1105 663 1288 718 receffit,
1312 662 1397 717 ira,
1416 665 1466 713 δε
1489 662 1665 726 pudore
1698 665 2008 713 inflammatus

236 749 359 797 :egre
383 749 407 780 a
428 730 514 777 fuis
538 729 770 792 impetrat,
797 739 846 774 ut
870 742 1040 774 novum
1066 726 1148 775 fibi
1169 726 1419 775 exercitum
1444 727 1690 777 decernant
1715 747 1734 784 ι,
1765 745 1821 776 eo
1851 730 2010 781 canto

237 798 288 845 in
313 793 612 844 Caledoniam
651 792 794 840 ducit.
859 792 1149 854 Augustanus
1186 793 1355 839 iterum
1378 791 1536 841 frustra
1567 805 1738 843 tentata
1771 807 1883 856 pace
1904 807 2012 839 cum

238 860 328 908 suis
352 857 495 922 copiis
523 858 578 905 ad
603 857 774 903 hostem
811 855 974 903 tendit.
1043 857 1302 920 Pugnatum
1325 857 1385 903 est
1409 856 1624 920 utrinque
1647 856 1745 920 pari
1777 855 2012 904 obstinati-

237 941 347 979 one,
373 921 524 970 alteris
543 935 717 986 partam
737 921 920 968 laudem
945 920 1080 976 tueri,
1104 920 1255 969 alteris
1277 919 1581 982 ignominiam
1603 934 1839 985 acceptam
1862 920 2015 967 delere

238 987 530 1036 conantibus.
599 986 804 1034 Demum
829 984 952 1033 Scoti
990 985 1255 1048 Angusiano
1277 983 1389 1031 caeso
1423 982 1577 1031 solutis
1603 984 1841 1033 ordinibus
1869 984 1916 1031 in
1942 983 2012 1031 fu-

238 1070 351 1118 gam
375 1053 499 1099 versi.
568 1050 834 1100 Nec'PicUs
854 1049 959 1098 laeta
979 1047 1067 1096 fuit
1098 1047 1292 1097 viCtoria
1321 1049 1450 1111 Rege
1473 1047 1568 1103 suc,
1592 1064 1644 1096 ac
1663 1047 2018 1112 praestantiffimo

240 1133 431 1182 quoque
454 1116 673 1164 bellatore
710 1115 758 1162 in
799 1113 896 1162 acie
925 1113 1221 1178 interempto.
1288 1113 1436 1176 Prope
1460 1128 1540 1174 par
1561 1112 1774 1176 utrinque
1795 1114 2017 1160 damnum

243 1193 487 1244 acceptum
510 1196 670 1244 pacem
695 1180 751 1227 ad
775 1178 911 1226 breve
932 1192 1109 1241 tempus
1128 1175 1349 1243 praessitit.
1409 1175 1600 1226 Praefuit
1621 1178 1687 1226 rei
1710 1177 1902 1226 Scoticae
1917 1178 2018 1225 An-

241 1246 460 1312 gnsranus
482 1245 673 1310 paulum
696 1244 831 1308 supra
850 1259 1038 1293 annum.

871 1329 1147 1380 XXXVIII.
1202 1328 1244 1375 R
1269 1330 1306 1382 E
1331 1330 1389 1378 X.

312 1404 486 1453 XLIX.
532 1405 567 1451 F
582 1403 677 1450 ET
691 1404 740 1452 H
755 1404 793 1452 E
807 1403 913 1451 LM
928 1404 969 1448 A
984 1402 1084 1450 CH
1100 1403 1146 1451 U
1161 1403 1190 1450 8
1235 1404 1512 1467 Angufiano'
1542 1405 1645 1452 Rex
1691 1405 1753 1453 est
1794 1403 2018 1452 suffetstus.

246 1469 372 1517 Cum
405 1468 481 1515 vix
513 1467 749 1515 biennium
781 1467 828 1515 in
872 1483 1017 1530 regno
1053 1468 1316 1531 complesset
1353 1468 1555 1516 exercitu
1594 1471 1753 1516 coafio
1790 1468 2023 1518 PiRorum

247 1534 384 1598 agros
418 1532 557 1580 foedis
577 1531 954 1595 populationibus
994 1531 1195 1579 vastavit.
1258 1531 1358 1580 Ubi
1395 1532 1595 1595 primum
1635 1533 1772 1581 hostis
1805 1532 2024 1586 occurrit,

245 1599 516 1644 concursum
552 1599 611 1643 est
646 1612 752 1645 cum
780 1594 1011 1657 utriusque
1032 1596 1182 1659 gentis
1206 1613 1374 1659 magna
1405 1599 1564 1660 strage.
1631 1598 1756 1646 Nam
1791 1598 2025 1644 Pictorum

245 1662 371 1708 acies
406 1660 558 1707 media
590 1660 806 1707 cornibus
828 1660 996 1707 nudata
1016 1676 1160 1722 prope
1182 1673 1277 1707 tota
1312 1662 1625 1709 circumventa
1645 1663 1706 1709 est
1733 1680 1744 1708 :
1766 1677 1849 1709 nec
1872 1673 2023 1708 tamen

246 1725 397 1774 inulta
419 1724 601 1771 cecidit.
671 1725 770 1771 Rex
793 1724 1023 1770 Pictorum
1047 1723 1183 1771 tertio
1206 1726 1300 1789 post
1324 1725 1399 1771 die
1418 1725 1442 1771 ἐ
1465 1728 1654 1773 vulnere
1669 1725 1865 1774 deceffit.
1914 1726 2026 1772 Sco-

248 1791 288 1838 ti
321 1789 510 1837 vifioria
533 1789 613 1846 usi,
637 1789 727 1837 late
746 1788 876 1836 nullo
895 1788 1097 1849 exercitu
1114 1789 1255 1836 obvlo
1278 1789 1506 1837 Pictorum
1526 1807 1659 1855 agros
1683 1791 1868 1839 vastant.
1924 1789 2030 1837 Pic-

248 1855 287 1902 ti
327 1854 451 1901 enim
476 1868 600 1900 tanta
633 1853 762 1900 clade
783 1866 971 1917 accepta
1001 1855 1071 1914 (ι)
1108 1870 1343 1916 nunquam
1366 1855 1474 1903 totis
1508 1847 1681 1903 viribus
1705 1855 1795 1903 ausi
1817 1855 1860 1903 se
1883 1854 2030 1902 fortu-

249 1936 325 1966 nae
364 1917 670 1972 committere,
698 1919 821 1964 leves
860 1917 1221 1980 procursantium
1268 1935 1429 1968 manus
1469 1917 1518 1967 in
1559 1921 1853 1983 populatores
1895 1919 2026 1974 locis,

253 1988 304 2032 δι’
330 1982 614 2046 temporibus
655 1981 926 2046 opportunis
968 1981 1270 2030 immittentes
1308 1983 1442 2030 latius
1473 2000 1550 2031 eos
1588 1983 1772 2048 evagari
1811 1983 2028 2047 prohibe·

252 2047 382 2095 bant.
465 2047 644 2094 Interea
671 2048 928 2113 Hergustus
963 2046 1104 2093 homo
1143 2047 1338 2095 callidus
1374 2060 1565 2112 accepto
1594 2048 1643 2095 in
1685 2048 1786 2095 suos
1834 2047 2032 2111 imperio

253 2125 480 2175 quatenus
503 2111 678 2158 viribus
702 2112 851 2174 impar
872 2123 985 2165 erat,
1008 2111 1065 2159 ad
1089 2111 1299 2159 fraudem
1317 2113 1557 2161 conversus
1580 2113 1694 2160 duos
1709 2111 1872 2161 Pictici
1889 2128 2031 2176 gene-

253 2177 318 2223 ris
340 2177 461 2223 viros
483 2174 687 2233 immisit,
708 2178 786 2239 qui
811 2175 852 2223 se
873 2177 1031 2222 Scotos
1050 2176 1307 2224 simulantes
1324 2178 1444 2241 Regi
1471 2176 1723 2241 perniciem
1742 2178 2030 2226 molirentur.

257 2241 327 2289 Hi
350 2256 455 2288 cum
479 2240 661 2288 fidicine
680 2242 879 2303 quodam
903 2241 961 2286 de
982 2241 1107 2288 caede
1130 2242 1272 2304 Regis
1295 2243 1621 2307 transegerunt.
1672 2243 1779 2290 Hoc
1800 2242 1924 2289 enim
1946 2242 2033 2288 ho·

255 2303 437 2353 minum
463 2321 609 2369 genus
630 2306 686 2353 ad
724 2305 902 2353 somnos
925 2305 1256 2359 conciliandos,
1281 2309 1331 2356 δε
1353 2306 1533 2370 vigilias
1555 2306 1918 2358 oble-&andana
1952 2323 2032 2353 cu-

255 2369 424 2425 biculis
445 2367 674 2416 nobilium
695 2370 1026 2434 pernoctabant
1049 2386 1060 2416 ε
1094 2370 1175 2433 qui
1199 2386 1297 2419 mos
1320 2371 1458 2419 etiam
1481 2372 1631 2419 adhuc
1652 2371 1700 2420 in
1723 2371 1940 2420 omnibns
1961 2370 2033 2417 in·

254 2433 377 2482 sulis.
396 2432 669 2495 Britannicis
706 2435 831 2499 apud
857 2432 1027 2498 priscos
1059 2435 1220 2483 Scotos
1254 2436 1534 2485 observatur.
1600 2436 1752 2501 Igitur
1769 2436 1936 2484 statuto
1957 2434 2033 2482 die

254 2498 391 2553 Picti,
414 2509 463 2545 ut
481 2511 760 2555 conventum
778 2511 896 2554 erat,
927 2514 955 2546 a
986 2498 1171 2547 fidicine
1194 2500 1427 2547 intromiffi
1451 2503 1629 2565 Regem
1663 2511 1801 2565 quam
1832 2500 2037 2554 maxime
2102 2557 2106 2562 Δ

254 2563 440 2626 possunt
456 2562 636 2619 occulte
645 2562 880 2628 jugulant,
949 2563 1054 2614 Nec
1076 2558 1227 2615 t'amen
1252 2564 1313 2610 ita
1335 2582 1429 2613 rem
1454 2569 1615 2615 caelare
1635 2577 1902 2629 potuerunt,
1920 2563 2035 2629 quin

258 2627 320 2687 ad
338 2625 579 2682 morientis
593 2627 818 2690 gemitum
841 2626 1032 2682 ministri
1049 2629 1235 2676 excitati
1258 2629 1472 2681 facinoris
1491 2631 1694 2677 auctores
1712 2629 1815 2678 sunt
1829 2630 2036 2693 persecu-

257 2689 298 2745 ti
319 2707 329 2736 :
352 2694 402 2740 δι
425 2706 532 2745 cum
554 2690 742 2746 ulterius
761 2692 920 2756 sugere
942 2708 1036 2749 non
1058 2694 1234 2756 possent
1257 2714 1280 2742 e
1299 2707 1532 2758 praernpto
1554 2694 1659 2740 saxo
1675 2693 1907 2756 lapidibus
1927 2708 2036 2759 pro-

258 2769 518 2820 pugnantes
540 2754 736 2811 ministri>
752 2756 892 2821 Regii
911 2755 1095 2808 assecuti
1116 2758 1175 2805 ad
1195 2773 1357 2821 peenas
1376 2774 1456 2806 eos
1474 2770 1794 2807 retraxerunt.-

920 2840 1163 2895 XXXIX.
1199 2840 1242 2887 R
1265 2841 1306 2889 E
1326 2842 1390 2889 X.
1576 2869 1580 2880 ·
1749 2846 1771 2853 ’“

323 2914 380 2968 L.
416 2912 853 2970 FETthMA
868 2914 1032 2961 CHO
1067 2914 1197 2983 regni
1228 2915 1294 2970 sui
1318 2914 1597 2969 anno,tertio
1620 2915 1826 2978 extincto,
1843 2914 2040 2978 successit

258 2979 514 3043 Eugenius‚
534 2976 608 3024 seu
625 2976 781 3040 potius
798 2977 983 3030 Euenus
1005 2976 1327 3034 Fineormachi
1353 2980 1490 3029 filius.
1544 2980 1638 3026 Sub
1655 2981 1702 3027 id
1728 2975 1907 3046 tempus
1930 2980 2038 3028 Ma-

259 3043 412 3089 ximus
434 3043 681 3105 legatus'in
706 3041 830 3105 spem
849 3040 990 3088 totius
1008 3041 1167 3090 insulae
1184 3042 1423 3106 potiunda:
1442 3046 1615 3092 erefius
1635 3046 1664 3092 st
1686 3058 1907 3108 utranque
1923 3060 2042 3109 gen·

260 3119 352 3154 tem
377 3107 568 3162 deleret,
605 3104 809 3170 primum
832 3121 938 3153 eum
961 3107 1117 3162 Piffls,
1142 3122 1192 3154 ut
1215 3122 1312 3155 tum
1342 3126 1411 3156 res
1434 3122 1579 3164 erant,
1602 3109 1949 3163 infirmioribus,
1972 3121 2043 3155 at-

258 3186 350 3232 que
373 3171 478 3217 ideo
499 3175 554 3217 ad
578 3171 899 3234 paciscendum
922 3171 1285 3234 promptioribus
1308 3173 1558 3221 amicitiam
1582 3174 1763 3227 simulat
1783 3192 1792 3220 :
1818 3188 1896 3220 eos
1913 3171 2042 3220 vanis

256 3234 482 3302 promissis
503 3235 685 3296 implet,
706 3235 736 3283 fi
758 3235 807 3292 in
828 3234 1042 3283 socictate
1063 3237 1274 3289 Romana
1295 3238 1596 3300 perseverent,
1616 3251 1780 3301 praeter
1800 3236 2044 3284 innumera

260 3296 351 3344 alia
372 3301 618 3360 commoda
638 3300 1051 3362 totum—Scotorum
1076 3317 1238 3365 agn-m
1264 3302 1306 3358 se
1324 3303 1387 3349 eis
1411 3303 1740 3359 concesssurum.
1798 3301 2042 3363 ,Audivere

258 3361 459 3409 libenter
479 3377 533 3415 ea
554 3359 688 3417 Picti,
725 3370 766 3412 &
786 3363 855 3410 ira
876 3365 1013 3427 coeci,
1037 3367 1084 3414 &
1111 3365 1325 3413 vinditiae
1347 3366 1525 3431 cupidi,
1548 3370 1595 3414 δε
1620 3364 1840 3429 smmiffis
1864 3363 2043 3411 deleni-

260 3424 316 3479 ῐῖ,
349 3431 391 3472 δε
414 3426 462 3470 in
486 3424 696 3485 futurum
728 3428 999 3492 improvidi,
1066 3429 1219 3494 igitur
1241 3433 1347 3479 cum
1377 3431 1599 3481 Romanis
1623 3426 1858 3492 conjurasti
1879 3429 2041 3477 Scote·

238 3559 243 3569 ¹
312 3550 706 3607 {1)·.*=i'5.·nusquam.

1926 3639 2047 3677 rum,
