2075 3864
469 153 800 222 Lrssnn
894 151 1406 239 QUARTUS.
1720 172 1843 234 ¹03

73 269 144 311 tra
164 253 473 318 quaerendam.
540 252 658 298 Haec
673 245 899 297 sententia
921 262 1023 296 cum
1047 248 1101 299 in
1118 249 1306 297 consilio
1324 248 1511 303 viciss'et,
1533 242 1628 294 laeti
1648 249 1705 296 ad
1726 265 1847 311 prae-

76 322 154 368 das
178 319 462 366 discurrunt:
513 331 566 362 ac
588 316 697 361 dum
727 313 784 364 ,in
825 313 946 374 spem
972 313 1127 361 amissa
1146 311 1443 377 recuperandi
1470 312 1681 372 audacius
1706 329 1850 375 quam

75 384 344 447 prudentius
363 383 454 429 suae
477 379 720 442 ‘cupiditati
739 378 1000 439 indulgent,
1027 379 1274 440 majoribus
1293 389 1478 441 repente
1497 375 1642 438 copiis
1662 378 1851 440 oppres·

74 447 109 495 si
132 448 351 507 majorem
374 445 553 492 suorum
578 456 753 507 partem
775 442 1034 489 amiserunt.

140 510 269 559 LIII.
306 512 426 557 Haec
447 511 597 556 clades
618 508 664 554 in
686 506 960 554 Hiberniam
982 507 1248 555 renunciata
1262 505 1406 554 Scotis
1425 522 1610 552 omnem
1630 503 1754 567 spem
1779 521 1848 551 re·-

75 576 196 624 ditus
219 575 448 638 praecidit,
471 580 510 620 Sc
535 572 767 620 Hibernos
787 571 844 618 de
865 570 941 616 sua
962 570 1170 618 libertate
1193 572 1436 619 retinenda
1450 570 1668 617 sollicitos
1691 568 1848 630 reddi-

75 640 162 688 dit.
232 639 396 686 Multis
418 639 562 701 igitur
593 636 786 684 consiliis
820 634 1001 682 tentatis
1025 651 1130 682 cum
1156 636 1269 683 alius
1291 635 1437 682 exitus
1473 650 1562 682 non
1588 646 1845 697 appareret,

74 705 219 753 visum
243 705 302 750 est
326 704 472 749 Scotis
496 701 858 749 Hibernenfibus
898 702 1073 763 legatos
1095 701 1143 745 in
1167 700 1447 747 Britanniam
1469 699 1553 746 esse
1576 698 1845 754 mittendos,

74 787 129 817 ac
151 786 309 832 pacem
333 785 471 830 quam
494 766 689 813 maxime
712 765 967 811 commodis
991 765 1164 827 poffent
1181 764 1524 811 conditionibus
1549 780 1654 809 cum
1675 764 1849 809 Roma-

74 841 145 882 nis
171 833 441 880 faciendam.
511 831 599 877 Eos
622 830 857 876 Maximus
882 829 1080 892 primum
1102 830 1300 892 graviter
1320 830 1541 890 increpat,
1561 827 1690 892 quod
1709 826 1853 874 nullis
1888 885 1892 886 ⁷

74 898 314 961 provocati
336 895 510 957 injuriis
536 897 653 941 ultro
677 911 800 940 arma
819 895 1028 940 Romana
1049 893 1320 940 laceffiffent.
1390 893 1574 955 Legatis
1597 890 1852 938 excusanti-

77 964 179 1017 bus,
207 968 254 1010 ὃς
276 962 457 1022 culpam
484 960 531 1006 in
555 958 816 1022 imperitam
843 957 1188 1005 multitudinem
1212 958 1553 1004 conferentibus
1577 958 1683 1002 data
1698 955 1851 1002 venia.

75 1028 172 1074 Pax
193 1026 247 1072 iis
271 1025 447 1089 legibus
470 1024 605 1077 fasta,
646 1041 701 1070 ne
738 1024 882 1070 hostes
915 1025 1230 1069 Romanorum
1254 1024 1350 1084 post
1372 1038 1479 1067 eum
1502 1022 1624 1068 diem
1650 1019 1853 1067 Hiber-ni

76 1092 348 1154 reciperent,
364 1088 418 1135 ab
430 1105 682 1151 eorumque
700 1088 830 1134 sociis
848 1104 1032 1134 omnem
1047 1087 1142 1133 vim
1161 1086 1649 1140 abstinerent,comiter
1665 1083 1855 1147 imperii

75 1157 351 1217 majestatem
374 1155 592 1200 colerent.
660 1152 864 1199 Hiberni
886 1150 1107 1213 aequiores
1132 1167 1270 1212 quam
1304 1151 1532 1213 sperarant
1562 1149 1850 1196 conditiones

77 1221 174 1269 laeti
212 1221 400 1268 domum
431 1218 701 1266 retulerunt.
754 1215 1014 1263 Maximum
1039 1228 1190 1262 autem
1214 1216 1267 1260 ad
1288 1214 1620 1277 pacificandum
1642 1229 1731 1260 non
1755 1229 1852 1259 me-

76 1297 150 1332 tus
174 1285 230 1331 ab
253 1284 472 1332 Hibernis
514 1287 586 1345 (ut
607 1283 688 1344 qui
710 1297 802 1328 non
826 1298 1045 1343 magnum
1067 1280 1116 1326 in
1147 1295 1305 1325 eorum
1336 1280 1538 1326 motibus
1563 1292 1853 1326 momentum

77 1351 286 1412 poneret)
313 1348 439 1404 flexit
462 1366 474 1394 ε
520 1347 592 1394 sed
617 1347 746 1408 quod
766 1345 814 1392 in
837 1347 1066 1406 majorum
1088 1360 1238 1391 rerum
1263 1344 1386 1406 spem
1408 1343 1610 1390 intentus
1636 1359 1728 1390 non
1751 1358 1851 1388 mo-

77 1415 139 1461 do
162 1416 383 1476 quietam,
408 1412 643 1465 sedetiam
669 1412 939 1458 benevolam
959 1410 1041 1456 fibi
1060 1409 1247 1455 volebat
1268 1408 1526 1470 relinquere
1548 1406 1862 1455 Britanniam..

77 1480 202 1526 Nam
226 1480 332 1525 cum
355 1490 424 1525 tot
447 1477 569 1524 caefis
591 1475 867 1523 exercitibus
890 1473 1074 1538 imperii
1092 1473 1292 1520 Romani
1315 1473 1432 1520 vires
1455 1473 1682 1535 bellorum
1703 1471 1852 1519 civili-

79 1560 158 1590 um
184 1542 524 1606 tempestatibus
552 1539 812 1588 debilitatas
834 1540 1028 1595 videret,
1066 1537 1458 1602 imperatoresque
1494 1555 1584 1585 non
1622 1555 1647 1584 a
1676 1537 1851 1591 senatu,

78 1608 312 1671 populove
349 1608 461 1670 legi,
487 1606 561 1653 sed
584 1605 772 1652 militari
795 1605 950 1651 favore
988 1604 1164 1658 affumi,
1197 1619 1395 1666 cumque
1418 1601 1676 1665 perdomita
1704 1602 1854 1665 (quod

78 1672 196 1719 nulli
219 1671 348 1719 alteri
371 1671 647 1735 contigisset)
672 1669 907 1717 Britannia
929 1684 1146 1730 magnum
1169 1667 1216 1713 in
1236 1685 1283 1713 re
1307 1667 1493 1714 militari
1515 1684 1701 1721 nornen,
1724 1684 1853 1714 exer-

81 1737 319 1799 citumque
344 1752 426 1798 pro
450 1734 744 1781 multitudine
767 1733 868 1780 satis
892 1734 1074 1779 firmum
1093 1731 1298 1786 haberet,
1320 1731 1368 1777 in
1389 1749 1443 1778 eo
1466 1749 1615 1778 rerum
1639 1732 1748 1779 statu
1772 1732 1856 1780 de·-

81 1814 302 1854 creverat,
328 1801 358 1847 fi
381 1800 421 1846 se
443 1800 617 1846 occasio
638 1797 824 1862 imperii
844 1796 1102 1859 occupandi
1123 1797 1322 1850 offerret,
1358 1795 1552 1844 fortunae
1576 1814 1668 1848 non
1690 1797 1850 1845 deesse.

49 1909 58 1912 ,
82 1867 137 1911 In
161 1866 278 1912 hanc
301 1864 423 1927 spem
447 1881 613 1927 pronus
629 1862 799 1910 milites
818 1861 1019 1924 plurima
1036 1862 1269 1922 comitate,
1292 1867 1331 1908 Sc
1354 1860 1749 1924 omnilargitionis
1772 1879 1853 1925 ge-

81 1946 190 1976 nere
213 1930 615 1991 complectebatur.
684 1927 758 1974 De
776 1928 909 1973 rebus
929 1925 1195 1990 graviflimis
1228 1923 1686 1977 cumBritannorum
1710 1927 1853 1989 majo-

81 1994 208 2050 ribus
229 1993 513 2040 consultabat
537 2011 547 2038 :
586 1992 817 2038 Pictorum
834 1991 1074 2052 juventute
1098 1990 1348 2036 exercitum
1374 1989 1612 2053 supplebat
1638 2009 1648 2036 :
1702 1990 1856 2055 eisque

81 2057 289 2120 praesidia
309 2057 515 2120 pluribus
537 2058 586 2103 in
609 2056 720 2103 locis
743 2054 992 2119 provinciae
1014 2054 1334 2102 committebat
1350 2055 1641 2102 custodienda
1666 2074 1677 2103 ε
1710 2056 1857 2105 diviso

82 2124 202 2169 inter
223 2139 315 2177 θος,
338 2128 377 2169 δε
397 2122 622 2168 Brittones
643 2124 885 2168 Scotorum
909 2136 1020 2183 agro
1043 2120 1179 2167 Pictis
1200 2119 1389 2181 quidem
1409 2132 1609 2181 veterem
1630 2120 1857 2170 ditionem

81 2187 272 2234 liberam
295 2186 484 2250 reliquit
510 2206 520 2234 ;
558 2185 631 2234 sed
653 2185 897 2248 vectigalia
920 2184 1100 2233 modica
1124 2201 1180 2231 ex
1203 2183 1422 2233 attributo
1448 2185 1510 2232 eis
1535 2184 1702 2234 ultimo
1724 2186 1856 2250 regni

86 2255 328 2299 Scotorum
351 2253 522 2314 angulo
544 2249 717 2315 exegit.
785 2250 1018 2297 Indicium
1036 2249 1243 2313 quidem,
1270 2261 1320 2296 ut
1340 2250 1432 2313 ipse
1454 2250 1858 2312 praedicabat‚Bri-

86 2317 288 2364 tanniam
314 2316 564 2364 universam
587 2316 754 2379 partim
773 2332 798 2361 a
820 2315 860 2362 se
882 2313 1209 2378 perdomitam,
1230 2314 1398 2377 partim
1420 2329 1644 2377 pacatam.
1700 2319 1858 2380 Atque

64 2381 156 2427 zhis
177 2382 368 2444 quidem
391 2381 563 2427 artibus
585 2381 749 2444 vulgus
774 2379 940 2426 mirum
963 2379 1011 2425 in
1035 2380 1225 2427 modum
1249 2378 1332 2424 fibi
1352 2379 1643 2428 conciliabat.
1695 2382 1859 2445 Itaque

58 2473 63 2482 ‹
83 2447 296 2493 omnibus
317 2447 373 2493 ad
394 2446 516 2509 spem
532 2458 802 2509 conceptam
817 2443 984 2508 paratis
999 2441 1127 2492 velu‘t
1144 2461 1170 2491 a
1189 2442 1417 2492 militibus
1436 2447 1635 2502 coactus,
1661 2448 1731 2509 (1)
1749 2464 1858 2512 pur-

64 2548 67 2552 ,
85 2528 247 2573 puram
266 2510 465 2574 sumpsit.

150 2577 277 2621 LW.
311 2577 411 2622 Post
432 2593 539 2623 eum
558 2575 882 2624 Constantinus
900 2592 956 2622 ex
977 2575 1139 2623 infimo
1158 2574 1340 2623 militiae
1362 2575 1523 2624 ordine
1547 2576 1639 2625 sola
1657 2575 1858 2625 nominis

84 2640 483 2688 commendatione
504 2658 531 2688 a
553 2639 834 2694 Brittonibus
860 2641 956 2688 dux
986 2642 1046 2688 est
1073 2641 1241 2689 electus
1266 2658 1277 2687 :
1303 2653 1443 2704 atque
1464 2659 1520 2688 eo
1541 2641 1689 2690 rursus
1718 2642 1862 2689 inter·

85 2721 155 2750 ern
164 2718 242 2767 pto
268 2703 516 2753 Gratianus
539 2705 681 2753 homo
710 2705 959 2762 Britannici
983 2705 1212 2770 sanguinis
1233 2704 1392 2752 insulae
1413 2707 1661 2769 imperium
1682 2706 1859 2754 invasit.

83 2770 270 2821 Uerum.
284 2770 496 2819 Maximo
517 2769 566 2817 in
587 2768 737 2826 Italia,
760 2769 986 2817 Gratiano
1008 2772 1056 2818 in
1077 2769 1310 2819 Britannia
1326 2770 1441 2818 caeso
1461 2771 1611 2819 missus
1634 2773 1694 2818 est
1713 2773 1865 2819 Roma

77 2833 370 2889 Victorinus,
394 2836 475 2898 qui
497 2835 639 2899 legati
657 2835 842 2882 nomine
866 2835 1148 2883 Britanniam
1168 2847 1362 2899 regeret.
1430 2837 1474 2882 Is
1493 2838 1599 2883 cum
1623 2835 1699 2884 sua
1725 2852 1868 2898 opera

84 2898 330 2961 imperium
353 2899 500 2947 videri
527 2900 666 2947 vellet
695 2902 897 2955 auctum,
923 2899 1059 2946 Pictis
1081 2900 1130 2946 in
1151 2899 1402 2963 provinciae
1433 2899 1630 2948 formam
1652 2899 1865 2955 redac'tis,

78 2963 267 3033 'legibus
300 2963 522 3013 Romanis
543 2981 620 3012 eos
644 2965 712 3016 uti
740 2965 880 3027 juffit,
904 2964 1034 3028 gravi
1061 2981 1198 3030 poena
1233 2964 1282 3011 ni
1303 2966 1518 3027 pareatur
1554 2965 1727 3012 indicta
1769 2983 1781 3012 ε
1812 2980 1866 3013 ac

81 3027 318 3091 Hergusto
337 3044 494 3075 eorum
517 3046 625 3094 rege
642 3029 761 3077 inter
778 3031 882 3080 haec,
898 3041 1100 3085 mortue,
1122 3029 1267 3076 vetuit
1285 3046 1342 3077 ne
1361 3045 1530 3077 novum
1554 3040 1776 3085 crearent,
1788 3045 1869 3078 ne-

77 3108 144 3145 ⁴ve
168 3091 476 3160 magistratum
500 3095 642 3142 alium
665 3094 747 3141 nisi
763 3110 792 3140 a
810 3094 987 3159 populo
1008 3095 1223 3142 Romano
1242 3094 1655 3141 datumhaberent.
1689 3093 1740 3140 Id
1762 3109 1871 3142 vero

72 3155 227 3229 Pictis
251 3172 380 3204 mera
396 3157 584 3206 servitus
607 3158 753 3218 videri
778 3177 790 3206 ι
816 3175 871 3205 ac
886 3159 984 3221 jam
1005 3158 1119 3214 sero,
1145 3162 1195 3208 ὃς
1217 3158 1376 3205 frustra
1397 3157 1530 3221 queri
1549 3169 1736 3223 gen-tem
1759 3163 1801 3206 δε
1822 3176 1871 3206 a·

74 3237 280 3276 rmcam,
302 3225 642 3287 &cognatam,
660 3240 713 3270 ac
744 3221 856 3270 licet
875 3222 1061 3270 interim
1085 3223 1336 3277 molestam,
1361 3233 1515 3271 tamen
1535 3223 1770 3277 adversum
1793 3241 1873 3271 ex-

89 3297 271 3332 ternum
295 3285 468 3334 hostem
491 3287 702 3349 omnium
731 3286 1042 3350 periculorum
1078 3283 1245 3333 sociam
1276 3303 1302 3332 a
1335 3284 1377 3333 se
1403 3287 1531 3344 foede
1555 3293 1594 3335 δε
1628 3288 1876 3339 crudeliter

73 3350 340 3413 proditam.
407 3351 537 3398 Eose
561 3352 661 3398 haec
679 3351 783 3413 jure
801 3350 915 3415 pati,
933 3351 1014 3416 qui
1033 3368 1126 3398 non
1149 3349 1323 3398 auxilio
1345 3350 1508 3409 solum,
1525 3352 1601 3399 sed
1623 3351 1877 3400 misericor-

81 3414 168 3461 ,dia
189 3414 490 3479 seuprivarint.
561 3416 680 3481 Qis
703 3416 828 3466 enim
843 3432 1011 3468 corum
1036 3414 1604 3481 calamitatibus-‘indolere
1622 3417 1781 3482 posset,
1798 3416 1882 3483 qui

74 3537 78 3540 ¹
143 3552 208 3605 (1)
238 3556 307 3596 See
335 3550 502 3609 ἐπ’-’45-

1788 3684 1887 3719 me-
