2025 3833
166 133 299 223 364
481 137 841 205 RERUM
930 135 1616 210 Sco’rteanum

167 235 361 283 adversae
382 254 475 301 quo
500 236 793 284 fidelioribus-
809 233 873 280 eis
896 243 1098 281 uteretur
1118 234 1334 284 affinitate
1372 235 1454 282 fibi
1479 240 1735 299 conjunxit.
1802 244 1936 292 Duae

166 300 289 347 enim
313 303 382 363 (1)
409 301 558 348 amitae
577 316 632 345 ex
651 298 831 344 diverfis
854 298 1026 345 maritis
1050 298 1162 344 filias
1188 301 1257 360 (2)
1285 298 1548 347 Graecinam
1572 303 1759 351 Bodiam
1786 308 1929 356 Alex-

148 384 149 387 *
174 366 317 411 andro
335 366 565 417 Forbofio,
603 364 672 425 (3)
712 362 1013 425 Margaritam
1033 362 1370 409 Hamiltoniam
1395 365 1622 411 Matthaeo
1645 367 1826 416 Stuarto
1853 372 1937 419 de.

172 427 242 476 dit
266 446 444 482 uxores,
466 428 531 473 ita
553 425 681 473 brevi
698 425 949 472 conciliatis
967 425 1173 472 omnium
1193 425 1356 473 animis
1379 440 1471 474 tam
1488 428 1693 489 jucunda
1704 446 1811 494 pax,
1835 446 1934 483 tan-

172 505 219 539 ta
233 492 563 554 tranquillitas,
589 498 629 538 Sc
659 492 785 536 velut
807 488 1052 537 ancillante
1086 489 1268 536 fortuna
1301 491 1460 555 Regiis
1498 492 1762 550 virtutibus,
1785 507 1941 544 tantus

170 556 377 604 omnium
400 554 606 617 frugum,
625 560 664 601 δι
686 552 917 601 ῑι-ιιξὶυυηι
950 567 1198 617 proventus
1215 554 1275 602 est
1296 554 1489 612 secutus,
1512 568 1564 603 ut
1587 573 1612 604 e
1633 557 1796 605 saeculo
1816 560 1937 622 plus-

171 637 305 682 quam
344 619 488 665 ΓΒΗ-τεο
527 621 596 680 (4)
623 635 700 665 ver
732 635 918 665 aureum
952 630 1157 665 renatum
1181 618 1307 665 fuiffe
1339 619 1587 668 videretur.
1653 622 1756 668 Rex
1780 636 1934 672 autem

168 681 407 730 latrocini-a
429 683 579 739 armis,
599 696 762 729 caetera
779 682 888 729 vitia
901 682 1183 744 judiciorum
1205 682 1438 730 severitate
1459 700 1564 731 cum
1599 687 1932 748 compreffiffet,

148 760 150 765 ’
168 764 225 793 ne
248 747 296 792 in
317 746 428 792 alios
450 762 552 795 acer
571 747 811 801 vindex‚in
828 746 1020 809 seipsum
1041 746 1357 811 indulgentior
1378 748 1707 802 crederetur,ut
1723 750 1941 798 omnibus
2024 768 2025 807 l

148 810 319 872 palam
341 812 463 865 esset,
483 823 657 873 patrem
677 811 718 858 se
735 810 881 858 invito
904 811 1030 857 fuiffe
1047 809 1392 874 interemptum,
1414 815 1606 860 cathena
1617 813 1762 860 ferrea
1781 816 1937 877 quoad

167 874 300 929 vixit,
325 875 366 921 se
389 875 622 939 cingebat,
646 875 720 922 cui
742 875 928 938 fingulis
961 874 1090 921 annis
1120 876 1339 922 annulum
1371 893 1515 923 unum
1550 877 1808 939 adjiciebat.
1880 881 1937 928 Id

165 955 427 1002 quanquam
460 940 597 987 caedis
612 940 869 986 auctoribus
892 938 1237 986 formidolosum
1271 941 1356 986 effe
1377 942 1536 1002 poffet,
1561 955 1713 989 tamen
1732 942 1805 989 vel
1833 943 1936 990 miti
1995 963 1999 968 ·

166 1002 310 1065 Regis
332 1003 538 1066 ingenio,
563 1005 637 1052 vel
666 1003 876 1051 factionis
898 1004 1065 1067 opibus
1087 1004 1239 1050 confifi
1271 1004 1399 1051 omni
1420 1017 1555 1052 motu·
1591 1006 1782 1069 publico
1803 1006 1938 1053 absti-

167 1080 380 1115 nuerunt.

231 1133 291 1178 X.
335 1134 388 1178 In
423 1133 508 1180 hac
540 1133 778 1181 communi
800 1131 1128 1188 universorum,
1168 1148 1220 1180 ac
1237 1133 1415 1196 privata
1435 1133 1716 1196 singulorum
1750 1134 1956 1192 laeticia„

163 1195 358 1257 teptimo
381 1196 474 1244 fere
496 1199 554 1245 ab
582 1198 698 1246 inito
719 1215 862 1262 regno
884 1214 1003 1245 anno
1036 1199 1106 1262 (5)
1129 1199 1285 1244 Petrus
1304 1198 1540 1244 Varbecus
1562 1198 1610 1244 in
1635 1198 1832 1246 Scotiam
1854 1218 1935 1262 ap-

165 1260 300 1322 pulit.
371 1262 459 1308 Sed
483 1277 585 1309 ante
619 1279 756 1326 quam
779 1262 955 1308 causam
995 1263 1090 1325 ejus
1121 1261 1341 1308 adventus
1364 1262 1610 1324 explicem,
1641 1279 1786 1324 pauca
1818 1264 1933 1311 mihi

162 1323 297 1385 supra
313 1324 414 1371 sunt
435 1329 695 1390 repetenda.
741 1326 995 1390 Margarita
1020 1327 1090 1387 (6)
1119 1325 1310 1372 Henrici
1333 1325 1484 1387 quarti
1509 1326 1650 1390 Regis
1674 1328 1935 1390 Anglorum

164 1386 287 1434 soror
308 1391 411 1435 cum
434 1392 602 1437 Carolo
626 1390 875 1454 Burgundo
899 1391 1126 1452 nupsisset,
1149 1406 1203 1435 ea
1225 1390 1482 1436 Henricum
1507 1390 1748 1453 septimum
1773 1391 1935 1439 factio·

163 1450 233 1501 nis
256 1453 450 1500 advetsae
481 1456 644 1502 ducem
679 1454 1025 1519 quibuscunque
1057 1455 1199 1515 poffet
1219 1453 1488 1508 rationibus,
1534 1456 1563 1500 fi
1599 1471 1691 1502 non
1713 1469 1932 1512 evertere,

162 1513 320 1562 saltem
340 1534 550 1566 exercere
571 1520 737 1567 statuit.
805 1519 860 1565 Id
894 1530 1044 1564 autem
1070 1529 1120 1563 ut
1141 1516 1318 1563 facilius
1337 1519 1552 1572 efficeret,
1575 1518 1759 1566 Petrum
1784 1537 1932 1582 quen-

163 1580 268 1625 dam
289 1582 549 1630 Varbecurn
575 1583 705 1646 regni
728 1583 942 1629 aemulum
965 1582 1009 1628 ei
1030 1580 1263 1627 excitavit.
1306 1582 1415 1630 Erat
1436 1594 1586 1629 autem
1613 1582 1650 1629 is
1674 1584 1932 1631 adolescens

162 1643 368 1690 Tornaci
390 1648 537 1708 (quod
555 1650 615 1694 est
633 1646 913 1694 Nerviorum
933 1645 1179 1709 oppidum)
1197 1645 1365 1691 humili
1380 1645 1483 1692 loco
1498 1658 1646 1701 natm,
1671 1647 1743 1694 sed
1765 1665 1818 1695 ea
1840 1649 1936 1695 for-

161 1723 254 1762 ma,
281 1708 486 1772 ingenio,
523 1712 686 1757 statura
707 1710 928 1769 corporiS,
972 1723 1109 1771 atque
1143 1708 1233 1754 oris
1267 1708 1512 1770 dignitate,
1550 1722 1599 1756 ut
1629 1710 1763 1758 facile
1793 1711 1931 1776 Regii

140 1772 340 1835 >generis
363 1774 499 1822 fidem
524 1776 706 1823 faceret.
775 1775 948 1820 Verum
985 1788 1089 1819 cum
1113 1771 1177 1818 ita
1198 1772 1276 1818 diu
1300 1784 1486 1835 propter
1507 1772 1712 1836 inopi-am
1743 1793 1934 1840 peregre

163 1837 355 1891 vixiffet,
393 1852 441 1885 ut-
468 1840 544 1886 vix
567 1856 593 1886 a
623 1840 803 1888 suorum
829 1838 984 1901 paucis
1012 1835 1195 1900 agnosci
1217 1837 1374 1898 posset,
1409 1837 1655 1885 multarum
1689 1839 1928 1887 nationum
1977 1877 1981 1880 -

160 1902 340 1967 linguas
359 1904 658 1960 addidicerat‚
687 1917 823 1966 atque
841 1903 899 1949 ad
916 1902 1137 1949 summam
1155 1900 1489 1962 impudentiam
1525 1907 1564 1947 δι
1583 1918 1659 1957 os,
1672 1908 1710 1950 &
1730 1904 1934 1952 animum
1985 1951 1992 1961 ..

159 1969 485 2017 offirmaveran
547 1971 689 2020 Hunc
711 1966 982 2030 Margarita,
1010 1969 1134 2027 (quae
1156 1966 1213 2012 ad
1235 1981 1393 2012 omnes
1423 1966 1676 2012 occasiones
1718 1969 1935 2016 turbandi

159 2049 257 2080 rem
277 2033 525 2095 Anglicam
552 2034 728 2080 intenta
748 2029 1051 2094 advigilabat)
1077 2045 1181 2076 cum
1201 2030 1305 2076 effer.
1339 2031 1486 2084 nacta,
1510 2029 1777 2093 aliquandiu
1801 2033 1926 2095 apud

159 2096 204 2144 se
226 2098 405 2143 occulte
423 2097 600 2152 habuit,
629 2098 776 2144 donec
794 2111 903 2142 eum
926 2095 1154 2147 edoceret,
1184 2094 1352 2155 quibus
1375 2093 1651 2141 factionibus
1675 2095 1848 2159 Anglia
1863 2096 1931 2144 la-

161 2161 377 2207 boraret:
412 2179 527 2224 quos
549 2160 739 2214 amicos,
774 2157 1073 2219 inimicosque
1107 2157 1204 2202 illic
1238 2157 1426 2204 haberet
1454 2175 1466 2204 2
1496 2158 1843 2222 perficeretque,
1881 2173 1935 2209 ut

160 2241 347 2272 omnem
370 2226 509 2289 Regii
530 2225 709 2290 generis
733 2222 909 2276 seriem,
932 2238 1036 2284 qua:
1057 2221 1169 2267 item
1193 2220 1380 2286 fingulis
1401 2222 1631 2284 prospera,
1654 2225 1727 2271 vel
1748 2224 1932 2274 adversa

143 2288 631 2344 2evenisshnt,tenereu

224 2356 309 2400 XI.
346 2355 436 2400 His
459 2354 523 2400 ita
544 2353 838 2417 comparatis,
859 2367 964 2398 cum
980 2350 1075 2410 jam
1100 2359 1328 2396 maturum
1351 2347 1583 2397 videretur
1599 2349 1827 2399 fortunam
1850 2369 1929 2400 ex.

159 2418 315 2482 periri,
341 2417 575 2466 hominem
596 2418 778 2465 occulte
800 2430 929 2463 curat
949 2431 1055 2462 cum
1094 2413 1278 2460 honesto
1299 2413 1520 2461 comitatu
1542 2414 1740 2476 primum
1762 2415 1809 2462 in
1834 2418 1930 2465 Lu-

162 2484 387 2537 sitaniam,
411 2482 578 2530 deinde
600 2483 648 2530 in
672 2481 947 2530 Hiberniam
971 2478 1263 2525 mittendum.
1332 2477 1405 2524 Ibi
1427 2494 1597 2541 magno
1617 2480 1854 2536 concursu,
1875 2486 1929 2532 ὅς

162 2546 294 2605 vulgi
317 2547 533 2610 applausu
552 2549 678 2594 velut
699 2544 903 2595 Eduardi
920 2543 1063 2607 Regis
1087 2541 1204 2588 filius
1227 2543 1550 2604 receptu5,five
1567 2541 1723 2605 suopte
1740 2543 1938 2608 ingenio
1984 2558 1987 2566 ‘¹

142 2612 218 2659 -ad
241 2611 542 2657 timu-landum
576 2610 844 2673 compofflo,
870 2621 1009 2670 atque
1040 2617 1134 2653 arte
1155 2604 1293 2652 etiam
1324 2605 1499 2679 adjuto,
1522 2606 1612 2653 five
1634 2607 1928 2657 barbarorum

161 2675 400 2722 hominum
426 2676 695 2722 credulitate
729 2674 869 2721 fretus
909 2687 1128 2735 magnum
1152 2669 1281 2715 brevi
1301 2672 1479 2717 motu-fn
1501 2672 1781 2719 excitaturus
1802 2673 1929 2721 vide-

143 2739 311 2786 ·batur..
380 2740 500 2787 Cum
521 2738 645 2786 bello
683 2750 869 2800 repente
887 2736 1006 2783 inter
1029 2734 1211 2787 Gallos,
1236 2739 1276 2780 δι
1299 2734 1479 2797 Anglos
1501 2747 1679 2790 exorto,
1702 2751 1728 2782 a
1758 2737 1938 2786 Carola

161 2807 325 2850 octavo
347 2803 527 2866 magnis
548 2801 958 2865 pollicitationibus
972 2816 1028 2846 ex
1050 2797 1279 2848 Hibernia
1293 2804 1498 2852 vocatus,
1519 2798 1758 2846 Luteciam
1780 2801 1927 2858 venit,

159 2866 258 2914 i-llic
281 2867 547 2919 honorifice,
568 2883 619 2912 ac
637 2865 786 2930 Regio
809 2866 955 2919 cultu,
980 2861 1164 2922 adjectis
1187 2860 1325 2908 etiam
1347 2861 1615 2911 satellitibus
1635 2863 1837 2920 habitus,
1873 2869 1928 2916 ἃς

161 2931 220 2978 ab
244 2931 409 2995 Anglis
426 2930 655 2984 exulibus,
683 2928 765 2992 qui
783 2941 880 2978 tum
902 2928 968 2974 ibi
989 2928 1248 2988 frequentes
1270 2924 1522 2988 agitabant,
1544 2926 1592 2973 in
1609 2927 1731 2990 spem
1755 2941 1925 2978 certam

160 2995 294 3059 regni
315 2995 536 3042 addufsstus
554 2995 629 3041 est.
679 2994 768 3040 Sed
783 3009 840 3040 eo
863 2992 1062 3039 tumultu
1083 2988 1426 3035 conditionibus
1446 2990 1610 3052 sopito,
1630 2992 1747 3045 clam
1769 3009 1827 3040 ex
1844 3008 1929 3041 au-

159 3059 206 3107 la
224 3059 409 3110 Gallica
424 3071 550 3106 metu
568 3075 625 3105 ne
646 3059 888 3107 dederetur
906 3055 956 3104 in
973 3058 1006 3103 F
1009 3053 1233 3105 landriam
1254 3052 1295 3100 se
1317 3053 1514 3101 contulit
1537 3073 1550 3102 :
1586 3067 1772 3119 atque.a
1793 3058 1923 3105 Mar-

160 3179 164 3198 ³
217 3178 282 3231 (ι)
311 3179 436 3229 Mary,
472 3177 559 3216 who
587 3191 660 3215 was
696 3177 770 3215 first
791 3175 950 3218 married
975 3183 1017 3225 to
1067 3173 1164 3211 fister
1192 3179 1231 3210 to
1246 3174 1372 3224 James
1399 3172 1476 3211 first
1505 3176 1580 3213 earl
1609 3175 1655 3214 of
1668 3177 1822 3215 Arsane
1864 3174 1925 3214 {he

163 3232 334 3277 Tlmmas
366 3233 500 3269 master
517 3231 561 3269 of
575 3231 682 3277 Boid,
714 3231 789 3268 earl
818 3229 863 3267 of
874 3231 1012 3275 Arma,
1070 3226 1152 3264 bare
1166 3226 1270 3278 John
1289 3229 1362 3265 earl
1385 3226 1430 3264 of
1439 3226 1609 3275 Lennox,
1621 3228 1668 3268 of
1670 3227 1806 3267 ,whom
1817 3241 1921 3267 more

150 3279 233 3324 dib.
260 3297 320 3322 η.
349 3298 427 3334 cap.
448 3285 511 3335 26.
541 3283 742 3321 thereafter
760 3291 811 3320 to·
827 3283 871 3329 fir
887 3283 1014 3335 James
1066 3279 1265 3326 hereafter,
1278 3279 1346 3318 lib.
1371 3291 1432 3328 14.
1453 3292 1531 3330 cap.
1551 3293 1617 3333 29.

167 3337 423 3376 Hamiltonof
435 3338 593 3386 Cadyow
614 3337 693 3376 iord
710 3335 1010 3383 Hamilton,1ib.
1121 3333 1184 3382 (4)
1209 3336 1254 3371 M
1268 3335 1307 3372 S.
1327 3333 1410 3372 vere

167 3398 230 3430 12.
250 3402 328 3438 cap.
351 3403 412 3439 32·
710 3408 714 3410 Δ
1118 3387 1134 3436 (
1143 3386 1180 3438 5)
1193 3389 1421 3437 commonly
1433 3388 1550 3427 called
1562 3386 1706 3426 Perkin
1715 3384 1918 3423 warbeck.

222 3441 282 3488 (2)
303 3442 496 3488 Daughter
514 3448 554 3479 to
573 3441 743 3483 Thomas
771 3442 846 3480 earl
877 3441 1015 3481 ovar*
1119 3442 1182 3490 (6)
1197 3446 1294 3489 ¹Leg.
1315 3441 1474 3484 Eduardi
1506 3452 1547 3489 4,
1582 3441 1642 3478 for
1668 3439 1765 3486 king
1785 3438 1918 3486 Hemy

167 3505 247 3539 ran,
273 3494 430 3531 married
458 3502 497 3532 to
528 3493 673 3533 thelord
691 3495 849 3542 Forbes,
873 3494 927 3533 see
945 3493 1017 3532 the
1063 3504 1104 3542 4.
1124 3507 1200 3534 was
1217 3494 1263 3533 of
1283 3493 1348 3530 the
1367 3494 1601 3531 Lancastrian
1631 3489 1917 3536 line,tand=was

165 3553 271 3584 notes
290 3557 337 3580 on
355 3545 422 3581 lib.
447 3558 506 3586 η.
523 3560 601 3594 cap.
620 3560 682 3596 30.
1065 3547 1155 3585 dead
1174 3549 1287 3590 about
1305 3547 1353 3598 36
1372 3560 1474 3597 years
1491 3546 1613 3585 before
1637 3543 1741 3582 this..

165 3594 169 3600 ,
205 3596 280 3650 ’(3)
297 3596 487 3646 Daughtet
503 3606 541 3635 to
558 3599 687 3649 James
703 3601 782 3638 lord
797 3599 1023 3645 Hamilton,¹
1879 3642 1893 3652 ·

908 3660 912 3664 ”
1794 3659 1925 3708 gan,-
