2006 3858
283 174 579 242 Lmnn
656 169 717 240 D
752 183 790 240 Ε
825 180 1520 240 eimussnx‘rus,
1667 182 1798 257 473

98 268 272 324 XXXI.
308 275 376 320 Ita
398 271 607 336 praesenti
628 272 830 320 tumultu
848 271 1099 334 composito
1118 269 1208 318 fine
1229 270 1372 326 caede,
1404 272 1445 317 δὲ
1468 267 1702 331 sanguine,
1729 288 1804 317 re-

34 341 222 404 ligionis
245 337 464 389 vindice3‚
491 347 541 382 ut
569 336 651 398 qui
674 347 765 382 non
786 334 953 383 inferre
977 351 1116 390 arma,
1142 334 1216 381 sed
1237 334 1365 382 illata
1382 332 1644 398 propulsare
1667 334 1801 397 cupi-

32 407 172 452 ebant
189 403 284 449 laeti
299 401 599 454 discesserunt,
621 400 776 445 Deum
798 400 1053 454 laudantes,
1077 396 1158 461 qui
1180 399 1291 446 belli
1314 399 1604 446 incruentum
1624 397 1803 445 exitum

26 468 157 516 hunc
178 464 380 514 dedisset.
448 464 618 512 Comes
654 463 967 525 Argatlielius,
1006 470 1046 510 Sc
1086 465 1276 510 Iacobus
1301 465 1505 511 Stuartus
1534 464 1591 514 ad
1627 463 1805 509 Fanum

35 534 252 585 Andreae,
277 530 433 576 relicta
454 528 512 576 ad
534 526 752 574 Perthum
775 529 1001 589 Regente‚
1025 526 1348 583 concesserunt,
1375 541 1425 574 ut
1447 526 1582 574 taedia
1604 526 1781 590 superio
1798 554 1812 564 -

35 597 96 644 ris
121 594 339 658 temporis
368 610 448 656 per
469 591 622 640 ocium
645 590 934 638 discuterent.
1004 591 1067 636 At
1090 591 1169 637 illa
1199 591 1344 638 soluto
1367 591 1728 639 voluntariorum
1754 607 1813 637 u·

7 660 217 724 ,trinque
239 658 460 711 exercitu,
483 653 708 720 oppidum
731 669 836 700 cum
861 654 1017 716 paucis
1039 655 1232 717 ingressa
1255 656 1503 702 honorifice
1527 672 1608 718 pro
1631 655 1808 703 civium

34 726 180 787 copiis
205 725 263 770 est
286 735 481 785 recepta,
550 720 681 766 Galli
703 720 969 766 mercenarii
991 729 1096 764 cum
1136 720 1321 766 Patricii
1346 719 1545 767 Moravii
1573 721 1686 767 civis
1725 724 1813 769 ho-

11 788 146 838 xnesti
168 789 285 835 aedes
308 786 606 850 praeterirent,
630 784 706 830 sex
723 784 880 830 (forum
906 797 1010 829 cum
1034 783 1354 842 ornnesjastus
1378 785 1586 831 adversus
1611 785 1808 848 podium

34 853 259 916 ligneum,
285 852 405 898 unde
428 850 602 898 familia
625 847 869 912 speciabat,
894 846 1170 902 direxissent,
1198 863 1311 892 unus
1335 848 1517 896 Patricii
1542 849 1660 896 filius
1697 851 1812 897 ado·

36 918 204 965 lescens
228 915 446 964 tredecim
466 930 688 961 annorum
723 913 810 958 fuit
834 924 1114 975 peremptus.
1183 911 1366 974 Rege-{ns
1388 928 1578 976 corpore
1601 915 1655 961 ad
1677 914 1718 961 se
1741 915 1810 961 al-

35 982 130 1030 iato
153 986 254 1028 cum
280 997 423 1044 genus
455 978 696 1032 didicisset,
720 977 871 1022 casum
894 976 1084 1040 quidem
1107 974 1391 1023 miseratione
1414 976 1603 1040 dignum
1629 980 1713 1026 effe
1736 980 1815 1027 in-

34 1046 138 1110 quit
163 1064 174 1092 :
207 1047 354 1108 eoque
388 1044 547 1108 magis,
572 1044 698 1105 quod
718 1041 766 1087 in
789 1041 950 1095 filium,
977 1057 1030 1087 ac
1049 1054 1141 1086 non
1170 1040 1217 1086 in
1239 1053 1414 1102 patrem
1440 1042 1592 1102 potius
1615 1058 1669 1090 ea
1686 1046 1808 1091 cala·⁹
1866 1083 1869 1086 ,

37 1111 172 1158 initas
195 1109 417 1156 incidisset
441 1127 451 1154 t
488 1108 528 1154 se
549 1123 656 1153 vero
679 1106 868 1153 fortuita
888 1107 1092 1166 praessare
1114 1120 1205 1153 non
1229 1105 1366 1165 posse.
1433 1107 1504 1151 Ex
1530 1107 1612 1153 hac
1634 1110 1731 1170 ejus
1755 1126 1812 1156 o-

35 1175 212 1222 ratione
229 1190 334 1221 cum
357 1173 492 1219 facile
510 1188 667 1218 omnes
689 1170 1002 1233 intelligerent
1024 1170 1159 1215 fidem
1178 1174 1509 1216 conventorum
1528 1182 1620 1217 non
1643 1175 1814 1235 ampli-

0 1283 4 1289 .
41 1257 92 1286 us
117 1240 395 1293 duraturam,
421 1253 559 1299 quam
582 1237 729 1282 donec
748 1235 835 1280 suae
858 1235 974 1280 vires
998 1233 1471 1295 Regentiplaeerent,
1504 1234 1583 1281 illa
1614 1236 1818 1286 orationi.

36 1304 156 1350 fasta
173 1302 494 1350 convenientia
514 1299 695 1359 adjecit.
765 1300 890 1345 Nam
914 1298 1031 1344 intra
1053 1298 1254 1344 triduum
1267 1298 1422 1345 omnia
1447 1298 1630 1346 miscere
1652 1302 1816 1364 coepit.

38 1369 227 1415 Civium
251 1367 373 1414 enim
397 1367 509 1412 alios
532 1363 757 1427 spoliavit,
778 1365 890 1409 alios
909 1361 1051 1409 exilio
1074 1362 1312 1410 multavit:
1352 1363 1633 1427 magistratus
1654 1383 1816 1416 omncs

36 1435 163 1481 nulla
179 1432 293 1493 juris
314 1430 511 1478 formula
522 1428 755 1475 observata
768 1426 1085 1482 commutavit,
1112 1442 1164 1472 ac
1180 1427 1428 1474 Sterlinum
1451 1427 1683 1476 discedens
1704 1432 1819 1478 Sco-

39 1513 110 1543 tos
135 1496 454 1550 mercenarios,
477 1494 559 1557 qui
580 1493 789 1555 praesidio
810 1493 964 1545 essent,
988 1492 1036 1539 in
1058 1491 1234 1554 oppido
1256 1493 1443 1555 reliquit
1468 1510 1478 1539 ε
1513 1511 1606 1557 quo
1637 1492 1757 1541 facio
1787 1513 1817 1543 a

39 1563 274 1608 conventis
297 1561 480 1607 volebat
507 1558 656 1605 videri
679 1573 770 1604 non
789 1557 1039 1612 discedere,
1082 1556 1212 1617 quod
1236 1557 1499 1618 promisisset
1524 1560 1633 1605 urbe
1652 1559 1816 1617 libera,

39 1626 271 1673 neminem
295 1625 487 1671 Gallum
508 1623 548 1668 se
570 1623 617 1669 in
640 1639 693 1670 ea
714 1622 989 1669 relicturam.
1059 1621 1180 1666 Cum
1204 1620 1480 1681 objiceretur
1503 1622 1550 1668 in
1573 1625 1817 1671 conventis

40 1706 200 1737 omnes
232 1690 396 1736 Gallos
417 1688 602 1743 censeri,
626 1686 709 1750 qui
739 1686 876 1733 fidem
901 1682 1022 1751 Regi
1052 1685 1196 1731 Gallo
1217 1686 1438 1732 haberent
1459 1686 1731 1750 obligatam,
1756 1681 1819 1737 ad

38 1755 160 1802 illud
178 1757 464 1816 Papanorum
486 1767 731 1799 commune
753 1751 961 1805 recurrit,
981 1748 1215 1796 Haeretico
1239 1766 1331 1796 non
1350 1750 1564 1798 servanda
1587 1753 1818 1814 promissa,

40 1820 183 1881 Qod
207 1820 237 1866 si
262 1834 391 1881 aeque
413 1818 597 1863 honesta
619 1815 834 1863 facinoris
855 1812 1144 1861 excusatione
1168 1813 1236 1860 uti
1272 1815 1430 1877 posset,
1469 1817 1596 1863 nulla
1638 1817 1819 1864 sceleris

28 1882 315 1931 <conscientia
335 1882 374 1927 se
393 1881 732 1942 impediri,quo
755 1879 904 1926 minus
926 1878 994 1925 isti
1015 1878 1253 1925 hominum
1278 1879 1437 1942 generi
1458 1882 1507 1929 &
1531 1880 1667 1936 bona,
1686 1887 1726 1927 δε
1748 1882 1823 1928 vi·-

41 1961 133 1995 tam
158 1947 395 1993 adimeret.
462 1945 783 1993 Promifforum
804 1956 954 1991 autem
980 1943 1117 1990 fidem
1135 1959 1162 1989 a
1179 1942 1465 2007 principibus
1483 1960 1576 1992 non
1598 1947 1683 1993 effe
1701 1948 1821 1995 adeo

41 2012 173 2060 anxie
196 2010 486 2074 exigendam.

112 2077 314 2123 XXXII.
351 2077 470 2122 Cum
497 2075 594 2122 haec
615 2071 715 2121 satis
733 2072 989 2121 indicarent
1006 2087 1165 2134 pacem
1189 2087 1280 2119 non
1300 2070 1561 2122 diuturnam
1583 2075 1697 2132 fore,
1719 2088 1824 2126 tum

41 2157 112 2194 ea,
136 2156 240 2202 quae
279 2140 428 2188 secuta
449 2140 565 2194 sunt,
611 2139 758 2186 multo
779 2137 1095 2184 vehementius
1129 2135 1395 2199 opinionem
1431 2139 1489 2184 de
1526 2156 1580 2187 ea
1601 2142 1823 2191 sinistram

45 2207 387 2252 confirmarunt.
456 2204 676 2251 Iacobum
701 2204 952 2256 Stuartum,
978 2207 1018 2247 δε
1042 2201 1329 2263 Gilespicum
1356 2203 1648 2253 Cambellurn
1669 2208 1822 2254 mina·

42 2269 169 2315 cibus
189 2269 348 2323 literiS,
369 2274 409 2315 &
434 2268 658 2316 mandatis
682 2267 917 2330 prosecuta
938 2278 1160 2313 extremas
1180 2268 1336 2330 legum
1362 2282 1518 2328 poena3
1557 2269 1642 2327 eis,
1675 2271 1722 2318 ni
1745 2289 1821 2320 re-

45 2335 211 2388 dirent,
251 2332 542 2380 interminata
568 2351 579 2380 :
619 2334 677 2380 de
710 2331 905 2379 adversae
944 2330 1157 2378 factionis
1194 2330 1398 2377 exercitu
1435 2332 1604 2390 secura,
1639 2336 1821 2399 quippe

45 2406 183 2462 quem
208 2398 232 2446 ἐ
254 2397 542 2453 voluntariis,
582 2403 622 2443 δε
656 2396 737 2460 qui
768 2396 857 2443 sine
880 2395 1112 2458 stipendiis
1146 2394 1415 2451 militarent,
1449 2399 1698 2447 conflatum
1734 2403 1823 2461 esije

44 2463 212 2510 sciebat
235 2480 247 2509 ε
281 2478 366 2509 nec
381 2461 458 2508 ubi
481 2461 641 2508 dimiffi
664 2462 818 2515 essent,
854 2460 1006 2515 facile,
1036 2472 1116 2506 aut
1136 2459 1229 2506 cito
1250 2473 1556 2510 conventuros
1590 2465 1824 2512 existima-

46 2527 138 2574 bat.
206 2526 341 2573 Missa
360 2526 578 2579 restituta,
602 2524 802 2587 caeterisq
812 2542 863 2571 ue
880 2525 1014 2571 rebus
1034 2524 1188 2586 quoad
1207 2537 1401 2586 poterat,
1425 2529 1705 2590 compositis,
1730 2545 1820 2593 op-
1862 2551 1870 2559 ·

44 2591 157 2654 pido
173 2608 266 2653 quo
289 2591 506 2644 diximus,
539 2589 746 2653 praesidio
769 2589 1053 2635 communito
1075 2588 1324 2654 Sterlinum
1347 2591 1495 2638 versus
1517 2591 1604 2639 iter
1624 2593 1820 2657 ingressa

44 2657 121 2702 est.
155 2654 320 2702 Multis
342 2655 465 2702 enim
485 2654 542 2701 de
564 2655 703 2701 causis
728 2657 799 2715 (1)
824 2670 929 2700 eum
952 2655 1105 2699 locum
1129 2670 1155 2699 a
1175 2653 1263 2700 suis
1286 2654 1431 2701 teneri
1453 2656 1654 2705 volebat,
1687 2659 1818 2715 Nam

43 2718 95 2766 id
114 2720 341 2783 oppidum
364 2736 509 2782 prope
534 2719 671 2766 totius
698 2718 829 2782 regni
853 2718 900 2764 in
924 2717 1077 2764 medio
1100 2717 1250 2773 situm,
1286 2722 1339 2769 ὃς
1361 2718 1504 2766 solum
1529 2723 1669 2769 muris
1692 2723 1820 2771 cinc—

46 2795 161 2838 tum,
186 2784 307 2829 cives
346 2784 485 2832 habet
506 2782 759 2838 bellicosOS,
786 2787 826 2829 Sc
849 2782 999 2830 vicina
1021 2781 1242 2828 nobilitas
1273 2783 1479 2830 universa
1500 2802 1526 2832 a
1549 2787 1744 2850 Papanis
1766 2805 1821 2835 a·

43 2846 164 2894 liena
185 2860 280 2894 erat
301 2866 312 2906 ς
363 2848 419 2894 ad
443 2864 557 2911 quos
591 2848 906 2911 reprimendos
929 2848 1046 2893 hane
1064 2862 1212 2894 arcem
1235 2847 1378 2908 objici
1401 2849 1600 2896 volebat.
1671 2853 1819 2899 Com·
1839 2860 1844 2866 '

45 2911 287 2959 moditates
308 2911 447 2959 habet
468 2926 686 2975 praeterea
708 2913 891 2966 multas,
927 2917 966 2958 δε
1001 2911 1049 2958 in
1072 2912 1229 2974 primis
1251 2915 1309 2958 ad
1331 2912 1621 2969 terrestrium,
1644 2917 1696 2965 &
1720 2931 1818 2962 ma.

43 2975 299 3026 ritimarum
322 2979 559 3037 copiarum
579 2975 908 3023 subvefflones.
959 2976 1084 3023 Nam
1109 2992 1190 3039 per
1211 2977 1366 3025 Taum
1385 2993 1586 3033 amnem,
1610 2979 1691 3041 qui
1715 2996 1818 3027 mu.

41 3051 117 3086 tos·
136 3040 285 3094 alluit,
310 3041 437 3087 aestus
452 3041 587 3087 maris
603 3040 878 3093 infunditur,
901 3041 1252 3104 exterarumque
1275 3042 1512 3087 nationum
1527 3040 1818 3092 commercist

45 3103 222 3150 auitum
244 3104 432 3167 praebet.
499 3106 649 3167 quue
673 3121 812 3153 unum
835 3106 929 3152 fere
946 3106 1011 3166 *est
1031 3105 1276 3167 oppidum,
1300 3105 1427 3167 quod
1446 3105 1506 3151 ab
1541 3106 1715 3153 ultimis
1747 3101 1819 3155 usss·

43 3182 132 3231 que
153 3169 284 3230 regni
307 3167 472 3214 finibus
495 3170 699 3231 undique
718 3168 908 3216 terrestri
928 3168 1092 3230 itinere
1111 3168 1226 3214 adiri
1255 3169 1413 3228 potest.
1483 3169 1561 3215 Ad
1582 3184 1746 3219 caetera
1766 3189 1820 3219 e.

42 3229 142 3277 nim
164 3230 315 3293 longis
338 3231 551 3278 aestuariis
573 3249 600 3278 a
633 3233 745 3280 mari
767 3232 987 3286 immiffis,
1025 3231 1112 3278 viae
1135 3231 1430 3279 multifariam
1452 3231 1673 3280 intercisae
1695 3236 1818 3299 sunt,

47 3299 89 3341 &
112 3309 192 3355 per
212 3311 266 3340 ea
285 3293 449 3340 itinera
465 3295 616 3342 lenta:
639 3296 769 3359 quoi
790 3295 1011 3358 nusquam
1032 3310 1086 3341 ea
1107 3295 1160 3341 fit
1180 3295 1492 3343 navicularum
1514 3299 1666 3360 copia,
1692 3313 1741 3348 ut
1763 3304 1819 3348 α’.

43 3373 106 3405 no
123 3368 381 3404 commeatu
405 3373 618 3422 magnam
637 3358 984 3406 multitudinem
1006 3357 1306 3421 transmittere
1323 3373 1510 3421 queant.
1580 3364 1710 3427 Saepe
1728 3367 1819 3414 eti..

51 3435 124 3484 am
146 3434 225 3469 aut
240 3420 391 3468 ventis
413 3422 667 3477 contrariis,
683 3435 761 3474 aut
775 3423 1089 3486 tempestatum
1107 3423 1328 3471 violentia
1349 3423 1447 3472 dies
1465 3429 1723 3490 complures
1747 3431 1819 3477 vi-

45 3498 191 3548 atores
234 3485 504 3534 retinentur.
546 3487 626 3538 Ob
649 3487 729 3536 has
753 3485 904 3534 causas
928 3486 1148 3535 Perthum
1163 3489 1226 3552 ,ὃς
1247 3488 1551 3541 conventibus
1571 3486 1815 3553 hamdis,

96 3623 162 3677 (ι)
186 3621 370 3666 Perthum
389 3622 468 3666 scii.

381 3716 385 3718 v
891 3690 938 3742 0
966 3708 996 3743 0
1024 3708 1053 3746 ο
1342 3766 1345 3767 ⁷
1779 3703 1822 3747 ει
