2106 3838
222 156 356 230 152
545 139 906 209 RERUM
994 138 1679 211 ScothARUM

214 238 419 301 Adjectae
440 239 542 292 sunt
558 246 600 289 δε
618 239 718 287 aliae
741 241 881 302 leges.
910 246 958 285 ut
975 236 1367 299 quemadmodum
1384 238 1504 302 Regi
1522 238 1748 290 maximus
1766 251 1872 296 natu
1893 243 1981 292 fili-

214 297 266 353 tis
288 304 334 351 in
356 320 549 374 regnum
568 305 839 354 succederet,
863 300 928 353 ita
946 300 1040 350 silio
1057 313 1162 349 ante
1179 314 1357 366 patrem
1375 300 1594 353 defuneto
1613 319 1755 367 nepos
1770 322 1855 353 avo
1874 308 1978 355 sub-

212 362 463 438 rogaretur.
531 369 600 416 Ut
622 369 749 428 Rege
770 364 1009 428 impubere
1026 377 1171 420 tutor,
1197 366 1281 429 qui
1301 384 1385 443 pro
1406 368 1535 433 Rege
1554 369 1677 423 esset,
1702 367 1872 422 interea
1892 372 1976 419 eli-

211 434 397 496 geretur
415 432 484 482 vir
506 429 746 494 prudentia
763 433 803 477 δι
826 428 992 493 opibus
1009 428 1215 494 insignis,
1238 447 1321 494 qui
1343 433 1401 480 ad
1419 445 1631 496 quartum
1658 432 1889 481 decimum
1912 435 1981 483 (is-

211 510 301 560 que
324 513 490 544 annum
512 495 651 557 Regis
684 492 868 542 nomine
893 510 985 542 rem
1010 493 1355 542 administraret.
1423 495 1499 542 Ad
1530 496 1579 543 id
1613 496 1755 546 aetatis
1783 498 1858 545 ubi
1882 500 1983 547 Rex

208 557 481 623 pervenerit,
499 559 589 620 ipse
608 559 687 605 fibi
710 570 938 605 curatores
958 557 1129 620 eligere
1151 555 1307 621 posset.
1379 559 1533 607 Multa
1549 573 1765 623 praeterea
1787 563 1843 609 de
1867 563 1984 626 legi-

211 623 325 672 tima
347 623 575 675 haeredum
595 621 857 670 successione
878 621 1119 677 constituta
1139 624 1256 678 sunt,
1280 640 1383 687 qua:
1407 623 1493 671 toti
1511 622 1742 676 nobilitati
1760 641 1864 674 curn
1884 628 1977 677 Re-

213 704 272 752 ge
294 689 531 739 voluerunt
553 687 635 733 effe
659 687 937 735 communia.

274 752 372 797 XL.
410 752 479 797 Ita
498 752 598 798 Rex
620 767 698 813 per
719 750 858 806 scelus
889 751 1093 815 posteris,
1131 750 1197 798 uti
1231 750 1439 815 putabat,
1465 768 1607 816 regno
1632 752 1844 808 stabilito,
1877 754 1978 802 ani-

207 821 331 865 mum
356 827 506 865 tamen
529 814 656 863 suum
678 816 942 862 confirmare
964 831 1055 862 non
1080 815 1249 878 potuit.
1285 817 1564 926 Qbanquam
1587 818 1710 866 enim
1734 833 1870 866 omne
1962 847 1976 857 ·

207 896 291 925 nus
315 878 552 927 hominurn
575 879 750 929 summo
773 879 935 933 studio,
961 883 999 925 ἃ
1023 880 1320 928 ostentatione
1377 880 1675 931 enevolentiae
1701 836 1979 945 comple&-

208 955 346 998 retur,
372 942 591 1006 plurimos
613 943 740 993 omni
761 960 927 1007 genere
954 942 1208 991 officiorum
1231 943 1591 1005 prosequeretur,
1628 952 1668 993 &-
1692 945 1757 993 ita
1780 963 1974 1011 regnum

208 1021 402 1070 gereret,
429 1022 477 1054 ut
500 1008 675 1055 nullum
701 1007 810 1057 boni
832 1007 972 1071 Regis
994 1024 1155 1055 munus
1176 1007 1220 1055 in
1247 1021 1301 1055 eo
1323 1002 1562 1072 quisquam
1582 1010 1852 1057 desideraret
1876 1029 1885 1057 :
1913 1025 1980 1058 ta·

210 1088 315 1119 men
346 1067 525 1119 animus
549 1070 823 1120 conscicntia
845 1070 1019 1119 sceleris
1042 1071 1277 1135 inquietus
1301 1073 1477 1120 nullum
1501 1072 1713 1129 solidum,
1755 1077 1803 1124 8<
1828 1075 1979 1136 synce-

211 1151 310 1182 rum
335 1137 374 1183 ei
399 1137 617 1200 gau-nium
640 1137 723 1183 effe
779 1135 1039 1183 ermittebat
1065 1156 1074 1182 :
1113 1135 1187 1183 sed
1209 1136 1611 1184 intercursantibus
1630 1155 1712 1200 per
1733 1138 1884 1186 ocium
1905 1155 1982 1186 co·

210 1200 509 1264 gitationibus
533 1201 706 1249 sceleris
724 1154 950 1249 AEcdiffimi
974 1201 1175 1248 interdiu
1194 1200 1472 1249 vexabatur:
1498 1206 1543 1252 ὅ(
1601 1218 1648 1249 cr
1671 1203 1876 1250 somnum
1899 1204 1982 1250 ob-

209 1264 430 1318 versantia
444 1265 535 1316 visa
557 1263 753 1325 horroris
770 1267 906 1329 plena
925 1265 1124 1328 quietern
1146 1264 1514 1329 interpellabant.
1600 1267 1762 1315 andern
1789 1267 1876 1314 sive
1898 1285 1980 1315 ve-

210 1328 275 1382 re,
299 1330 423 1392 quod
444 1330 633 1394 quidam
656 1330 858 1386 tradunt,
883 1347 972 1378 vox
998 1330 1116 1378 coelo
1140 1329 1264 1378 edita
1284 1330 1363 1385 est,
1384 1330 1472 1377 sive
1505 1332 1712 1378 turbatus
1735 1330 1912 1380 animus
1935 1350 1982 1380 e·

211 1407 283 1442 am
304 1393 384 1442 sibi
403 1394 493 1458 ipse
516 1395 707 1457 speciem
735 1395 940 1449 finxerat,
965 1394 1090 1457 quod
1112 1394 1335 1443 sceleratis
1357 1395 1626 1458 plaerunque
1643 1396 1824 1443 evenire
1848 1396 1980 1451 solet,

209 1457 327 1519 visus
342 1459 401 1506 est
424 1459 503 1506 sibi
524 1477 602 1522 per
624 1459 828 1507 somnum
847 1458 912 1506 ita
927 1458 1181 1512 admoueri,
1203 1458 1781 1519 Putasne(1)Milcolumbe
1805 1461 1979 1509 caedem

211 1521 411 1571 hominis
436 1523 611 1573 innoxii
635 1540 661 1569 a
688 1536 730 1570 te
753 1540 832 1585 per
862 1522 1087 1571 summum
1112 1522 1237 1570 nefas
1258 1523 1377 1570 clam
1402 1535 1626 1587 patratam
1655 1538 1733 1572 aut
1759 1523 1872 1571 mihi
1896 1525 1982 1573 esse

212 1585 438 1651 ignotam,
464 1600 540 1635 aut
571 1601 614 1634 te
636 1584 807 1634 diutius
840 1585 1031 1649 impune
1053 1588 1251 1634 laturum
1273 1606 1283 1634 z
1315 1587 1410 1648 jam
1435 1587 1778 1644 enim'insidiae,
1802 1606 1913 1652 quas
1933 1600 1983 1637 tu

212 1652 414 1714 effugere
432 1668 522 1699 non
537 1665 689 1716 potes,
708 1651 755 1697 in
774 1663 911 1713 caput
929 1665 1057 1698 tuum
1078 1663 1292 1714 parantur
1317 1669 1327 1697 :
1361 1667 1461 1705 nec,
1489 1664 1538 1698 ut
1564 1665 1612 1698 tu
1632 1666 1783 1715 putas,
1811 1653 1982 1709 stabile,

215 1720 256 1763 δε
275 1714 495 1771 securum,
516 1713 588 1762 sed
613 1714 958 1768 tumultuosum,
982 1722 1020 1764 δι’
1045 1715 1345 1778 procellarum
1372 1716 1558 1778 plenum
1578 1733 1772 1780 regnum
1794 1716 1880 1764 tuis
1900 1735 1981 1782 po·

216 1779 338 1826 sseris
361 1779 605 1842 relinques.
674 1781 777 1828 Hac
801 1777 1083 1827 formidabili
1104 1778 1128 1825 s
1154 1778 1251 1826 ecie
1275 1780 1375 1826 Rex
1397 1781 1667 1827 conterritus
1691 1780 1865 1828 summo
1889 1799 1985 1829 ma-

215 1859 271 1891 ne
301 1844 358 1891 ad
394 1844 660 1908 Episcopos‚
695 1848 733 1892 δι
760 1844 1006 1892 monachos
1028 1797 1242 1907 confligit
1266 1862 1278 1891 :
1311 1843 1453 1891 animi
1490 1843 1553 1891 sui
1576 1843 1906 1899 confusionem,
1931 1862 1983 1894 ac

214 1906 728 1972 scelerispoenitentiam
751 1909 976 1956 denarrat.
1046 1907 1118 1955 Illi
1140 1924 1246 1955 vero
1269 1924 1361 1955 non
1385 1924 1541 1956 verum
1565 1908 1607 1955 ei
1635 1925 1659 1955 e
1681 1908 1845 1957 Christi
1872 1912 1981 1958 doc-

214 1973 333 2020 trina
368 1972 619 2025 remedium
643 1973 757 2035 (jam
781 1973 902 2020 enim
936 1972 960 2019 a
985 1985 1190 2020 veterum
1253 1971 1409 2027 ieme,
1433 1975 1484 2024 δε
1504 1971 1763 2020 eruditione
1783 1974 1981 2022 deflexe-

213 2039 334 2097 rant)
359 2036 718 2101 praescripserunt
739 2056 750 2084 :
784 2036 855 2084 sed
872 2037 954 2086 illa
976 2037 1122 2084 multo
1143 1990 1447 2084 abffirdiffima
1461 2036 1736 2098 jamdudum
1765 2054 1790 2083 a
1809 2039 1979 2089 maliti-

216 2100 301 2150 ofis
340 2102 396 2149 ad
418 2103 638 2165 quaestum
659 2100 936 2165 excogitata,
969 2101 1026 2148 ab
1048 2099 1259 2155 incautis,
1285 2105 1325 2149 δι
1348 2117 1476 2165 atque
1497 2100 1694 2149 indoffis
1717 2114 1884 2150 temere
1907 2120 1980 2152 ac·

216 2178 365 2231 cepta,
387 2180 441 2224 *ut
463 2167 562 2213 loca
579 2165 714 2220 sacra,
744 2166 1006 2230 templaque
1027 2164 1226 2213 donariis
1249 2165 1542 2228 locupletata,
1577 2170 1616 2213 &
1636 2165 1839 2230 sepulcra
1859 2166 1983 2216 sanc·

216 2243 366 2285 torum
389 2229 628 2280 hominum
650 2229 877 2287 inviseret,
903 2230 1115 2297 reliquias
1137 2228 1428 2283 oscularetur,
1452 2230 1601 2285 missis,
1627 2236 1665 2278 ἃς
1689 2231 1983 2294 eleemosynis

244 2307 402 2350 cecata
417 2294 659 2348 redimeret
684 2311 694 2341 :
730 2295 995 2350 monachos,
1020 2300 1058 2341 ἃ
1083 2293 1330 2342 sacerdotes
1354 2293 1541 2354 majore.
1558 2310 1696 2358 quarn
1723 2311 1854 2344 antea
1874 2313 1981 2344 con-

236 2372 416 2410 neverat
427 2355 627 2413 honore,
647 2364 688 2406 Sc
709 2357 961 2407 reverentia
982 2362 1339 2423 prosequeretur.
1409 2359 1510 2406 Nec
1532 2360 1611 2406 ille
1629 2359 1875 2424 quicquam
1896 2361 1980 2408 ho-

216 2440 336 2483 rum,
359 2423 415 2473 iis
436 2423 626 2489 piaculis
649 2423 851 2472 sanatum
871 2423 926 2471 iri
949 2423 991 2471 se
1012 2422 1218 2478 credens,
1240 2420 1498 2473 omittebat.

280 2488 407 2535 XLI.
439 2488 657 2537 Tandem
690 2504 796 2536 curn
832 2488 878 2535 in
901 2486 1130 2536 Merniarn
1156 2489 1227 2549 (2)
1252 2489 1306 2535 ad
1330 2486 1522 2535 Palladii
1558 2486 1811 2536 sanssiffimi
1833 2488 1983 2537 homi·

215 2551 284 2610 nis
318 2553 407 2603 offa
439 2552 785 2601 venerabundus
819 2551 1028 2606 venisset,⁴
1063 2552 1119 2600 ad
1141 2550 1399 2616 proximam
1424 2567 1572 2600 arcem
1595 2552 1983 2614 (Fethercarniam

215 2616 460 2678 vocabant)
486 2629 604 2671 tum,
628 2629 677 2663 ut
694 2616 896 2671 tradunt,
921 2615 1143 2670 aedificiis,
1167 2621 1208 2664 δι
1226 2616 1488 2666 nemoribus
1512 2632 1758 2672 amoenam,
1783 2632 1982 2681 quorum

215 2695 338 2737 nunc
360 2680 484 2733 nulla
505 2696 648 2744 prope
670 2678 856 2746 vestigia
871 2681 1049 2736 restant,
1066 2679 1267 2733 divertit.
1300 2677 1411 2743 Ejus
1432 2680 1547 2728 arcis
1569 2680 1756 2729 domina
1777 2693 1874 2729 erat
1898 2681 1983 2730 Fe·

217 2743 499 2806 nel,la(cujus
521 2758 626 2793 ante
647 2743 962 2806 meminimus)
979 2761 1071 2793 non
1094 2757 1272 2793 tantum
1289 2744 1351 2792 ob
1369 2742 1452 2792 filii
1474 2742 1776 2793 Crathilinthi
1796 2761 1984 2809 poenam

216 2823 326 2873 erga
346 2808 523 2874 Regem
540 2805 730 2857 inimico
749 2806 924 2864 animo,
936 2808 1011 2856 sed
1024 2808 1085 2856 ob
1099 2796 1513 2863 Constminun›,&
1528 2806 1747 2860 Grimum
1765 2808 1864 2858 suos
1877 2811 1983 2873 pro'-

241 2869 426 2936 ‘inquos'
439 2890 558 2923 nova
576 2870 659 2923 illa
679 2871 782 2939 lege
800 2872 929 2938 regni
946 2873 1212 2929 haereditate
1232 2872 1449 2921 exclusos.
1483 2871 1560 2921 Ab
1579 2871 1761 2922 cairam
1784 2871 1984 2922 diffimus

235 2950 340 2987 ante
364 2936 815 2992 Rexliberaliter,&
825 2935 1074 2990 honorifice
1096 2934 1322 3002 susceptus
1350 2951 1376 2983 a
1393 2935 1587 3000 prandio
1605 2937 1686 3000 per
1703 2936 1857 2991 ocium
1877 2953 1982 2986 cum
2099 2970 2106 2988 ε

216 2996 820 3058 locotum,amoenitatem,'&
834 2999 947 3049 arcis
963 2996 1229 3049 structuram
1245 2989 1511 3064 diligentius
1530 2998 1787 3064 inspiceret,
1798 3002 1986 3056 Fenelln
2100 2992 2106 3058 l

215 3051 662 3137 eumrin;(3)diaetam
679 3064 873 3121 seorsum
889 3064 947 3112 ad
960 3064 1147 3114 statuam
1162 3080 1333 3112 aeneam
1352 3077 1446 3112 arte
1464 3064 1679 3132 singulari
1695 3062 1837 3125 fusam
1855 3064 1987 3131 ducit
2101 3070 2106 3109 i

214 3126 452 3186 visendum
477 3148 489 3178 :
522 3147 663 3204 quam
683 3128 750 3190 ita
777 3127 1010 3202 ingeniose
1030 3129 1285 3187 eonsectam
1306 3127 1434 3177 fuiss‘e
1451 3127 1632 3186 dicunt,
1656 3141 1782 3182 mex
1799 3129 1984 3183 occulto
2098 3125 2106 3192 l

213 3194 290 3257 (A.)
314 3191 430 3247 loco
455 3193 681 3252 funiculo,
711 3193 799 3262 ‘gui
828 3205 1029 3259 intentus
1064 3206 1160 3241 erat
1182 3192 1369 3243 remisso
1412 3191 1594 3261 sagittas
1620 3193 1929 3258 ejaculantem
1963 3212 1980 3253 ς
2097 3194 2106 3253 l

270 3320 467 3370 (Ol-‘orte
494 3335 560 3375 pro
586 3319 863 3364 Mileotu‘mboe.
920 3325 1068 3363 Genev.
1111 3338 1114 3341 ·
1177 3322 1239 3375 (3)
1267 3323 1333 3362 An
1349 3321 1551 3375 innerhall
1569 3333 1613 3362 or
1631 3323 1932 3374 dieting·room;
1958 3332 1981 3361 ι

216 3370 476 3414 Milcolumbi.
1123 3376 1394 3429 dining-ropm.

242 3422 335 3485 ‚(2)
361 3426 424 3466 To
444 3429 690 3481 Pane-mk,
710 3432 836 3471 where
858 3433 920 3470 st.
943 3431 1069 3470 Pau·-
1126 3432 1127 3436 ¹
1178 3433 1240 3484 (4)
1268 3431 1355 3470 vm:
1375 3431 1456 3468 1000
1474 3429 1571 3469 abest
1588 3428 1712 3468 aus».

209 3479 299 3518 dm
324 3491 368 3517 or
385 3480 496 3519 Padie
525 3482 556 3520 is
585 3484 711 3527 buried
735 3499 750 3536 ς
788 3486 834 3533 of
857 3485 983 3524 whom
1015 3485 1071 3523 see

183 3530 283 3571 'ulv-
311 3543 350 3585 ⁵·
377 3544 457 3584 cap.
489 3534 550 3573 16.
728 3538 734 3544 ·
1889 3581 1931 3634 R

1934 3600 1981 3631 e*-
