2085 3864
378 125 798 191 -LIBER
891 122 1383 211 QurNTU.s.
1484 150 1514 160 ”
1714 153 1833 224 ¹¹9

28 226 160 279 ‘xerat
178 224 391 274 omnibus
412 240 658 273 commune
680 222 953 286 periculum,
968 223 1034 270 ita
1051 227 1211 274 eadem
1228 226 1422 290 periculi
1437 231 1566 278 causa
1587 234 1833 291 videretur,

66 307 238 338 macno
260 289 472 338 consensu
488 290 545 335 ab
563 287 775 334 universis
794 287 1105 343 constitutum,
1129 304 1179 337 ut
1198 294 1392 355 expulsis
1417 296 1670 346 Saxonibus
1694 301 1834 348 Chri-

65 333 196 402 stiaiii
214 355 344 411 ritus,
369 361 409 401 δε
432 353 614 415 pietatis
636 353 784 399 cultus
808 353 866 398 ab
887 351 951 398 eis
975 354 1236 414 profanatus
1257 359 1580 413 restitueretur.
1614 364 1735 410 Cum
1759 382 1833 412 ca-

63 420 147 465 stra
161 419 258 480 jam
281 418 428 465 castris
451 433 593 479 prope
616 417 755 463 essent
780 417 964 472 collata,
1006 419 1133 464 Ocea
1154 420 1393 483 superioris
1421 426 1561 471 Occae
1592 427 1728 483 filius,
1753 430 1834 492 qui

63 495 163 529 tum
184 486 412 529 Saxonum
435 494 531 527 erat
548 475 803 543 Imperator
819 482 991 527 nuliam
1014 499 1181 546 pugnae
1200 502 1371 534 moram
1390 487 1538 536 fecits«
1567 492 1636 538 'In
1662 493 1731 554 (1)
1755 510 1835 540 ex-

63 547 206 592 ercitu
230 546 382 591 sociali
404 561 574 592 cornua
599 546 764 601 Scotis,
790 552 830 592 Sc
853 545 1008 599 Pictis,
1045 549 1163 594 acies
1197 550 1347 598 media
1369 553 1565 601 Arcturo
1584 557 1831 606 commissa.

63 603 191 656 S'coti
209 610 359 672 primo
382 610 527 655 statim
548 612 781 672 congressu
806 609 1088 656 Childerico.
1116 614 1194 675 qui
1217 631 1272 659 ex
1293 617 1476 663 adverso
1498 619 1675 668 steterat
1696 622 1834 669 hosti-

62 676 140 719 inn
156 674 280 720 ‘duce
301 691 359 720 ex
380 675 566 721 vulnere
588 673 803 736 collapso,
844 675 1016 720 caeteris
1037 675 1129 734 ejus
1154 678 1254 723 casu
1274 681 1457 736 territiS,
1477 699 1620 734 cornu
1640 685 1833 747 disjece-

64 752 189 786 runt.
260 740 313 784 In
335 739 476 784 altero
500 737 758 800 Colgernus
782 739 901 798 Saxo
924 740 1069 785 multa
1089 739 1134 786 in
1159 742 1388 791 Pictorum
1411 747 1648 808 perfidiam
1671 750 1833 816 jurga-

63 795 134 848 tus
159 802 206 848 in
239 804 441 849 Lothum
464 801 622 847 habitu
645 801 868 864 corporis,
906 809 945 849 δε
970 803 1103 850 armis
1127 807 1424 869 conspicuum
1445 811 1623 875 impetu
1641 815 1761 879 facto
1784 833 1833 863 e-

68 883 145 912 um
165 883 221 912 ex
243 883 363 928 equo
387 866 645 912 deturbavit
666 885 677 912 :
710 866 803 928 ipse
827 866 874 913 in
905 868 1111 915 medium
1133 870 1190 916 ab
1214 872 1412 922 hostibus
1435 892 1647 940 acceptus
1671 897 1696 927 a
1716 881 1832 927 duo-

62 930 146 977 bus
182 931 318 977 Piens
360 930 570 991 utrinque
604 929 736 976 hastis
761 932 1056 995 transfigitur.
1125 935 1286 984 Media
1324 940 1459 994 acies,
1504 943 1581 988 ubi
1615 945 1833 993 acerrime

62 995 355 1057 pugnabatur
376 993 589 1040 cornibus
612 997 797 1049 nudata,
838 1000 1024 1043 tandem
1048 1002 1087 1044 sc
1107 997 1201 1060 ipsa
1223 1002 1355 1049 ceffit.
1427 1006 1555 1052 Ocea
1581 1007 1750 1055 saucius
1775 1010 1832 1058 ad

61 1074 186 1105 mare
207 1059 381 1105 delatus
405 1075 511 1106 cum
533 1058 727 1113 caeteris,
757 1059 925 1121 quibus
957 1063 1145 1107 navium
1174 1065 1308 1127 copia
1342 1067 1428 1115 fuit
1458 1069 1505 1116 in
1531 1072 1833 1120 Germaniam

61 1123 316 1169 transmitit.
386 1124 455 1168 Ex
475 1121 528 1168 ἱίῡ
553 1124 634 1184 qui
658 1125 983 1178 remanserunt,
1008 1126 1332 1186 pertinaciores
1356 1132 1402 1178 in
1432 1150 1581 1181 errore
1604 1136 1680 1184 suo
1710 1154 1832 1185 mor-

56 1199 105 1233 ‘te
126 1187 306 1233 multati
330 1206 340 1233 τ
378 1185 580 1249 reliquos
604 1188 831 1234 simulatio
855 1188 1102 1235 Christiani
1118 1191 1229 1237 ritus
1253 1192 1505 1244 incolumes
1529 1199 1734 1248 servavit.

124 1252 302 1297 XXVI.
336 1251 580 1297 Restabant
599 1253 751 1300 adhuc
771 1252 819 1299 in
840 1253 1053 1300 orientali
1073 1256 1261 1318 Anglia,
1291 1264 1330 1304 Sc
1352 1261 1520 1307 Cautio
1542 1264 1706 1310 validae
1722 1269 1832 1315 Sax-

60 1329 203 1361 onum
228 1314 390 1377 copiae.
458 1317 513 1362 In
532 1332 608 1363 eos
635 1318 851 1363 Arcturus
876 1319 1022 1381 aestate
1043 1336 1148 1381 quse
1169 1320 1319 1368 secuta
1339 1324 1400 1370 est
1422 1326 1584 1382 movit,
1610 1329 1831 1389 adjunctis

61 1379 119 1424 ad
138 1377 222 1424 suis
245 1379 373 1426 denis
398 1381 657 1433 Scotorum,
679 1387 719 1428 &
738 1380 967 1429 Pictorum
989 1383 1210 1439 millibus,
1232 1403 1426 1447 quorum
1450 1391 1603 1439 alteris
1627 1394 1832 1458 Congal-

58 1442 128 1496 lus
166 1443 383 1500 Eue-enii,
423 1444 574 1491 alteris
598 1445 853 1493 Modredus
889 1448 1028 1494 Lothi
1051 1449 1169 1494 filius
1196 1464 1403 1512 praeerat,
1439 1455 1629 1515 juvenes
1650 1475 1832 1523 magnae

58 1505 172 1569 spei,
198 1495 339 1570 &iqui
362 1509 476 1572 saepe
501 1509 797 1565 fortitudinis,
823 1513 874 1560 δε
894 1512 1148 1573 prudentiae
1168 1514 1394 1576 specimen
1412 1520 1717 1580 praebuiffent.
1787 1528 1832 1574 Is

60 1570 198 1618 trium
221 1574 406 1632 Regum
429 1574 672 1630 exercitus,
707 1592 813 1622 cum
835 1576 1015 1624 circiter
1049 1576 1257 1641 quinque
1280 1581 1506 1635 milliarab
1528 1586 1726 1634 hostibus
1750 1591 1834 1636 ab-

59 1636 180 1689 esset,
197 1624 425 1699 ternisque
439 1639 591 1684 castris
608 1640 771 1686 diversi
789 1642 1046 1695 tenderent,
1063 1644 1262 1689 Saxones
1282 1649 1685 1709 perexploratores
1703 1670 1831 1701 com-

61 1711 192 1762 perto
213 1702 337 1763 apud
359 1702 507 1748 Pictos
534 1703 636 1764 (qui
657 1703 938 1766 longiuscule
973 1705 999 1763 a
1025 1705 1214 1768 reliquis
1237 1710 1383 1771 copiis
1420 1713 1685 1776 tendebant)
1712 1717 1843 1776 sum-¹

62 1779 185 1810 mam
217 1765 301 1811 effe
324 1765 672 1829 negligentiam,
707 1784 784 1814 eos
815 1769 872 1814 de
895 1772 1026 1816 noete
1056 1786 1242 1833 repente
1268 1773 1506 1824 invadunt.
1576 1780 1831 1832 Modredus

63 1843 167 1873 cum
188 1827 366 1876 fortiter
385 1829 465 1876 diu
484 1831 719 1886 restitistet,
744 1832 930 1879 tandem
953 1850 1096 1896 prope
1130 1836 1361 1898 desperata
1381 1839 1522 1887 salute
1540 1858 1645 1891 cum
1670 1846 1831 1894 Galla-

63 1907 123 1937 no
145 1891 304 1939 socero
319 1894 365 1939 in
401 1911 567 1956 equum
592 1895 830 1957 impofitus
864 1898 922 1943 ad
945 1900 1192 1945 Arcturum
1214 1902 1354 1950 venit.
1421 1904 1508 1951 Ille
1531 1906 1646 1955 nihil
1681 1911 1833 1959 pieto-

63 1972 162 2000 rum
180 1957 316 2003 clade
349 1959 529 2005 territus
552 1976 657 2006 eum
679 1959 802 2006 diem
825 1961 978 2015 rebus,
1014 1979 1116 2024 quae
1140 1965 1332 2013 turbatae
1352 1983 1479 2015 erant
1501 1978 1831 2035 componendis

61 2018 206 2065 dedit.
276 2020 443 2068 Itinere
465 2023 686 2070 exercitui
709 2025 1064 2088 denunciato-de
1087 2028 1220 2076 tertia
1252 2031 1411 2094 vigilia
1446 2031 1622 2096 triplici
1653 2038 1750 2087 acie
1782 2042 1830 2089 in

60 2082 232 2130 hostem
258 2085 386 2133 ducit
412 2105 422 2133 ε
460 2103 512 2132 ac
537 2088 662 2149 prius
685 2106 824 2152 quam
855 2091 1051 2138 Saxones
1074 2093 1188 2153 quid
1210 2110 1420 2158 ageretur
1449 2099 1556 2147 scire
1578 2105 1754 2164 poffent
1772 2107 1832 2154 ad
1867 2134 1871 2139 κ

60 2149 198 2194 castra
218 2151 442 2211 pervenit.
478 2151 556 2198 Illi
577 2153 688 2199 dum
712 2153 879 2216 trepidi
901 2156 1185 2214 concursant,
1206 2177 1289 2207 nec
1312 2163 1529 2226 temporis
1548 2167 1622 2214 vel
1643 2170 1701 2216 ad
1723 2185 1831 2218 con-

62 2211 208 2259 filium
230 2214 522 2276 capiendum,
555 2217 628 2263 vel
651 2220 691 2263 ie
708 2219 983 2266 armandum
1007 2220 1359 2278 satishaberent
1386 2228 1542 2289 paffim
1565 2248 1590 2278 a
1612 2234 1832 2282 Brittoni-

61 2275 144 2322 bus
167 2277 290 2324 vallo
311 2279 518 2341 superato
542 2281 825 2331 trucidantur
851 2302 862 2330 ε
896 2285 954 2330 ab
976 2284 1099 2333 iratis
1119 2290 1318 2344 maxime
1338 2291 1474 2340 Pieris
1491 2293 1540 2341 in
1563 2313 1720 2346 omnes
1739 2301 1832 2349 fine

61 2339 322 2389 discrimine
344 2345 565 2392 saevitum.
635 2347 838 2409 Qidam
871 2348 1110 2412 scriptores
1143 2369 1295 2401 rerum
1315 2356 1618 2420 *Anglicarum
1647 2365 1834 2414 tradunt

60 2405 305 2453 Arcturum
343 2408 590 2457 duodecies
627 2428 731 2458 cum
756 2413 1013 2461 saxonibus
1046 2416 1182 2479 signis
1217 2420 1395 2467 collatis
1430 2422 1674 2475 dimicasse.
1743 2432 1832 2480 Sed

0 2461 8 2481 ¹
60 2485 163 2516 cnm
189 2468 306 2518 nihil
328 2484 492 2534 praeter
512 2474 636 2522 nuda
653 2477 860 2523 locorum
884 2479 1089 2536 nomina,
1113 2481 1161 2528 in
1183 2484 1353 2545 quibus
1371 2503 1630 2549 pugnatum
1652 2494 1831 2553 dicunt,

60 2534 250 2596 ponant,
270 2535 316 2582 id
337 2536 439 2584 satis
458 2538 599 2586 habui
615 2541 805 2588 lectores
823 2542 1085 2591 admonere.
1123 2547 1199 2593 De
1220 2550 1353 2597 rebus
1373 2551 1468 2612 ejus
1490 2556 1622 2616 gestis
1642 2572 1692 2606 ut
1714 2560 1832 2607 sum-

62 2598 221 2645 matim
256 2599 424 2656 dicam,
455 2600 579 2649 'iuud
613 2604 733 2652 inter
753 2622 912 2654 omnes
933 2609 1122 2664 constat,
1192 2614 1423 2663 Saxonum
1450 2617 1624 2667 viribus
1647 2625 1835 2683 attritis,f

0 2666 1 2670 ’
60 2679 222 2725 pacem
245 2663 301 2710 ab
333 2682 389 2719 eo*
415 2667 660 2717 Britanniae
679 2682 858 2734 partam
885 2691 895 2719 ε
934 2679 974 2719 δε
996 2675 1109 2721 dum
1140 2677 1197 2724 ad
1227 2695 1297 2725 res
1327 2679 1374 2727 in
1409 2680 1585 2732 minore
1601 2689 1833 2739 Britannia

66 2730 408 2789 componzndas
453 2732 685 2795 profectus
732 2736 898 2783 abesset
932 2739 1168 2787 Modredo
1209 2743 1473 2809 propinquo
1516 2750 1614 2803 suo>
1635 2771 1831 2819 regnum

57 2795 408 2850 commendasse,
435 2808 483 2843 ut
498 2797 637 2861 usque
659 2799 716 2846 ad
734 2799 863 2848 suum
884 2803 1083 2850 reditum
1098 2822 1183 2868 pro
1201 2809 1332 2871 Rege
1353 2817 1556 2873 praeess‘et
1574 2834 1586 2864 ε
1620 2834 1732 2883 quas
1750 2837 1833 2868 au-

56 2867 150 2902 tem
173 2874 241 2903 res
255 2856 302 2904 in
319 2859 478 2907 Gallia
498 2863 694 2925 gesserit,
715 2864 849 2926 nihil,
871 2869 1000 2931 quod
1020 2885 1105 2932 pro
1126 2882 1252 2918 certo
1273 2874 1483 2934 scribam,
1506 2875 1687 2930 h'abeo.⁴
1713 2887 1832 2950 Qae

59 2922 169 2968 vero
189 2921 431 2978 Galfridus
450 2925 508 2972 ab
525 2943 581 2974 eo
602 2931 725 2994 gesta
740 2928 880 2978 refert
897 2933 1071 2980 nullam
1089 2935 1261 2985 habent
1280 2941 1505 3000 umbram,
1530 2961 1587 2992 ne
1607 2948 1758 2997 dicam
1777 2951 1833 2998 fi-

67 2984 380 3037 militudinem
403 2991 624 3051 veritatis.
667 2996 736 3042 Ea
755 2994 901 3059 igitur
923 3009 973 3045 ut
991 2997 1286 3063 impudenter
1315 3004 1437 3064 stota,
1473 3015 1514 3056 δε
1545 3022 1715 3061 temere
1735 3031 1834 3065 cre-

60 3049 158 3096 dita
169 3050 360 3098 omitto.

122 3115 328 3163 XXVII.
363 3115 512 3181 Igitur
536 3131 585 3168 ut
614 3122 675 3169 ad
707 3140 806 3173 rem
834 3126 1036 3185 redeam,
1069 3129 1182 3178 dum
1220 3133 1443 3181 Arcturus
1477 3138 1610 3187 rebus
1633 3141 1834 3192 Gallicis

57 3181 394 3242 componendis
417 3181 624 3232 intentus
646 3187 783 3243 abest,
803 3190 925 3251 jana
955 3193 1057 3241 sunt
1090 3194 1260 3244 semina
1289 3198 1402 3261 belli
1436 3212 1563 3249 terrae
1585 3205 1834 3257 Britanniae

57 3241 199 3306 longe
215 3244 588 3306 perniciofiffimi.
649 3253 757 3300 Erat
777 3253 827 3301 in
844 3255 1066 3305 comitatu
1094 3259 1275 3308 Arcturi
1296 3258 1620 3317 Constantinus
1641 3271 1834 3335 quidam

62 3307 262 3355 Cadoris
281 3309 399 3356 filius
426 3330 437 3358 ε
490 3314 573 3376 qui
595 3315 657 3363 ob
676 3316 870 3367 eximias
890 3322 1112 3384 corporiS,
1130 3326 1189 3375 ὃς
1209 3326 1349 3374 animi
1372 3328 1562 3380 virtutes
1581 3335 1833 3400 flagrantis-

59 3369 170 3419 slma
190 3373 313 3434 apud
330 3391 490 3422 omnes
511 3379 661 3442 gratia
677 3393 788 3438 erat.
857 3385 1038 3449 Iseum
1059 3389 1240 3438 occulte
1261 3392 1473 3449 ambiret,
1521 3414 1574 3444 ac
1606 3404 1835 3464 populum

57 3437 282 3498 paulatim
305 3438 434 3487 suum
451 3441 639 3498 faceret,
662 3462 872 3507 proceres
895 3449 1072 3513 Regem
1090 3452 1342 3518 aliquando
1361 3472 1557 3508 vacuum
1594 3479 1621 3509 a
1652 3468 1834 3530 negoti·

59 3498 99 3545 is
120 3501 242 3562 nacti
261 3502 514 3554 sermonem
534 3507 590 3555 de
614 3509 855 3559 succeffore
875 3513 1151 3574 injecerunt;
1200 3520 1350 3572 Orant
1367 3536 1418 3573 ut
1437 3526 1626 3589 reliquis
1643 3528 1833 3579 infinitis

112 3617 176 3670 (1)
205 3621 399 3663 Sociorum
417 3625 585 3677 Regum,
604 3629 718 3679 Senti,
737 3631 851 3680 Picti,
871 3631 1066 3679 Brittonis.

1787 3724 1836 3756 ln
