2043 3864
478 152 810 217 L1BER
900 144 1452 221 SEPT1MUS.
1723 148 1843 236 189

141 256 270 302 LIX.
301 250 536 316 Qoniam
559 263 665 295 vero
689 243 951 292 Alexander
972 244 1122 291 adhuc
1142 243 1355 307 impubes
1377 252 1490 297 erat,
1514 257 1572 289 ex
1593 243 1849 294 amicorum

77 312 266 368 consilio
289 319 542 370 decretum,
573 324 626 358 ut
658 308 800 357 soceri
821 308 947 355 velut
969 308 1186 356 curatoris
1210 306 1396 356 consilio
1421 319 1621 360 uteretur
1643 308 1692 355 in
1714 313 1847 358 rebus

77 382 382 448 grauioribus,
451 381 521 425 Ex
541 378 631 425 hoc
652 376 837 422 decreto
860 374 1050 435 quidam
1068 371 1525 435 primatum³accusati
1546 373 1588 419 se
1610 374 1729 419 clam
1749 374 1852 420 sub-

78 452 322 496 duxerunt.
389 446 520 505 Rege
542 441 736 487 domum
758 437 950 493 reverso,
975 436 1204 484 accusatus
1228 437 1457 484 Robertus
1476 438 1510 483 F
1513 438 1853 485 ermelinoduni

79 514 238 561 Abbas
271 507 400 571 regni
428 505 757 559 Cancellarius‚
793 502 921 566 quod
942 500 1082 548 Alani
1105 502 1359 548 Durouarti
1381 517 1570 550 uxorem
1593 502 1854 555 Alexandri

80 572 266 624 secundi
287 573 475 620 notham
501 572 571 633 (1)
605 568 828 633 legitimae
851 566 993 628 prolis
1021 565 1125 626 jure
1143 565 1380 613 donaverit
1401 585 1412 613 :
1452 579 1500 614 ut
1521 568 1608 614 hac
1625 567 1800 614 ratione
1822 568 1856 614 fi

77 643 181 689 Rex
198 637 367 699 absque
379 636 537 684 liberis
553 646 879 687 moreretur,ea
892 631 1020 678 velut
1042 630 1182 677 haeres
1197 631 1238 677 ei
1256 631 1528 680 succederet.
1543 632 1856 679 Cancellarius

78 705 169 751 hoc
198 716 324 749 metu
344 701 531 763 injecto,
558 715 667 746 mox
688 696 768 744 ubi
790 698 982 744 domurn
1005 695 1160 750 rediit,
1186 712 1405 759 magnum
1430 697 1631 761 sigillum
1652 696 1858 760 proceri·-

81 767 166 815 bus
189 767 405 814 reddidit.
459 763 753 816 GameHnus,
773 763 857 824 qui
881 762 1034 825 postea
1055 760 1169 808 Fani
1189 762 1387 807 Andreae
1408 760 1498 808 fuit
1515 762 1783 826 Episcopus,
1807 759 1860 808 in

81 832 177 893 ejus
201 833 352 878 locum
374 831 599 878 suffectus.
668 825 899 874 Triennio
917 826 1012 874 fere
1033 824 1265 889 proximo,
1287 842 1392 872 cum
1410 827 1491 888 qui
1510 844 1536 873 a
1552 825 1750 874 consiliis
1765 828 1860 874 Re-

3 918 6 923 >
81 896 133 961 gi
151 897 346 951 fuerant,
381 894 545 959 singuli
578 893 620 940 se
643 908 788 955 prope
809 908 894 954 pro
917 891 1127 954 Regibus
1149 903 1375 954 gererent,
1416 907 1468 938 ac
1497 903 1702 956 agerent,
1728 907 1863 955 rape-

81 973 274 1023 rentque
292 960 465 1015 omnia,
485 958 685 1023 populus
707 956 756 1003 in
776 956 932 1003 medio
950 955 1133 1003 relicius
1155 955 1363 1003 servilem
1396 955 1445 1003 in
1468 957 1658 1003 modum
1682 972 1864 1019 preme·

84 1025 234 1073 batur.
285 1027 388 1072 Rex
414 1024 600 1087 Angliae
622 1034 814 1086 paterno
836 1022 972 1084 plane
993 1037 1104 1083 erga
1125 1022 1304 1084 Regem
1328 1023 1567 1068 Scotorum
1591 1020 1746 1067 animo
1765 1036 1865 1067 cer-

83 1089 174 1138 tior
195 1089 339 1143 factus
360 1091 419 1136 ad
442 1090 659 1142 Vercam,
684 1102 789 1148 quae
811 1101 890 1131 arx
903 1086 964 1132 est
985 1085 1043 1131 ad
1061 1084 1258 1131 limitem
1281 1085 1446 1132 Scotiae
1465 1086 1561 1142 fita,
1586 1085 1727 1132 venit.
1769 1086 1864 1132 E6-

91 1171 183 1219 que
217 1170 438 1220 generum
467 1169 574 1200 cum
611 1149 889 1214 primoribus
911 1149 1110 1197 accersit.
1199 1149 1273 1196 Ibi
1307 1150 1452 1196 multa
1472 1166 1530 1196 ex
1562 1152 1658 1213 ejus
1678 1150 1868 1197 consilio

88 1219 262 1268 utiliter
297 1230 473 1267 mutata
503 1216 554 1264 in
585 1215 642 1263 iis
671 1214 906 1280 praecipue
927 1213 1283 1277 magistratibus,
1320 1226 1516 1276 quorum
1547 1218 1687 1278 culpa
1713 1216 1865 1265 minus

93 1284 352 1348 tranquillae
375 1281 504 1330 domi
524 1298 593 1329 res
615 1291 759 1328 erant.
828 1281 984 1327 Multa
1007 1279 1181 1326 utiliter
1200 1278 1249 1325 in
1268 1278 1475 1326 futurum
1494 1280 1670 1328 statuta.

152 1350 255 1396 Lx.
288 1350 389 1395 Rex
411 1365 515 1394 cum
541 1363 697 1401 uxore,
737 1360 790 1391 ac
823 1344 1033 1408 praefidio
1057 1341 1279 1407 Anglico,
1307 1346 1379 1406 (z)
1402 1344 1484 1406 qui
1504 1345 1697 1394 domum
1717 1346 1863 1394 dedu-

89 1427 262 1466 cerent,
286 1413 483 1460 reversus
504 1410 784 1475 Edimburgi
800 1409 849 1456 in
872 1425 973 1457 arce
995 1408 1231 1457 continere
1248 1410 1291 1456 se
1313 1409 1593 1458 decreverat.
1661 1412 1777 1458 Eam
1799 1424 1867 1459 te-

89 1479 229 1526 nebat
249 1479 465 1525 Valterus
488 1475 733 1524 Cuminius
767 1473 978 1522 Taichiae
1010 1476 1198 1529 Comes,
1234 1473 1297 1520 ob
1329 1473 1702 1524 immutationem
1732 1479 1867 1524 status

90 1543 271 1606 publici
293 1543 350 1591 ab
367 1542 527 1606 Anglo
549 1541 715 1589 factam
734 1539 941 1587 alienior.
981 1541 1165 1586 Tamen
1181 1555 1264 1601 per
1285 1539 1535 1587 Patricium
1555 1540 1868 1597 Dumbarium

91 1606 305 1671 Anglicis
327 1606 509 1654 auxiliis
531 1605 700 1653 fretum
723 1620 874 1652 arcem
897 1606 1078 1651 coactus
1100 1605 1170 1650 est'
1187 1604 1370 1651 dedere.
1431 1605 1586 1667 Major
1607 1623 1710 1669 pars
1733 1608 1868 1655 nobi-

91 1671 252 1727 litatis,
277 1676 326 1721 &c
347 1669 631 1732 ecclesiastici
651 1668 842 1723 ordinis,
867 1683 1063 1730 quorum
1085 1668 1294 1731 potentia
1313 1667 1445 1715 novis
1469 1671 1641 1718 statutis
1663 1685 1759 1733 erat
1779 1673 1868 1719 im-

96 1736 292 1791 minuta,
316 1736 544 1789 offenfior,
568 1751 622 1779 ea
651 1731 1065 1789 calumniabantur,
1088 1733 1214 1796 quasi
1229 1734 1396 1796 jugum
1420 1735 1692 1798 Anglicum,
1717 1742 1758 1783 Sc
1780 1737 1873 1785 ser-

93 1799 253 1849 vitutis
274 1799 497 1850 initium„
544 1800 706 1860 quue
732 1798 1020 1844 contumacia
1039 1814 1199 1845 eorum
1222 1797 1444 1859 proceffit,
1471 1812 1520 1845 ut
1540 1799 1589 1846 in
1606 1800 1680 1860 jus
1698 1803 1867 1857 vocati,

97 1877 150 1911 ut
171 1865 394 1912 rationem
412 1880 562 1911 rerum
584 1861 889 1924 superioribus
908 1867 1037 1909 annis
1058 1879 1083 1909 a
1100 1862 1142 1908 se
1164 1863 1388 1925 gestarum
1401 1864 1661 1919 redderent,
1681 1865 1873 1929 imperi·

96 1945 177 1975 um
211 1941 569 1976 contemnerent.
639 1926 734 1989 Qi
763 1926 888 1987 prius
926 1943 1078 1973 rerum
1101 1926 1429 1974 turbandarum
1450 1928 1699 1991 principes,
1727 1931 1871 1980 iidem

98 2009 220 2040 nunc
242 2010 334 2040 non
349 1991 540 2056 parendi
560 1993 764 2038 auc'tores
787 1990 986 2038 fuerunt.
1056 1991 1124 2038 Hi
1145 1991 1239 2038 fere
1263 1992 1334 2054 (3)
1357 1992 1683 2041 Cuminiorum
1698 1996 1872 2058 princi-

95 2075 178 2120 pes
201 2059 415 2110 Valterus
439 2056 667 2110 Taichiae‚
692 2056 956 2102 Alexander
977 2056 1241 2111 Buchaniae,
1265 2059 1459 2103 Ioannes
1482 2059 1703 2114 Atholiae,
1730 2062 1871 2109 Guli-

98 2123 243 2169 elmus
267 2121 454 2169 Marriae
478 2120 704 2177 Comites,
722 2120 893 2183 aliique
925 2121 1126 2182 ejusdem
1150 2121 1278 2168 sectae
1310 2138 1402 2168 non
1431 2122 1609 2169 obscuri
1642 2125 1868 2175 homines.

95 2187 165 2235 Hi
186 2203 280 2234 non
297 2187 388 2233 auli
409 2186 467 2233 ad
489 2186 667 2233 causam
689 2185 934 2232 dicendam
956 2187 1129 2240 venire,
1154 2186 1329 2249 quippe
1353 2187 1600 2235 multarum
1623 2188 1672 2234 in
1690 2202 1868 2249 tenues,

98 2267 150 2299 ac
177 2253 354 2316 Regem
376 2251 516 2299 etiam
538 2249 808 2310 injuriarum
831 2250 914 2296 fibi
948 2250 1116 2298 conscii
1138 2251 1395 2314 periculum
1429 2253 1623 2300 audacia
1651 2255 1872 2305 discutere

100 2317 414 2364 decreverunt.
467 2317 719 2378 Explorato
740 2314 867 2362 enim
889 2317 1068 2379 Regem
1091 2316 1252 2378 paucis
1271 2316 1540 2362 comitatum
1564 2318 1871 2383 negligenter,

101 2394 152 2428 ut
173 2381 221 2427 in
242 2398 354 2445 pace
376 2380 432 2427 ad
454 2380 719 2427 Kinroffum
741 2396 894 2443 agere,
928 2397 1067 2428 manu
1088 2380 1327 2427 clientium
1363 2379 1511 2427 subito
1543 2383 1736 2430 colleaa
1763 2403 1872 2434 eum

99 2445 404 2493 dormientem
433 2444 719 2507 opprimunt,
756 2460 806 2490 ac
829 2444 1078 2492 Sterlinum
1102 2445 1280 2491 ducunt
1305 2463 1315 2491 :
1352 2461 1406 2490 ac
1429 2457 1648 2509 tanquam
1669 2464 1762 2496 non
1791 2468 1875 2514 per

97 2510 197 2558 vim
216 2510 490 2573 irrupissent,
513 2508 588 2554 sed
604 2511 708 2572 jure
745 2508 927 2556 fuissent
957 2510 1108 2564 electi,
1139 2523 1314 2561 veteres
1351 2509 1576 2558 ministros
1614 2515 1870 2577 expellunt,

100 2590 244 2622 novos
267 2575 509 2628 ass'umunt,
533 2573 782 2635 omniaque
803 2589 888 2634 pro
909 2573 985 2622 sua
1001 2573 1196 2622 libidine
1218 2587 1402 2638 gerunt.
1469 2576 1541 2622 Ac
1557 2576 1654 2639 jam
1675 2593 1873 2628 verterat

108 2653 253 2686 terror
269 2638 319 2685 in
338 2638 613 2685 consultores
634 2639 825 2700 priores.

167 2703 296 2750 LXI.
328 2703 417 2750 Sed
444 2703 569 2749 hunc
606 2715 783 2750 motum
804 2702 985 2749 sedavit
1021 2703 1202 2750 Valteri
1230 2704 1439 2752 Cuminii
1474 2722 1596 2754 mors
1634 2709 1692 2756 ab
1732 2725 1874 2759 uxore

104 2767 279 2831 Angla,
305 2778 355 2814 ut
376 2766 600 2813 creditum
624 2768 700 2821 est,
736 2784 916 2815 veneno
943 2768 1150 2815 extinfti.
1219 2769 1363 2816 Auxit
1399 2770 1710 2834 suspitionem,
1744 2777 1874 2837 quod

104 2848 211 2880 cum
235 2848 261 2877 a
283 2830 437 2877 multis
457 2830 689 2878 nobilibus
708 2832 974 2887 ambiretur,
1004 2850 1058 2879 ea
1082 2832 1275 2880 amatori
1297 2833 1375 2880 suo
1397 2836 1560 2883 Ioanni
1579 2838 1780 2885 Ruffello
1796 2840 1873 2900 ju-

60 2953 62 2955 ,
106 2895 215 2944 veni
233 2895 390 2958 Anglo
410 2896 574 2958 nupsit.
608 2896 709 2958 Ipsa
729 2897 938 2944 veneficii
959 2898 1180 2954 accusata,
1206 2903 1246 2944 Sc
1267 2898 1314 2944 in
1337 2915 1565 2947 carcerem
1585 2903 1792 2963 conjecta
1808 2906 1876 2951 sa-

102 2961 248 3008 lutem
270 2959 465 3022 pecunia
484 2961 693 3009 redemit.
709 2962 950 3010 ,Ruffellus
973 2977 1078 3009 cum
1103 2979 1242 3011 uxore
1263 2963 1406 3010 literis
1430 2981 1455 3010 a
1476 2964 1698 3013 Pontifice
1725 2967 1874 3034 impe-

0 3052 5 3065 .
53 3073 70 3076 ,
102 3026 248 3080 tratiS,
285 3023 509 3070 actionem
532 3025 688 3071 damni
710 3025 806 3072 dati
826 3026 1087 3074 adversariis
1118 3043 1270 3074 coram
1293 3028 1448 3090 legato
1469 3028 1702 3077 Pontificis
1723 3031 1877 3081 inten-

0 3126 2 3128 v
28 3130 29 3134 ,
104 3089 190 3139 dit.
257 3090 325 3135 Ea
344 3105 414 3135 res>
435 3088 525 3136 sine
545 3088 672 3136 exitu
694 3089 802 3144 fuit,
823 3092 952 3154 quod
971 3090 1118 3141 veteri
1137 3092 1384 3155 privilegio
1406 3092 1531 3140 Scoti
1566 3094 1796 3158 negabant
1833 3098 1876 3146 se

158 3218 220 3269 (1)
248 3217 529 3255 Rehabilitatcd
555 3231 597 3255 or
624 3219 870 3267 legitimated,
889 3220 963 3258 had
1017 3221 1107 3258 fidio
1124 3221 1250 3258 efi'ent.
1307 3221 1405 3258 This
1430 3221 1462 3258 is
1492 3235 1512 3258 a
1544 3235 1720 3264 common
1738 3241 1819 3279 way
1835 3230 1885 3269 of

107 3280 173 3322 put
192 3271 257 3309 the
276 3280 375 3320 great
392 3272 465 3309 seal
486 3279 525 3310 to
550 3271 619 3308 her
637 3281 764 3321 patent
780 3274 825 3310 of
836 3275 962 3322 legin·
1018 3274 1196 3323 speaking
1213 3286 1348 3322 among
1365 3274 1430 3312 the
1449 3275 1592 3315 Latius.
1896 3289 1899 3292 ·

108 3326 266 3363 mation.
1072 3327 1132 3376 (3)
1153 3326 1343 3364 Crawford
1356 3329 1478 3365 would
1489 3327 1583 3367 have
1595 3343 1637 3368 us
1649 3339 1688 3370 to
1699 3336 1784 3372 read
1795 3337 1876 3375 Cu-

164 3380 228 3430 (2)
247 3379 346 3415 Here
361 3377 425 3414 the
440 3377 590 3414 relative
607 3377 719 3415 refers
732 3386 771 3416 to
784 3380 849 3416 the
865 3379 963 3416 sense
1018 3379 1292 3416 minianorum:
1313 3380 1384 3426 for,
1404 3381 1478 3430 says
1496 3381 1558 3428 he,
1585 3383 1650 3422 the
1667 3388 1742 3425 earl
1760 3389 1804 3426 of
1815 3393 1875 3429 Α-

113 3432 158 3470 of
170 3431 236 3469 the
255 3432 445 3479 foregoing
456 3433 588 3477 words,
599 3445 640 3468 or
655 3440 693 3468 to
712 3433 867 3477 another
884 3432 968 3468 sub·
1022 3433 1105 3469 thol
1124 3443 1160 3469 at
1176 3432 1259 3470 that
1276 3433 1370 3470 time
1384 3447 1458 3471 was
1473 3434 1653 3481 firnamed
1671 3440 1876 3492 Strabogie‚

0 3520 9 3535 μ
52 3495 55 3497 ’
115 3485 269 3522 stantive
288 3484 378 3520 than
409 3487 492 3521 that
513 3485 641 3521 which
667 3498 749 3532 goes
774 3485 910 3531 before,
930 3485 967 3522 so
1022 3489 1090 3522 the
1108 3486 1182 3522 carl
1206 3485 1251 3522 of
1273 3486 1362 3524 Mar
1380 3500 1452 3524 was
1483 3489 1663 3528 firnamed
1680 3492 1781 3540 Mar,
1804 3502 1877 3536 and

111 3550 149 3575 as
165 3547 203 3576 to
220 3537 327 3575 differ
345 3537 442 3574 from
462 3538 492 3574 it
511 3537 551 3574 in
567 3538 701 3584 gender
712 3540 781 3575 and
794 3540 965 3576 number.
1022 3539 1110 3586 long
1128 3538 1247 3587 after;
1268 3539 1334 3576 but
1347 3539 1468 3578 Atho}
1487 3540 1601 3580 seems
1619 3554 1658 3580 to
1674 3544 1769 3587 have
1785 3549 1882 3589 been

109 3591 323 3631 praefidium
347 3591 377 3628 is
398 3591 514 3631 taken
546 3591 607 3633 sor
620 3591 766 3631 milites.
780 3592 843 3640 qui
869 3605 965 3643 praee
1023 3590 1059 3630 so
1073 3593 1207 3630 named
1226 3592 1322 3632 from
1340 3593 1400 3634 his
1413 3593 1570 3646 lordlhip
1588 3596 1634 3637 of
1644 3599 1850 3650 Strabogie.

1756 3680 1878 3740 poffi:
