2006 3858
203 159 531 225 LrnER
625 156 1821 236 Dsscrmus‘rERT-rus.377

52 261 100 309 in
119 259 306 321 regione
325 257 448 304 bello
471 256 651 310 vastata,
674 261 713 302 δε
733 254 904 317 alioqui
929 254 1056 317 inopi
1076 255 1131 307 se,
1150 254 1337 318 su6sque
1359 252 1533 299 diutius
1556 253 1817 299 conficeret·

52 325 141 372 Sed
153 324 392 372 Bervicurn
412 337 437 366 a
455 331 584 381 tergo
603 320 895 380 relictumo)
913 321 1268 382 aggrederentur
1288 319 1361 365 :in
1377 333 1469 380 quo
1489 334 1579 364 uno
1595 318 1736 377 majus
1757 318 1822 364 es-

52 390 117 436 set
133 406 284 451 operae
308 384 531 450 precium,
555 400 694 445 quam
716 384 762 428 in
788 383 1000 429 omnibus
1023 384 1194 430 circum
1227 385 1347 429 circa
1376 383 1522 446 pagis,
1546 385 1596 431 ὃς
1618 382 1816 428 arcibus.

52 455 158 501 Nec
179 452 274 512 ejus
296 446 683 512 expugnationem
704 447 935 494 difficilem
960 447 1073 501 fore,
1094 449 1219 509 quod
1242 461 1415 494 certum
1437 448 1543 493 esset
1564 450 1610 494 δε
1636 447 1817 500 urbem,

42 525 95 565 ’δε
115 533 262 567 arcem
285 513 498 562 omnibus
517 512 574 558 ad
596 511 885 558 resistendum
909 512 1040 557 rebus
1060 512 1329 573 imparatam
1353 511 1453 557 effe.
1524 509 1622 558 Rex
1644 510 1730 557 suis
1749 527 1822 557 ar-

54 582 140 627 mis
163 580 277 628 nihil
299 578 492 624 arduum
514 588 653 629 ratuS,
679 575 923 637 praesertim
947 578 1179 636 occupatis
1201 577 1321 623 bello
1337 576 1524 622 Gallico
1542 575 1822 638 A'nglis‚⁷au-

52 645 152 692 licis
171 641 481 691 adulatoribus
504 640 600 702 ejus
619 640 865 702 vanitatem
889 640 1151 686 foventibus
1177 640 1222 686 in
1256 640 1407 687 reditu
1427 640 1470 687 se
1492 657 1544 687 ea
1566 639 1823 703 potiturum

51 709 187 756 facile
208 706 526 754 arbitrabatur.
1521 757 1526 762 μ

117 773 344 820 XXXIII.
382 771 509 817 Dum
532 769 589 816 ad
619 768 820 815 Fui-dum
844 767 907 831 ita
929 767 1169 819 defidetur,
1197 768 1398 816 foeciales
1434 770 1692 832 Anglorum
1715 786 1824 817 eum

53 838 280 891 adierunt,
299 846 522 898 petente5‚
549 845 598 879 ut
620 833 760 887 diem,
785 834 1031 896 locumque
1054 832 1358 888 constitueret,
1384 834 1463 880 ubi
1488 833 1645 894 praelio
1668 835 1828 881 decer-

54 914 251 951 neretur.
320 898 524 947 Confilio
546 898 676 959 super
697 915 750 944 ea
772 914 818 944 re
841 899 1015 950 coacto,
1040 897 1185 957 major
1207 915 1306 959 pars
1331 899 1376 944 in
1408 915 1462 944 ea
1484 897 1570 945 fuit
1587 898 1826 952 sententia,

56 979 107 1014 ut
125 969 316 1014 domum
340 963 524 1018 rediret,
561 979 648 1009 neu
672 979 777 1009 cum
802 975 894 1009 tam
918 961 1074 1024 paucis
1105 962 1298 1008 univer-fi
1320 963 1450 1025 regni
1474 964 1632 1009 statum
1669 963 1715 1008 in
1740 963 1831 1010 dis-

56 1032 228 1080 crimen
246 1028 572 1081 committeret,
596 1027 841 1090 praesertim
865 1028 968 1074 cum
990 1033 1029 1073 δε
1049 1026 1199 1078 famae,
1222 1034 1262 1073 <Sc
1284 1027 1461 1089 gloriae‚
1482 1032 1523 1073 ἅτ
1542 1027 1758 1074 amicitiae
1781 1043 1832 1074 a·

56 1097 210 1144 bunde
230 1095 281 1142 fit
302 1093 593 1141 satisfactum.
646 1093 766 1142 ,Nec
788 1092 927 1138 ullam
950 1090 1099 1138 videri
1115 1091 1278 1151 justam
1297 1091 1492 1145 causam,
1512 1107 1592 1137 cur
1613 1092 1711 1138 suos
1735 1104 1830 1139 tam

56 1176 242 1225 paucos,
260 1166 298 1205 &
322 1171 390 1206 tot
410 1174 534 1204 arces
554 1169 873 1219 oppugnantes
892 1156 1106 1218 fatigatos
1127 1167 1265 1202 tantae
1289 1156 1548 1218 Anglorum
1573 1156 1835 1202 multitudi-

57 1226 105 1273 ni
127 1223 314 1278 recenti,
341 1227 388 1268 Br
412 1221 542 1268 novis
565 1221 768 1268 subsidiis
791 1223 933 1268 auclae
956 1219 1190 1281 objiceret.
1262 1220 1408 1279 (Nam
1432 1219 1521 1265 illis
1544 1219 1647 1280 ipsis
1671 1220 1835 1268 diebus

57 1290 295 1338 dicebatur
320 1287 526 1334 Thomas
548 1287 782 1332 Hauartus
804 1286 852 1331 in
872 1286 1010 1330 castra
1031 1283 1195 1330 veniffe
1216 1299 1322 1330 cum
1341 1283 1415 1329 sex
1433 1283 1636 1330 millibus
1660 1284 1839 1331 fortissi-

59 1371 239 1404 morum
259 1352 461 1400 militum
479 1369 503 1396 e
523 1350 681 1397 Gallia
701 1349 906 1409 remiffis)
926 1348 1157 1396 Accedere
1176 1360 1408 1408 praeterea,
1431 1359 1480 1394 ut
1499 1348 1528 1394 fi
1547 1347 1746 1395 discedat
1764 1349 1839 1410 ip-

59 1421 120 1475 se,
144 1420 313 1466 necesse
336 1417 388 1464 fit
412 1415 671 1478 Anglorum
695 1410 946 1461 exercitum
978 1411 1174 1460 solutum
1196 1412 1254 1458 iri
1279 1430 1291 1459 :
1326 1429 1409 1459 nec
1430 1412 1596 1459 iterum
1617 1429 1674 1460 eo
1697 1430 1837 1468 auno,

59 1485 187 1548 quod
218 1482 413 1530 militem
445 1498 470 1527 e
500 1479 760 1542 longinquo
796 1480 1041 1526 colleclum
1075 1478 1258 1533 habeat,
1303 1478 1409 1540 cogi
1434 1477 1568 1539 poffe.
1638 1479 1780 1540 Qod
1804 1479 1838 1524 fi

60 1549 260 1597 maxime
280 1547 377 1595 acie
401 1546 642 1592 decernere
665 1544 792 1599 velit,
816 1543 866 1590 in
889 1543 982 1590 solo
1005 1542 1154 1605 patrio
1176 1541 1490 1602 dimicanti&
1511 1542 1629 1596 loca,
1656 1549 1696 1588 Sc
1719 1555 1838 1588 tem-

61 1631 190 1678 pora,
223 1616 273 1663 δε
296 1623 606 1659 commeatum
647 1608 790 1671 magis
812 1606 862 1654 in
893 1607 968 1654 sua
993 1607 1207 1668 potestate
1238 1606 1352 1653 fore.
1422 1606 1511 1654 Sed
1541 1622 1647 1652 cum
1683 1619 1838 1653 orator

63 1680 249 1732 Gallus,
270 1679 319 1726 δε
338 1676 527 1739 quidam
565 1673 763 1720 Gallicis
786 1671 919 1719 donis
950 1671 1067 1718 culti
1095 1682 1253 1718 contra
1274 1671 1531 1724 tenderent,
1557 1670 1691 1718 facile
1714 1670 1840 1735 Regi

59 1739 302 1808 pugnandi
324 1739 462 1787 avido
479 1737 568 1785 fuit
589 1736 862 1800 persuasum,
884 1748 935 1784 ut
954 1735 1022 1782 ibi
1045 1736 1215 1782 hostem
1236 1735 1539 1799 opperiretur.

127 1802 352 1854 XXXIV.
385 1805 564 1851 Interea
584 1818 690 1849 cum
713 1802 853 1862 Angli
874 1801 931 1848 ad
952 1800 1078 1848 diem
1098 1799 1272 1847 foeciali
1288 1801 1462 1848 dietum
1480 1817 1570 1847 non
1597 1799 1839 1857 affuissent,

64 1875 304 1921 Scotorum
325 1884 531 1932 proceres
548 1884 650 1914 eam
667 1867 950 1914 occafionem
969 1865 1253 1927 arripientes,
1272 1865 1635 1928 iterumReg'em
1655 1865 1846 1913 adeunt.

63 1936 324 1984 Ostendunt
357 1933 515 1980 fraude
546 1930 740 1978 hostium
774 1930 887 1986 fieri,
926 1944 976 1977 ut
997 1931 1054 1976 de
1077 1930 1151 1976 die
1173 1930 1222 1976 in
1245 1929 1370 1976 diem
1393 1946 1461 1976 res
1487 1932 1844 1990 protraheretur,

64 2003 174 2048 dum
200 1998 397 2060 ipsorum
421 1998 539 2044 vires
560 1995 775 2050 crescant,
801 1996 1041 2042 Scotorum
1065 1994 1414 2041 imminuantur.
1466 1995 1627 2058 Itaque
1651 1994 1748 2055 pari
1773 2010 1847 2041 ar.

65 2079 111 2113 te
135 2062 343 2112 adversus
365 2079 441 2109 eos
463 2061 702 2108 utendum.
770 2061 896 2107 Nam
915 2075 1021 2106 curn
1042 2057 1115 2120 illi
1137 2071 1318 2120 tempus
1341 2076 1368 2106 a
1384 2057 1425 2105 se
1447 2058 1733 2122 designatum
1755 2076 1850 2105 non

66 2131 251 2182 obeant,
274 2127 399 2174 nulla
419 2125 696 2173 verecundia
716 2124 951 2171 obstric'tos
970 2123 1033 2171 eis
1057 2123 1141 2169 effe
1161 2125 1337 2178 Scotos,
1359 2140 1453 2183 quo
1476 2123 1625 2170 minus
1646 2123 1852 2170 discede-

68 2212 116 2242 re
138 2195 328 2241 domum
352 2193 442 2238 {ine
460 2189 637 2252 praelio,
662 2202 739 2236 aut
763 2189 850 2236 suis
873 2188 985 2235 locis
1008 2189 1274 2250 depugnare
1298 2187 1474 2249 possint.
1542 2188 1727 2234 Horum
1753 2188 1852 2238 pri-

67 2276 120 2306 us
141 2256 378 2306 confilium
401 2256 557 2303 multis
580 2255 638 2302 de
660 2255 800 2301 causis
825 2253 966 2300 tutius
987 2254 1073 2300 esse
1098 2271 1109 2300 :
1134 2252 1184 2299 id
1207 2254 1238 2299 fi
1270 2252 1420 2299 minus
1447 2252 1638 2311 placeat,
1663 2252 1850 2300 alterius

68 2321 282 2386 capiendi
314 2321 536 2368 summam
571 2319 853 2366 occasionem
889 2318 1002 2365 dari.
1071 2318 1196 2364 Nam
1229 2332 1335 2364 cum
1372 2316 1527 2364 Tillus
1559 2323 1704 2363 amnis
1735 2316 1852 2378 ripis

67 2387 283 2451 praealtiS,
301 2403 353 2434 ac
375 2386 594 2449 nusquam
611 2383 705 2437 fere
722 2383 914 2431 vadosus
932 2382 1113 2430 nullum
1127 2382 1246 2429 intra
1266 2381 1445 2444 aliquot
1467 2380 1612 2428 millia
1625 2381 1850 2444 passuum,

70 2452 152 2500 nist
185 2469 264 2514 per
297 2467 438 2497 unum
475 2463 663 2512 pontem
686 2448 909 2495 exercitui
940 2448 1175 2494 transitum
1204 2446 1550 2499 -daturus'effet,
1577 2462 1746 2508 paucos
1781 2446 1853 2492 ibi

0 2539 2 2547 ,
70 2529 209 2564 tantae
229 2514 517 2563 multitudini
541 2515 660 2576 poss'e
682 2513 906 2560 obfistere.
975 2512 1099 2558 Posse
1121 2511 1260 2558 etiam
1286 2523 1413 2573 parte
1430 2510 1691 2574 Anglorum
1711 2511 1854 2557 tranf-

72 2581 198 2634 miss‘a
219 2579 448 2628 machinis
465 2577 712 2626 commode
731 2576 911 2631 locatis,
927 2590 1118 2638 pontem
1135 2575 1418 2630 interscindi,
1432 2574 1694 2638 pri‘in6sque
1713 2575 1858 2622 trans-

72 2646 238 2709 gressos
261 2643 420 2697 deleri,
441 2656 687 2706 antequa-m
710 2642 769 2689 ab
791 2641 974 2688 adversa
993 2641 1093 2700 ripa
1111 2641 1342 2688 subveniri
1367 2640 1522 2702 postet.
1564 2641 1667 2686 Rex
1689 2653 1857 2686 neutro

70 2710 261 2758 oonsilio
296 2708 491 2772 probato
525 2706 784 2768 respondet,
809 2705 948 2753 etiam
983 2707 1229 2754 licentum
1252 2705 1391 2752 essent
1413 2704 1677 2768 Anglorum
1709 2705 1857 2752 millia
1906 2718 1909 2720 ·

73 2791 134 2825 ex
153 2774 360 2829 adverlb,
381 2773 423 2819 se
445 2789 551 2823 cum
569 2772 633 2819 eis
655 2770 998 2818 dimicaturum.
1202 2809 1207 2814 .
1323 2790 1327 2793 “

35 2840 49 2899 ,²
122 2839 340 2887 XXXV.
374 2836 599 2885 Universa
637 2835 854 2883 nobilitas
877 2836 983 2883 cum
1022 2834 1232 2897 responso
1255 2845 1346 2882 tam
1371 2831 1614 2880 temerario
1648 2832 1856 2880 offende-

74 2899 216 2958 retur,
240 2901 517 2950 Arcibaldus
548 2900 809 2963 Duglaffius
833 2900 1050 2962 Angufiae
1087 2898 1276 2954 Comee,
1307 2899 1389 2961 qui
1420 2906 1606 2944 c'aeteros
1641 2910 1790 2951 aetate,
1812 2904 1854 2943 Sc

77 2967 344 3022 aufitoritate
365 2967 505 3030 longe
527 2965 748 3019 anteibat,
771 2964 866 3012 leni
891 2964 1098 3011 oratione
1123 2964 1261 3027 Regis
1285 2963 1489 3021 animum
1524 2961 1753 3007 infle&ere
1776 2976 1855 3007 co-

75 3044 226 3086 natus,
247 3031 480 3094 utriusque
502 3029 680 3077 consilii
700 3028 941 3092 superioris
960 3029 1186 3076 rationem
1207 3028 1440 3090 explicare
1459 3023 1740 3087 aggreditur.
1767 3023 1860 3070 Os-

37 3094 41 3098 ’
76 3092 225 3143 tendit
245 3093 370 3143 enim
399 3097 579 3158 Regem
609 3092 867 3141 satisfecisse
889 3094 1137 3140 Gallorum
1160 3091 1393 3144 amicitiae,
1425 3089 1505 3152 qui
1529 3088 1748 3147 majorem
1771 3090 1856 3135 ho-

1 3160 9 3186 ·’
78 3159 188 3207 stilis
219 3159 443 3206 exercitus
474 3172 653 3218 partem
683 3174 710 3204 a
741 3158 894 3204 Gallis
924 3157 974 3203 in
1005 3156 1048 3202 se
1080 3157 1338 3203 avertiffet:
1373 3166 1510 3215 atque
1542 3152 1771 3207 effeciffet‚
1798 3171 1857 3200 ne

76 3238 258 3287 magnae
275 3221 368 3268 illae
386 3222 534 3283 copiae
551 3234 630 3268 aut
641 3221 848 3269 Galliam
865 3220 1012 3284 (quod
1034 3219 1303 3282 sperarant,)
1320 3218 1597 3269 obtererent,
1620 3229 1696 3264 aut
1709 3218 1859 3265 Scotis

23 3286 25 3288 ’
72 3287 248 3335 damno
281 3285 366 3331 esse
389 3286 580 3347 poffent,
600 3296 650 3330 ut
671 3301 774 3346 quae
797 3301 889 3331 non
912 3285 990 3330 diu
1027 3283 1253 3329 contineri
1288 3282 1437 3328 castris
1471 3281 1652 3327 valeant
1670 3280 1717 3328 in
1742 3282 1858 3332 locis

32 3348 33 3351 '
74 3348 438 3415 praefrigidis,&
456 3347 551 3394 solo
572 3348 746 3394 cunctis
770 3348 881 3394 belli
902 3347 1240 3394 calamitatibus
1262 3358 1445 3400 vexato,
1458 3361 1542 3392 nec
1559 3345 1738 3407 alioqui
1759 3345 1857 3394 fru-

115 3431 192 3462 um
226 3412 383 3460 fertili.
450 3412 673 3460 Hiemem
705 3410 844 3458 etiam
875 3411 1135 3466 imminere,
1157 3426 1262 3472 quae
1291 3411 1341 3457 in
1373 3408 1638 3472 regionibus
1670 3410 1761 3458 illis
1797 3412 1858 3457 ad

124 3476 408 3546 ptentriones
445 3474 661 3540 porrectis
701 3489 976 3544 praematura
995 3475 1097 3537 esse
1135 3473 1290 3541 soleat.
1359 3473 1505 3536 Qod
1538 3488 1693 3527 autem
1714 3476 1860 3538 Regis

120 3591 123 3593 ’
148 3595 210 3650 (ι)
238 3597 265 3638 ἰ.
284 3610 319 3640 e.
347 3597 432 3637 Rex
450 3599 486 3636 ἅτ
502 3607 682 3652 proceres,
701 3595 761 3639 vel
778 3593 853 3648 ipse
871 3591 1015 3644 suique,
1036 3592 1092 3635 see
1110 3593 1176 3636 the
1193 3604 1282 3651 note
1300 3607 1349 3634 on
1369 3594 1436 3634 lib.
1461 3606 1522 3635 12.
1544 3607 1624 3647 cap.
1647 3606 1711 3646 54.

921 3672 959 3720 B
991 3670 1022 3719 b
1052 3670 1085 3718 b
1642 3671 1887 3720 Gallorum
