1994 3833
146 142 324 208 590⁷
477 120 846 187 RERUM,
906 120 1610 192 ScovrcARUM

145 220 269 274 suasi,
305 219 482 282 equites
516 232 776 273 trecentOS,
802 219 978 281 pedites
1011 220 1140 268 mille
1171 221 1288 266 duce
1322 218 1497 266 Drurio
1529 222 1735 270 adversus
1768 224 1917 273 hostes

144 300 409 331 communes
433 283 637 330 mittunt.
706 285 781 329 Ad
803 300 963 330 eorum
986 285 1206 332 adventus
1229 285 1398 330 famam
1417 285 1700 345 Hamiltonii
1719 289 1912 337 Glascu-

144 364 216 394 am
242 347 435 410 profec‘ti
456 363 604 394 arcem
629 347 978 410 Archiepiscopi
1000 350 1180 396 diruere
1204 350 1519 402 decreverunt,
1538 367 1597 396 ne
1620 351 1795 398 Comiti
1819 355 1907 400 Le-

142 411 269 459 vinio
293 424 390 459 tum
412 427 469 459 ex
491 411 665 474 Anglia
686 413 860 458 reverso
882 414 1239 475 receptaculum,
1265 429 1317 459 ac
1336 413 1446 459 belli
1466 412 1584 460 sedes
1608 416 1734 462 esset.
1796 417 1908 464 Eam

142 492 250 541 cum
274 493 299 521 a
322 475 475 538 paucis
498 475 859 523 adolescentibus
883 474 1065 524 absente
1087 478 1303 540 praefecto
1328 476 1490 532 teneri,
1523 493 1607 524 nec
1629 495 1655 524 a
1676 480 1810 526 rebus
1833 497 1913 527 ne-

140 540 331 587 ceffariis
353 538 453 585 satis
476 555 680 602 paratam
702 542 787 588 effe
809 540 989 594 scirent,
1014 543 1099 588 rati
1122 543 1271 588 subito
1293 541 1370 588 suo
1392 543 1589 588 adventu
1617 545 1734 604 posse
1752 545 1912 606 oppri-

138 608 220 659 mi,
248 616 341 649 tam
359 616 546 667 repente
567 605 791 667 oppidum
814 605 993 670 ingrefii
1015 606 1132 661 sunt,
1157 620 1206 653 ut
1229 606 1395 652 bonam
1418 606 1612 666 praefidii
1635 619 1811 668 partem
1833 624 1911 654 ex·
1982 620 1994 623 '⁷

138 669 370 716 eluserint.
437 669 541 716 Hac
574 668 649 732 spe
670 670 835 731 dejecli
868 671 1262 733 oppugnationem
1287 671 1464 724 acriter,
1504 670 1578 717 sed
1606 687 1734 734 aeque
1757 672 1921 725 frustra,
1953 693 1956 697 ’

138 735 238 781 sunt
257 733 463 796 aggressi.
532 734 656 780 Nam
681 751 759 797 per
779 734 956 798 aliquot
977 737 1073 782 dies
1096 733 1355 798 praesidiarii
1388 738 1538 797 (erant
1561 747 1714 782 autem
1741 737 1912 799 viginti
1985 744 1991 751 ‘

136 801 352 862 quatuor)
391 810 483 845 tam
518 800 682 846 acriter
701 816 778 845 eos
800 812 1100 861 exceperunt,
1136 813 1183 846 ut
1217 800 1370 862 plures
1404 815 1460 847 ex
1493 803 1908 862 oppugnatoribu3‚

137 879 277 925 quam
300 861 381 925 ipsi
404 877 549 918 erant,
573 863 864 911 occiderint:
896 865 1100 928 reliquos
1132 880 1238 911 cum
1262 864 1417 911 multis
1441 864 1706 911 vulneribus
1727 866 1912 927 repule-

136 928 245 974 rint.
313 927 383 973 Ex
406 927 491 973 suis
532 944 671 974 unum
698 928 959 983 amiserunt,
1002 929 1185 977 nemine
1223 942 1441 991 praeterea
1470 929 1544 974 vel
1584 928 1748 975 saucio.
1819 930 1911 977 Sed.
1964 952 1965 955 ¹

138 990 420 1040 Hamiltonii
458 993 616 1039 audito
654 994 834 1056 Anglos
857 993 1136 1057 Edimburgi
1151 993 1249 1053 jam
1271 994 1374 1047 effe,
1410 998 1459 1042 &c
1482 993 1702 1039 Ioannem
1726 994 1908 1042 Areski'-

137 1073 248 1103 num
274 1057 521 1102 Sterlinum
546 1056 726 1111 veniss‘e,
770 1074 822 1103 ac
861 1074 967 1104 mox
1005 1058 1201 1104 subfidio
1223 1069 1486 1112 venturum,
1509 1067 1773 1119 quanquam
1805 1062 1842 1104 &
1884 1058 1910 1105 ὲ

135 1119 404 1183 longinquis
426 1120 691 1185 regionibus
714 1123 883 1168 auxilia
901 1123 1201 1184 azccaepissent,
1224 1122 1304 1168 sub
1326 1123 1559 1184 vesperum
1583 1122 1818 1169 obsidione
1841 1123 1910 1168 so-

136 1185 234 1232 luta
255 1185 434 1249 trepide
456 1184 774 1243 discesserunt„
825 1186 1163 1242 Hamiltonius,
1190 1193 1228 1233 &
1254 1186 1546 1249 Argathelius
1572 1186 1618 1231 in
1645 1187 1911 1249 Argarheli.

139 1267 231 1305 am,
274 1251 521 1297 Huntlaeus
545 1266 628 1313 per
658 1264 834 1299 montes
857 1268 999 1315 prope
1022 1251 1171 1297 invios
1206 1252 1416 1305 domum,
1453 1248 1606 1296 caeteri
1630 1249 1722 1312 qua
1744 1252 1909 1313 cuique

137 1315 436 1361 commodum
459 1327 571 1370 erat,
595 1315 638 1363 se
660 1316 967 1363 contulerunt.
1010 1318 1075 1362 At
1092 1317 1172 1377 qui
1193 1316 1470 1377 Edirnburgi
1491 1328 1620 1362 erant
1644 1316 1784 1377 Angli
1810 1318 1906 1377 post

136 1378 330 1425 biduum
366 1379 612 1427 Glascuam
642 1381 836 1445 profec’ti
858 1393 956 1427 toto
989 1384 1134 1428 Πειθώ
1158 1380 1406 1428 Glottiano
1439 1395 1571 1442 agros
1595 1380 1911 1426 Hamiltonio-

136 1460 257 1498 rum,
280 1448 319 1491 δε
343 1444 373 1490 si
397 1443 478 1507 qui
501 1445 578 1490 alii
600 1443 647 1491 in
670 1447 843 1491 caedem
867 1445 1076 1507 Proregis
1095 1444 1422 1497 consenserant,
1448 1456 1524 1489 aut
1546 1445 1702 1490 exules
1728 1446 1908 1506 Anglos

134 1520 496 1571 receptaverant‚
521 1526 688 1573 magna
710 1511 859 1556 omnis
881 1510 1064 1572 generis
1083 1511 1240 1572 praeda
1260 1509 1416 1554 abacta
1440 1508 1596 1561 ruinis,
1623 1514 1659 1555 ἃ
1684 1506 1910 1555 incendiis

136 1572 386 1619 foedarunt.
454 1574 584 1620 Dum
618 1574 843 1620 machinae
866 1575 923 1623 ad
958 1574 1372 1619 converberandam
1396 1570 1546 1618 arcem
1576 1588 1667 1619 non
1700 1574 1859 1634 procul
1884 1590 1909 1618 a

134 1653 277 1701 pago,
298 1637 372 1684 cui
389 1637 686 1686 Hamiltonio
707 1654 875 1685 nomen
898 1639 976 1693 est,
997 1639 1203 1700 politam,
1225 1636 1422 1683 Sterlino
1445 1649 1761 1698 apportantur,
1780 1637 1907 1682 Dru-

135 1701 247 1756 rius,
288 1703 367 1764 qui
390 1702 638 1749 rebellibus
671 1703 838 1766 Anglis
860 1704 976 1749 clam
1000 1702 1199 1755 favebat,
1239 1702 1358 1747 hanc
1380 1699 1722 1762 expeditionem
1758 1717 1902 1763 prope

137 1766 250 1813 fecit
271 1765 463 1813 irritam.
518 1768 697 1830 Anglos
718 1768 840 1816 enim
867 1784 956 1815 non
981 1767 1126 1813 soluto
1150 1766 1207 1813 ad
1229 1766 1351 1812 diem
1376 1765 1599 1828 stipendio
1623 1766 1909 1821 tumultuari,

135 1843 222 1887 tes,
248 1838 299 1878 ac
324 1831 467 1877 statim
490 1832 533 1878 se
555 1833 813 1880 discessuros
836 1832 1167 1879 comminantes
1189 1831 1303 1878 adeo
1327 1846 1418 1877 non
1441 1828 1735 1892 compescuit,
1762 1842 1811 1875 ut
1832 1830 1904 1892 ip-

136 1895 180 1942 se
202 1893 440 1959 plaerisque
462 1899 617 1943 au&0r
636 1897 732 1957 ejus
756 1908 906 1944 motus
927 1895 1054 1943 fuisse
1076 1896 1350 1943 crederetur.
1419 1895 1507 1940 Sed
1530 1899 1725 1956 pecunia
1746 1906 1907 1941 mutua

139 1960 458 2023 repraesentata
479 1962 609 2008 miles
633 1963 692 2008 est
714 1973 931 2017 retentus,
958 1966 995 2006 δι
1021 1960 1243 2008 machinis
1272 1959 1470 2006 admotis
1491 1974 1570 2004 arx
1592 1958 1710 2004 intra
1738 1975 1909 2021 paucas.

135 2024 269 2072 horas
290 2024 575 2073 deditionem
597 2026 724 2073 fecit.
769 2029 821 2073 In
842 2026 996 2088 praeda
1015 2025 1205 2086 quidam
1229 2036 1514 2087 agnoverunt
1537 2025 1718 2077 vestem,
1744 2022 1904 2069 aliam·-

136 2106 229 2152 que
252 2089 409 2136 Iacobi
432 2089 584 2152 quinti
606 2092 749 2155 Regis
771 2090 1115 2152 supelleffilem‚
1151 2105 1288 2152 quam
1313 2087 1524 2135 dominus
1547 2087 1660 2133 arcis
1684 2103 1787 2133 curn
1811 2087 1903 2147 eje-

134 2166 259 2214 (raret
279 2168 472 2218 regnum
497 2154 643 2202 sancle
668 2155 900 2216 juraverat
923 2170 1061 2216 penes
1085 2153 1125 2200 se
1151 2170 1242 2199 non
1273 2153 1373 2199 effe.
1422 2153 1519 2197 Arx
1550 2151 1810 2198 semidiruta
1832 2169 1903 2198 re·

131 2217 242 2265 licia
259 2219 534 2274 est.Vicum,
551 2218 651 2266 &in
674 2236 728 2267 ea
743 2220 902 2266 villam
924 2217 1316 2265 Hamiltoniorum
1338 2216 1624 2279 magnificam
1645 2217 1810 2279 vulgus
1830 2217 1903 2263 fu-

133 2300 236 2330 rens
255 2283 413 2331 invitis
435 2283 628 2331 ducibus
646 2283 868 2332 incendit.
888 2282 1102 2331 Exercitu
1124 2281 1480 2344 redu&o,Angli
1500 2280 1760 2334 Bervicum,
1777 2281 1903 2327 Scoti

134 2350 191 2394 ad
211 2348 286 2395 sua
299 2347 489 2411 quisque
508 2348 550 2395 se
567 2362 852 2411 receperunt.
885 2349 1059 2395 Datum
1075 2346 1236 2398 Drurii
1250 2346 1479 2409 precibus,
1499 2359 1546 2390 ut
1571 2344 1682 2391 arcis
1704 2345 1903 2406 praesidi-

133 2429 211 2460 um
238 2412 469 2461 incolume
501 2413 825 2460 dimitteretur.
894 2411 969 2459 llli
1004 2411 1168 2458 dimissi
1189 2411 1447 2458 Robertum
1472 2409 1900 2471 Sempliunrgentis

129 2477 391 2542 principem
421 2479 533 2524 dum
556 2479 682 2525 velut
718 2477 1014 2539 expeditione
1047 2478 1229 2540 peraEta
1266 2477 1456 2521 domum
1494 2474 1673 2520 securus
1707 2474 1840 2527 redit,
1874 2475 1900 2522 ὲ

133 2544 294 2605 generi
321 2543 385 2589 sui
408 2543 550 2590 domo
571 2541 806 2606 captivum
829 2543 1105 2589 abstrahunt.
1157 2541 1276 2603 Qae
1294 2556 1363 2586 res
1382 2537 1671 2602 suspitionem
1695 2538 1753 2585 de
1773 2538 1900 2586 Dru-

134 2606 370 2654 rioacrius
389 2606 710 2654 inflammavit.

196 2672 380 2718 XVIII.
417 2671 506 2718 His
527 2672 662 2718 rebus
683 2671 875 2719 vixdum
899 2669 1129 2734 peractis?
1146 2668 1408 2718 Petcarnius
1432 2667 1457 2716 ὲ
1479 2667 1710 2732 legatione
1733 2667 1919 2735 Angli-l

133 2752 189 2784 ca
212 2735 410 2783 reversus
431 2735 531 2781 haec
554 2736 647 2783 fere
668 2736 825 2783 retulit
850 2755 861 2784 ε
883 2746 917 2766 “
938 2736 1166 2800 Reginam
1193 2734 1363 2788 mirari,
1379 2734 1507 2797 quod
1529 2746 1692 2796 quarto
1710 2733 1901 2783 demum

130 2801 282 2848 mense
305 2815 332 2846 a
352 2796 562 2864 Proregis
582 2800 769 2847 interitu
793 2801 850 2848 de
880 2802 992 2848 statu
1014 2815 1163 2847 rerum
1186 2799 1363 2846 suarum
1391 2814 1494 2844 eam
1515 2797 1754 2844 certiorem
1779 2795 1900 2843 face·

93 2895 109 2900 a
125 2878 247 2915 rent.
266 2874 274 2879 “
315 2865 373 2912 Se
389 2865 513 2912 enim
530 2864 593 2913 ob
614 2864 732 2911 hanc
752 2866 1091 2913 cunctationem
1113 2866 1330 2912 incertam
1356 2862 1483 2909 fuisse
1505 2862 1619 2926 quid
1640 2862 1698 2910 de
1718 2860 1783 2909 eis
1802 2861 1898 2923 spe·

127 2943 262 2979 raret.
297 2930 474 2977 Interea
488 2928 762 2978 -solicitatam
784 2930 952 2977 crebris
973 2929 1121 2988 Galli,
1141 2934 1181 2975 ἃ
1203 2926 1401 2990 Hispani
1413 2926 1562 2990 legati
1582 2925 1794 2990 precibus
1813 2942 1897 2972 no·
1948 2984 1950 2990 Ι
1975 2989 1978 2992 ,

128 2996 253 3043 mine
271 2996 456 3060 Regum
473 2994 677 3050 suorum,
698 3001 738 3042 δι
763 2995 955 3059 Reginae
979 2995 1125 3042 Scotae
1143 2993 1292 3056 ‘prope
1313 2990 1594 3055 quotidianis
1611 2990 1806 3054 querelis
1827 2989 1896 3035 fa—

128 3060 318 3124 tigatam
343 3059 586 3123 promisisse
607 3059 887 3108 audientiam
915 3078 927 3107 ε
961 3059 1037 3106 sed
1058 3058 1114 3105 iis
1142 3057 1341 3120 legibus,
1378 3068 1427 3103 ut
1450 3057 1587 3103 Scota
1605 3056 1818 3102 scriberet
1837 3053 1896 3100 ad

124 3126 214 3172 suae
235 3123 444 3172 factionis
465 3124 692 3180 homines,
729 3137 780 3172 ut
796 3125 970 3172 interea
982 3123 1101 3172 ‘dum
1123 3120 1410 3185 colloquium
1432 3118 1551 3168 illud
1585 3119 1803 3173 finiretur,
1827 3118 1894 3173 vi,
1907 3172 1916 3177 η
1943 3170 1946 3174 ⁴
1993 3112 1994 3116 ¹

124 3195 168 3236 ἃ
190 3188 327 3236 armis
356 3187 647 3248 abstinerentss
717 3191 836 3250 Qae
857 3187 1053 3252 publicis
1086 3186 1248 3235 ediffls
1269 3186 1327 3232 de
1349 3185 1482 3232 rebus
1504 3183 1727 3231 novandis
1748 3193 1902 3229 atten-.

117 3263 298 3309 tarum,
320 3269 375 3301 ea
390 3253 633 3302 contrariis
654 3254 815 3303 edictis
837 3261 1099 3301 revocarent
1129 3270 1148 3300 ,ε
1181 3267 1235 3299 ac
1255 3266 1325 3298 res
1345 3249 1394 3297 in
1413 3248 1576 3297 eodem
1599 3250 1711 3295 statu
1731 3247 1815 3294 effe
1837 3245 1893 3293 fi·

126 3330 304 3374 nerent,
329 3334 423 3380 quo
455 3319 564 3366 vivo
585 3319 783 3383 Prorege
807 3317 1004 3365 fuerant.
1071 3317 1241 3364 Exules
1262 3313 1444 3379 'Anglos
1479 3313 1600 3360 bona
1621 3309 1895 3383 fide-redde·
1965 3338 1970 3343 ·

123 3392 242 3428 rent.
310 3383 369 3430 Et
388 3382 418 3428 fi
441 3383 574 3431 finito
593 3382 828 3446 colloquio
861 3384 919 3430 de
940 3381 1115 3429 caeteris
1137 3381 1271 3428 rebus
1287 3379 1407 3426 inter
1428 3392 1505 3425 eos
1534 3386 1817 3429 conveniret,
1844 3384 1912 3428 ut,

124 3444 376 3501 obsidibus,
402 3451 442 3493 δι
465 3447 565 3494 aliis
588 3447 696 3495 fidei
716 3447 989 3514 pignoribus
1012 3457 1263 3501 caveretur,
1288 3454 1339 3491 ut
1362 3444 1493 3507 paEta
1509 3442 1629 3489 inter
1645 3445 1722 3487 eos
1743 3437 1890 3490 firma,

124 3515 166 3557 δι
187 3520 287 3558 rata
320 3523 570 3558 manerent.
638 3512 729 3560 His
750 3512 931 3576 legibus
961 3510 1250 3575 colloquium
1283 3507 1565 3572 promissum.
1597 3505 1703 3552 Hac
1735 3513 1889 3555 autem

124 3572 336 3639 pactione
356 3572 536 3638 illigata
568 3577 829 3642 negabatfe
860 3575 984 3641 pofl'e
1005 3574 1180 3640 consilii
1214 3587 1372 3635 eorum
1392 3571 1445 3620 in
1464 3568 1662 3626 creando
1688 3567 1906 3690 Ρωῗέθ.
