2106 3838
248 143 367 188 122
545 123 900 190 RERUM
989 119 1675 190 ScoTsCARUM

246 217 370 266 bono
389 218 542 268 animo
560 222 642 268 effe
660 223 861 282 jubetur,
885 218 1026 281 utqui
1045 217 1172 266 brevi
1194 234 1463 283 regnaturus
1480 222 1598 267 ess‘et.
1646 219 1938 283 Kinnatellus
1961 236 2009 272 e-

246 283 343 329 nim
355 285 586 339 &moi-bo,
604 290 652 335 δε
675 298 806 331 aetate
822 281 1054 328 confec'tus
1073 297 1177 329 cum
1197 285 1347 347 Regio
1366 284 1543 332 muneri
1566 301 1655 330 non
1679 284 1911 341 sufficeret,
1934 289 2010 348 ip-

248 347 290 392 se
314 347 495 394 Aidano
515 350 570 395 ad
591 365 738 396 rerum
760 347 1121 409 gubernaculum
1143 348 1346 406 admoto,
1371 348 1733 412 quartodecimo.
1758 363 1835 397 aut
1860 366 1907 398 ut
1929 351 2007 397 alii

248 410 608 472 quintodecimo,
634 427 769 473 quarn
794 427 982 472 regnare
1004 424 1204 472 coeperat
1227 412 1375 459 mense
1396 413 1518 459 diem
1544 413 1670 460 suum
1693 413 1826 460 obiit.
1895 417 2010 461 Sunt

247 475 328 536 qui
362 475 448 522 hoc
471 476 626 521 omisso
657 473 889 520 Aidanum
914 473 1057 519 statim
1083 474 1309 522 Convallo
1335 474 1587 537 subjiciant.
1656 477 1832 525 Verum
1854 478 2008 541 plures
2053 532 2055 538 A

246 540 448 587 aufiores
469 540 587 585 inter
609 554 683 584 eos
703 538 1026 586 Kinnatellum
1044 538 1257 586 inserunt.

920 623 1092 669 XLIX.
1149 624 1190 668 R
1213 623 1250 669 E
1272 623 1333 670 X.

310 697 540 745 XXXIII.
573 695 767 744 AIDA
783 697 936 744 NUS
960 698 1061 744 Rex
1083 696 1342 743 nominatus
1365 713 1391 742 a
1412 696 1697 751 Kinnatello,
1723 701 1762 744 &
1787 714 1813 742 a
1835 697 2010 759 populo

247 762 535 808 confirmatus
556 777 583 807 a
603 761 837 809 Columba
859 760 1007 822 Regia
1025 761 1216 822 accaepit
1237 760 1445 824 insignia.
1514 762 1621 808 Erat
1645 759 1766 807 enim
1786 761 1877 806 illis
1898 775 2013 807 tem-

245 824 432 886 poribus
469 836 592 871 tanta
614 825 708 885 ejus
735 826 819 871 viri
854 824 1112 877 auctoritas,
1139 838 1186 870 ut
1208 825 1325 871 nibil
1357 827 1523 884 RegeS,
1569 823 1822 887 popolusve
1845 823 2022 883 absque

244 888 340 947 ejus
363 890 550 935 consilio
572 889 823 951 susciperet.
893 890 963 934 Ac
998 901 1096 933 tum
1132 887 1321 950 quidem
1361 906 1465 935 cum
1501 888 1602 934 satis
1633 890 1774 951 longa
1806 887 2013 935 oratione

244 952 449 1000 hortatus
483 955 587 1000 ess'et
621 970 795 1005 omnes,
834 964 883 999 ut
906 954 1006 999 Rex
1026 968 1135 1014 erga
1158 953 1379 1015 populum
1414 953 1644 1014 acquitate.
1681 953 1876 1015 populus
1907 968 2044 1014 erga¹

245 1017 421 1079 Regem
445 1018 727 1064 observantia
748 1030 961 1071 uteretur,
983 1015 1206 1062 universos
1227 1016 1520 1062 vehementer
1542 1016 1736 1078 rogavit,
1759 1027 1808 1062 ut
1824 1015 1870 1062 in
1929 1031 2013 1062 uro

244 1080 338 1128 Dei
378 1081 502 1128 cultu
534 1083 848 1145 persisterent:
898 1081 963 1127 ita
984 1080 1105 1127 enirn
1145 1077 1260 1134 sore,
1306 1093 1355 1126 ut
1381 1079 1575 1143 utrisque
1614 1077 1769 1126 omnia
1798 1033 2010 1142 prospere

242 1144 570 1193 succederent:
621 1147 682 1192 sm
707 1146 837 1192 aliter
860 1145 1076 1200 facerent,
1111 1144 1304 1207 dignum
1346 1144 1465 1191 male
1506 1144 1691 1205 patratis
1721 1145 2011 1206 expefiarent

246 1209 455 1256 exitium.
525 1211 614 1257 His
635 1211 696 1257 ita
714 1209 906 1273 perac‘tis
936 1209 992 1255 ad
1015 1210 1112 1255 suos
1150 1209 1354 1255 discefiit.
1424 1207 1576 1254 Prima
1594 1207 1764 1254 Aidani
1782 1206 2017 1270 expeditio

245 1272 335 1320 fuit
355 1273 564 1321 adversus
586 1275 781 1321 latrones
805 1273 1119 1321 Gallovidiam
1144 1273 1412 1320 infestantes.
1478 1273 1547 1319 Εὸ
1571 1273 1798 1335 ρτοῖεὲὶυε
1819 1271 2013 1317 ducibus

245 1353 403 1384 eorum
428 1338 650 1401 supplicio
673 1338 842 1388 afl'ec‘iis
865 1350 1048 1385 caeteros
1074 1350 1195 1384 metu
1220 1336 1502 1400 compescuit
1528 1354 1538 1383 :
1585 1336 1658 1381 sed
1681 1352 1784 1382 eum
1810 1335 1917 1392 inde
1945 1352 2015 1382 re-

245 1401 423 1449 versum
450 1403 591 1463 major
614 1405 848 1466 tempestas
872 1402 1081 1465 excaepit.
1135 1402 1521 1464 Nampossquam
1547 1398 1692 1447 tribus
1712 1399 2016 1446 conventibus

246 1463 294 1512 in
320 1466 605 1523 Gallovidia,
632 1468 790 1521 Abria,
815 1471 860 1515 &
886 1467 1154 1514 Cathanesia
1177 1465 1341 1512 habitis
1359 1463 1513 1511 omnia
1531 1477 1691 1526 pacata
1711 1462 2012 1518 existimasset,

248 1527 367 1576 inter
391 1533 650 1578 venandum
675 1533 834 1578 oborta
858 1530 1094 1585 seditione,
1116 1546 1165 1576 ac
1189 1532 1313 1576 caede
1336 1527 1480 1575 atroci
1503 1539 1677 1590 patrata
1711 1526 1899 1574 ministri
1926 1530 2015 1573 Re-

283 1594 333 1648 ii,
359 1594 438 1656 qui
465 1595 622 1641 noxios
648 1594 694 1641 in
712 1596 787 1657 jus
809 1596 1034 1641 vocabant
1058 1593 1219 1656 pulsati
1244 1612 1255 1640 t
1305 1595 1507 1639 auclores
1546 1608 1782 1654 poenarum
1820 1605 1943 1637 metu
1967 1591 2012 1638 in

245 1611 520 1704 {othianam
553 1660 608 1705 ad
630 1660 858 1705 Brudcum
894 1659 1121 1705 Pictorum
1142 1660 1317 1720 Regem
1342 1657 1653 1718 perfugerunt.
1727 1655 1801 1700 Ab
1825 1671 1879 1700 eo
1904 1671 2009 1702 cum

248 1739 331 1784 per
349 1723 522 1786 legatos
545 1739 599 1770 ex
624 1722 794 1770 soedere
814 1723 945 1786 petiti
965 1739 1053 1769 non
1076 1722 1384 1774 redderentur,
1413 1720 1581 1766 bellum
1604 1735 1740 1780 ¹{grave
1761 1718 1878 1765 inter
1901 1721 2009 1765 Sco-

250 1799 339 1840 tos,
364 1790 411 1834 &
436 1786 584 1834 PiCtos
604 1787 762 1833 exarsit
788 1806 797 1833 :
827 1787 898 1834 sed
919 1787 966 1833 id
985 1786 1111 1833 brevi
1134 1802 1273 1849 opera
1295 1783 1557 1838 Columbae,
1578 1783 1703 1844 cujus
1727 1783 1848 1846 apud
1872 1782 2011 1831 utros-

250 1866 341 1915 que
365 1850 527 1898 merito
546 1851 797 1914 plurimum
819 1851 1000 1898 valebat
1022 1850 1278 1904 auftoritas,
1300 1848 1568 1896 extinflum.

317 1915 541 1962 XXXIV.
576 1918 753 1963 Interea
779 1918 848 1976 (1)
875 1915 1048 1977 Anglia
1067 1916 1231 1962 iterum
1250 1912 1296 1961 in
1317 1912 1487 1976 septem
1511 1928 1650 1975 regna
1663 1908 1820 1966 divisa,
1839 1916 1876 1958 &
1897 1910 2014 1960 Brit-

254 1978 436 2027 tonibus
471 1978 516 2025 in
541 1980 823 2042 peninsulam
847 1979 1047 2027 Valliam
1088 1978 1329 2042 compulsis
1352 1980 1549 2024 Saxones
1586 1991 1674 2022 non
1697 1975 1900 2022 contenti
1925 1989 2015 2024 tam

251 2042 344 2091 late
366 2044 628 2107 patentibus
652 2062 674 2091 a
713 2043 770 2091 ris
794 2061 963 2090 novum
989 2044 1160 2090 bellum
1184 2042 1302 2089 inter
1325 2044 1500 2096 Scotos,
1541 2044 1579 2086 δι’
1617 2038 1762 2087 Pictos
1792 2039 2014 2088 suscitant.

254 2108 364 2169 Ejus
387 2110 557 2163 auftor,
596 2114 632 2154 δι
667 2125 741 2155 ιεικ
764 2108 850 2155 fuit
872 2107 1151 2155 Ethelfridus
1175 2104 1521 2154 Northumbriae
1552 2105 1652 2150 Rex
1674 2104 1813 2150 homo
1838 2120 2012 2156 avarus,

255 2177 296 2219 δε
319 2173 381 2218 ob
404 2172 532 2236 regni
555 2172 754 2235 augendi
776 2171 1074 2235 cupiditatem
1100 2171 1222 2235 pacis
1245 2170 1502 2234 impatiens.
1554 2169 1594 2214 Is
1615 2168 1749 2233 Pifflq
1768 2167 1885 2232 :egri-
1908 2184 2017 2214 con-

250 2236 475 2283 sentiente
498 2237 678 2283 Brudeo
700 2237 927 2299 persuasit,
955 2249 1005 2283 ut
1026 2237 1200 2300 praedas
1224 2234 1454 2298 abigendo
1476 2251 1530 2280 ex
1552 2250 1662 2294 agro
1686 2232 1867 2278 Scotico
1889 2233 2017 2295 semi-

257 2316 316 2347 na
338 2300 679 2364 bellijacerent.
736 2299 942 2347 Aidanus
963 2317 1148 2364 quoque
1171 2301 1326 2347 fraude
1350 2298 1538 2346 Saxonis
1561 2297 1790 2344 intellec‘ta
1814 2309 1862 2342 ut
1884 2302 1924 2344 ἆ·
1949 2296 2016 2361 ip-

256 2364 299 2412 se
321 2364 575 2428 peregrinis
592 2365 774 2411 auxiliis
807 2363 849 2412 se?
873 2366 1084 2419 firmaret,
1128 2381 1231 2412 cum
1256 2364 1478 2428 Malgone
1501 2361 1705 2408 Brittone
1729 2361 1877 2407 foedus
1901 2361 2017 2408 anti-

250 2445 400 2491 quum
420 2430 668 2476 renovavit.
737 2429 904 2477 Filium
925 2429 1177 2484 Grifinum,
1202 2432 1251 2478 &
1273 2427 1433 2475 sororis
1456 2426 1598 2473 fliium
1624 2424 1900 2471 Brendinum
1925 2426 2015 2472 Eu-

250 2493 427 2548 boniae,
453 2510 555 2556 quae
579 2508 700 2540 nunc
722 2496 782 2541 est
802 2495 993 2546 Manna,
1014 2495 1268 2558 Regulum,
1290 2490 1521 2539 hominem
1546 2489 1789 2536 militarem
1812 2505 1916 2535 cum
1941 2504 2019 2536 co-

257 2556 346 2620 piis
368 2557 503 2604 misit,
571 2556 640 2604 Hi
669 2557 818 2604 castris
839 2573 944 2604 cum
968 2557 1247 2605 Brittonibus
1270 2555 1523 2618 conjunclis
1545 2553 1925 2602 Northumbriam
1949 2553 2019 2600 ina

256 2621 385 2684 gressi
409 2622 541 2667 tertio
564 2621 638 2668 die
660 2623 718 2669 ad
753 2623 923 2668 hostem
946 2621 1217 2685 perveniunt
1237 2639 1249 2668 t
1303 2621 1392 2667 Sed
1428 2619 1574 2683 Angli
1596 2633 1714 2666 nova
1731 2619 2020 2680 expeaantes

257 2684 562 2748 auxilia,quae
586 2701 676 2732 non
694 2687 854 2748 procul
875 2686 1017 2733 abess‘e
1035 2686 1321 2739 dicebantur,
1341 2701 1542 2748 pugnam
1563 2682 1886 2730 detreftabant.
1921 2681 2020 2728 Ad-

258 2750 474 2797 veniebat
504 2749 628 2796 enim
657 2749 888 2798 ‘Ceulinus
923 2752 995 2812 (2)
1020 2748 1312 2796 orientalium
1346 2750 1574 2808 Saxonum
1609 2748 1710 2793 Rex
1738 2745 1807 2793 vir
1829 2745 2022 2793 bellico·

260 2813 444 2861 fiffimus
464 2830 570 2860 cum
593 2813 771 2878 magnis
792 2812 956 2877 copiis.
1023 2815 1166 2861 Hunc
1189 2811 1330 2866 Scoti,
1368 2819 1409 2859 δε
1439 2811 1664 2859 Brittones
1700 2809 1748 2857 in
1782 2808 1944 2856 itinere
1973 2825 2021 2855 a·
2077 2842 2085 2847 -

260 2879 378 2926 derti
403 2877 596 2942 primam
625 2878 720 2941 ejus
745 2878 907 2934 aciem,
931 2893 1036 2941 quae
1059 2877 1162 2924 satis
1183 2878 1322 2941 longe
1343 2888 1528 2922 caeteros
1552 2873 1769 2927 anteibat,
1794 2873 2022 2937 integram
2100 2922 2102 2924 ,

259 2959 366 2989 curn
387 2943 544 2990 Cutha
557 2941 660 2988 ‘filio
680 2942 922 2989 occidione
942 2941 1210 2989 occiderunt
1232 2959 1244 2988 ε
1281 2939 1496 3004 τεέὶςυοε,
1520 2954 1614 3002 quo
1636 2937 1784 2985 minus
1801 2938 2024 3002 aggi-ede·
2094 2938 2098 2942 ’

260 3020 433 3063 rentur,
457 3006 569 3054 fecit
590 3006 746 3062 timor,
767 3023 823 3053 ne
844 3007 901 3052 ab
919 3005 1196 3060 Ethelfrido,
1219 3004 1300 3068 qui
1323 3021 1412 3052 non
1437 3003 1576 3068 longe
1598 3003 1752 3050 aberat
1771 3001 2024 3049 circumve-

260 3071 480 3118 nirentur.
549 3070 821 3131 Conjunftis
859 3070 1002 3134 igitur
1021 3070 1199 3117 duobus
1226 3071 1460 3116 Saxonum
1493 3067 1699 3142 Regibus
1734 3065 1880 3114 rursus
1911 3081 2022 3113 con·

260 3135 388 3198 greffi
412 3135 558 3182 multa
579 3134 792 3198 utrinque
813 3136 939 3183 caede
958 3133 1081 3181 edita
1102 3133 1214 3180 vieti
1232 3132 1348 3187 sunt,
1373 3136 1421 3182 &
1442 3132 1595 3197 fugati
1627 3129 1835 3184 Sentis&
1854 3129 2026 3178 Britto-
2045 3182 2050 3187 ,
2098 3141 2106 3159 ⁴

254 3213 358 3246 nes.
388 3254 390 3257 .
424 3200 540 3247 Caesi
561 3199 587 3246 ὲ
610 3197 1151 3263 Scotorum'primoribus
1179 3197 1406 3253 Gsifinus.
1423 3199 1491 3248 A&
1516 3194 1769 3244 Brendinus
1795 3211 1806 3240 ε
1849 3210 1907 3260 eit
1928 3193 2026 3242 acie

256 3308 262 3354 Ϊ
314 3314 381 3364 (ι)
406 3315 559 3355 Via-1.
579 3318 700 3356 Kent.
735 3330 785 3357 ε..
815 3305 1115 3357 south'Saxons.
1225 3315 1286 3367 (2)
1313 3314 1471 3353 Caul‘m
1500 3313 1679 3354 monasth
1714 3306 1785 3351 and
1811 3311 1961 3365 general
1983 3310 2030 3352 uf

262 3372 301 3420 ’3.
322 3368 406 3407 East
419 3369 576 3407 Saxons.
614 3370 1031 3419 4.'Northurnberlan‘d.
1071 3375 1116 3422 '5.
1152 3369 1236 3419 ,the
1260 3366 1640 3417 Anglo-Saxonasof
1663 3365 1768 3404 Eira
1800 3376 1839 3402 a!
1868 3363 2026 3402 well‘aa

261 3421 422 3465 Mercia.
479 3422 517 3459 6.
547 3423 630 3460 East
650 3425 806 3472 Angles.
847 3438 885 3474 7.
904 3425 1009 3461 West
1026 3424 1117 3461 Sax-
1171 3422 1332 3468 Wess‘ex,
1361 3430 1401 3458 to
1417 3419 1546 3459 whom
1563 3418 1632 3462 the,
1645 3416 1753 3457 other
1782 3417 1902 3455 Saxon
1921 3415 2025 3466 prin·
2084 3453 2086 3457 ,

261 3477 342 3520 ons',
362 3472 485 3511 whose
499 3473 598 3522 king
615 3475 715 3524 pieee
732 3478 802 3514 and
819 3478 922 3528 pieee
933 3466 1135 3527 toriquer-x
1171 3488 1244 3522 ces,
1264 3473 1502 3525 particularly
1516 3472 1584 3511 the
1600 3471 1712 3520 kings
1728 3469 1774 3508 of
1786 3470 1908 3516 Kent,
1920 3468 2028 3529 Ess‘ef

262 3529 307 3564 ed
327 3526 392 3564 the
411 3527 508 3575 sest,
542 3529 614 3565 and
644 3527 805 3578 brought
833 3530 1002 3580 England
1029 3538 1069 3572 ω
1095 3541 1120 3567 a
1172 3530 1242 3565 and
1261 3527 1401 3573 Suffex,
1419 3540 1516 3564 were
1537 3525 1659 3567 foroed
1682 3532 1720 3564 to
1737 3521 1874 3565 submit
1898 3533 1938 3560 as
1960 3520 2026 3558 hu

261 3577 478 3629 monarchy.
674 3618 676 3621 ,
1012 3604 1018 3618 .
1067 3626 1071 3627 ⁷
1168 3580 1329 3634 subJefls
1344 3580 1414 3619 and
1429 3579 1573 3620 vachis.
1941 3623 2002 3672 ad
