<?xml version="1.0" encoding="UTF-8"?>
<!DOCTYPE html PUBLIC "-//W3C//DTD XHTML 1.0 Transitional//EN"
    "http://www.w3.org/TR/xhtml1/DTD/xhtml1-transitional.dtd">
<html xmlns="http://www.w3.org/1999/xhtml" xml:lang="en" lang="en">
 <head>
  <title>
</title>
<meta http-equiv="Content-Type" content="text/html;charset=utf-8" />
  <meta name='ocr-system' content='tesseract 3.04.00' />
  <meta name='ocr-capabilities' content='ocr_page ocr_carea ocr_par ocr_line ocrx_word'/>
</head>
<body>
  <div class='ocr_page' id='page_1' title='image "./rerumscoticarumh00buch_0470.png"; bbox 0 0 1994 3833; ppageno 0'>
   <div class='ocr_carea' id='block_1_1' title="bbox 127 133 1601 225">
    <p class='ocr_par' dir='ltr' id='par_1_1' title="bbox 127 133 1601 225">
     <span class='ocr_line' id='line_1_1' title="bbox 127 133 1601 225; baseline 0.005 -19"><span class='ocrx_word' id='word_1_1' title='bbox 127 157 262 225; x_wconf 76' lang='lat'>454</span> <span class='ocrx_word' id='word_1_2' title='bbox 507 133 1601 214; x_wconf 67' lang='lat' dir='ltr'>RenumSco‘rtcARuM</span> 
     </span>
    </p>
   </div>
   <div class='ocr_carea' id='block_1_2' title="bbox 98 233 1990 3142">
    <p class='ocr_par' dir='ltr' id='par_1_2' title="bbox 117 233 1963 1125">
     <span class='ocr_line' id='line_1_2' title="bbox 188 233 1888 312; baseline 0.005 -28"><span class='ocrx_word' id='word_1_3' title='bbox 188 233 292 284; x_wconf 66' lang='lat' dir='ltr'>LX,</span> <span class='ocrx_word' id='word_1_4' title='bbox 322 235 449 285; x_wconf 88' lang='lat' dir='ltr'>Dum</span> <span class='ocrx_word' id='word_1_5' title='bbox 471 238 570 284; x_wconf 83' lang='lat' dir='ltr'>haec</span> <span class='ocrx_word' id='word_1_6' title='bbox 599 238 657 285; x_wconf 87' lang='lat' dir='ltr'>ad</span> <span class='ocrx_word' id='word_1_7' title='bbox 678 238 915 296; x_wconf 75' lang='lat' dir='ltr'>Hadinam</span> <span class='ocrx_word' id='word_1_8' title='bbox 950 239 1076 286; x_wconf 87' lang='lat' dir='ltr'>varia</span> <span class='ocrx_word' id='word_1_9' title='bbox 1097 239 1281 286; x_wconf 87' lang='lat' dir='ltr'>fortuna</span> <span class='ocrx_word' id='word_1_10' title='bbox 1313 255 1551 304; x_wconf 87' lang='lat' dir='ltr'>geruntur,</span> <span class='ocrx_word' id='word_1_11' title='bbox 1585 260 1733 310; x_wconf 84' lang='lat' dir='ltr'>neque</span> <span class='ocrx_word' id='word_1_12' title='bbox 1754 251 1888 312; x_wconf 50' lang='lat' dir='ltr'>quic*</span> 
     </span>
     <span class='ocr_line' id='line_1_3' title="bbox 124 302 1891 370; baseline 0.006 -21"><span class='ocrx_word' id='word_1_13' title='bbox 124 318 264 365; x_wconf 84' lang='lat' dir='ltr'>quam</span> <span class='ocrx_word' id='word_1_14' title='bbox 305 302 362 349; x_wconf 82' lang='lat' dir='ltr'>ad</span> <span class='ocrx_word' id='word_1_15' title='bbox 396 302 618 349; x_wconf 82' lang='lat' dir='ltr'>summam</span> <span class='ocrx_word' id='word_1_16' title='bbox 652 302 765 349; x_wconf 88' lang='lat' dir='ltr'>belli</span> <span class='ocrx_word' id='word_1_17' title='bbox 800 302 1055 365; x_wconf 86' lang='lat' dir='ltr'>proficitur,</span> <span class='ocrx_word' id='word_1_18' title='bbox 1103 313 1252 351; x_wconf 83' lang='lat' dir='ltr'>certus</span> <span class='ocrx_word' id='word_1_19' title='bbox 1290 305 1475 353; x_wconf 84' lang='lat' dir='ltr'>affertur</span> <span class='ocrx_word' id='word_1_20' title='bbox 1509 324 1679 363; x_wconf 89' lang='lat' dir='ltr'>rumor,</span> <span class='ocrx_word' id='word_1_21' title='bbox 1716 312 1891 370; x_wconf 72' lang='lat' dir='ltr'>justum.</span> 
     </span>
     <span class='ocr_line' id='line_1_4' title="bbox 121 365 1889 429; baseline 0.006 -16"><span class='ocrx_word' id='word_1_22' title='bbox 121 366 172 413; x_wconf 83' lang='lat' dir='ltr'>in</span> <span class='ocrx_word' id='word_1_23' title='bbox 198 366 368 429; x_wconf 84' lang='lat' dir='ltr'>Angl-ia</span> <span class='ocrx_word' id='word_1_24' title='bbox 396 365 619 412; x_wconf 81' lang='lat' dir='ltr'>conscribi</span> <span class='ocrx_word' id='word_1_25' title='bbox 639 367 891 416; x_wconf 82' lang='lat' dir='ltr'>exercitum</span> <span class='ocrx_word' id='word_1_26' title='bbox 931 368 988 414; x_wconf 85' lang='lat' dir='ltr'>ad</span> <span class='ocrx_word' id='word_1_27' title='bbox 1026 368 1310 416; x_wconf 67' lang='lat' dir='ltr'>obsidionem</span> <span class='ocrx_word' id='word_1_28' title='bbox 1351 369 1632 420; x_wconf 79' lang='lat' dir='ltr'>solvendam.</span> <span class='ocrx_word' id='word_1_29' title='bbox 1713 376 1889 424; x_wconf 73' lang='lat' dir='ltr'>Deffius</span> 
     </span>
     <span class='ocr_line' id='line_1_5' title="bbox 120 430 1891 502; baseline 0.007 -27"><span class='ocrx_word' id='word_1_30' title='bbox 120 430 268 494; x_wconf 87' lang='lat' dir='ltr'>copiis</span> <span class='ocrx_word' id='word_1_31' title='bbox 287 430 655 488; x_wconf 76' lang='lat' dir='ltr'>adventantibus,</span> <span class='ocrx_word' id='word_1_32' title='bbox 681 433 784 491; x_wconf 73' lang='lat' dir='ltr'>cum</span> <span class='ocrx_word' id='word_1_33' title='bbox 809 432 851 478; x_wconf 85' lang='lat' dir='ltr'>se</span> <span class='ocrx_word' id='word_1_34' title='bbox 869 432 1092 495; x_wconf 84' lang='lat' dir='ltr'>imparem</span> <span class='ocrx_word' id='word_1_35' title='bbox 1114 433 1262 488; x_wconf 88' lang='lat' dir='ltr'>sciret,</span> <span class='ocrx_word' id='word_1_36' title='bbox 1286 435 1425 481; x_wconf 85' lang='lat' dir='ltr'>castra</span> <span class='ocrx_word' id='word_1_37' title='bbox 1434 438 1573 498; x_wconf 87' lang='lat' dir='ltr'>paulo</span> <span class='ocrx_word' id='word_1_38' title='bbox 1616 438 1801 502; x_wconf 87' lang='lat' dir='ltr'>longius</span> <span class='ocrx_word' id='word_1_39' title='bbox 1823 436 1891 488; x_wconf 34' lang='lat' dir='ltr'>ab*</span> 
     </span>
     <span class='ocr_line' id='line_1_6' title="bbox 120 494 1900 567; baseline 0.006 -26"><span class='ocrx_word' id='word_1_40' title='bbox 120 496 296 558; x_wconf 84' lang='lat' dir='ltr'>oppido</span> <span class='ocrx_word' id='word_1_41' title='bbox 313 494 524 549; x_wconf 89' lang='lat' dir='ltr'>removit,</span> <span class='ocrx_word' id='word_1_42' title='bbox 538 501 578 542; x_wconf 75' lang='grc' dir='ltr'>δι</span> <span class='ocrx_word' id='word_1_43' title='bbox 590 495 821 544; x_wconf 82' lang='lat' dir='ltr'>machinas</span> <span class='ocrx_word' id='word_1_44' title='bbox 841 512 1004 552; x_wconf 81' lang='lat' dir='ltr'>aeneas,</span> <span class='ocrx_word' id='word_1_45' title='bbox 1021 511 1184 560; x_wconf 80' lang='lat' dir='ltr'>praeter</span> <span class='ocrx_word' id='word_1_46' title='bbox 1201 498 1274 545; x_wconf 81' lang='lat' dir='ltr'>sex</span> <span class='ocrx_word' id='word_1_47' title='bbox 1286 499 1556 547; x_wconf 77' lang='lat' dir='ltr'>minusculas</span> <span class='ocrx_word' id='word_1_48' title='bbox 1571 518 1628 548; x_wconf 82' lang='lat' dir='ltr'>ex</span> <span class='ocrx_word' id='word_1_49' title='bbox 1639 519 1695 548; x_wconf 91' lang='lat' dir='ltr'>eo</span> <span class='ocrx_word' id='word_1_50' title='bbox 1706 520 1900 567; x_wconf 49' lang='lat' dir='ltr'>genem„</span> 
     </span>
     <span class='ocr_line' id='line_1_7' title="bbox 120 560 1893 631; baseline 0.006 -26"><span class='ocrx_word' id='word_1_51' title='bbox 120 577 225 622; x_wconf 79' lang='lat' dir='ltr'>quae</span> <span class='ocrx_word' id='word_1_52' title='bbox 241 560 509 622; x_wconf 87' lang='lat' dir='ltr'>campestres</span> <span class='ocrx_word' id='word_1_53' title='bbox 532 572 768 615; x_wconf 81' lang='lat' dir='ltr'>vocantur,</span> <span class='ocrx_word' id='word_1_54' title='bbox 792 561 1132 625; x_wconf 77' lang='lat' dir='ltr'>Edimburgum</span> <span class='ocrx_word' id='word_1_55' title='bbox 1156 562 1340 610; x_wconf 86' lang='lat' dir='ltr'>remifit.</span> <span class='ocrx_word' id='word_1_56' title='bbox 1408 566 1621 614; x_wconf 79' lang='lat' dir='ltr'>Tandem</span> <span class='ocrx_word' id='word_1_57' title='bbox 1650 568 1893 631; x_wconf 81' lang='lat' dir='ltr'>(1)Angli</span> 
     </span>
     <span class='ocr_line' id='line_1_8' title="bbox 117 624 1963 690; baseline 0.004 -18"><span class='ocrx_word' id='word_1_58' title='bbox 117 625 342 673; x_wconf 84' lang='lat' dir='ltr'>exercitus</span> <span class='ocrx_word' id='word_1_59' title='bbox 365 624 587 672; x_wconf 84' lang='lat' dir='ltr'>adventus</span> <span class='ocrx_word' id='word_1_60' title='bbox 609 625 890 677; x_wconf 78' lang='lat' dir='ltr'>obsidionem</span> <span class='ocrx_word' id='word_1_61' title='bbox 914 625 1046 674; x_wconf 84' lang='lat' dir='ltr'>solvit</span> <span class='ocrx_word' id='word_1_62' title='bbox 1069 645 1081 673; x_wconf 78' lang='lat' dir='ltr'>z</span> <span class='ocrx_word' id='word_1_63' title='bbox 1106 628 1232 690; x_wconf 84' lang='lat' dir='ltr'>quod</span> <span class='ocrx_word' id='word_1_64' title='bbox 1251 626 1298 673; x_wconf 84' lang='lat' dir='ltr'>in</span> <span class='ocrx_word' id='word_1_65' title='bbox 1319 627 1451 676; x_wconf 86' lang='lat' dir='ltr'>unius</span> <span class='ocrx_word' id='word_1_66' title='bbox 1473 630 1614 677; x_wconf 87' lang='lat' dir='ltr'>aleam</span> <span class='ocrx_word' id='word_1_67' title='bbox 1635 631 1896 679; x_wconf 80' lang='lat' dir='ltr'>certaminis</span> <span class='ocrx_word' id='word_1_68' title='bbox 1961 662 1963 664; x_wconf 96' lang='lat'>-</span> 
     </span>
     <span class='ocr_line' id='line_1_9' title="bbox 119 690 1935 759; baseline 0.005 -25"><span class='ocrx_word' id='word_1_69' title='bbox 119 704 214 735; x_wconf 81' lang='lat' dir='ltr'>rem</span> <span class='ocrx_word' id='word_1_70' title='bbox 241 690 470 737; x_wconf 85' lang='lat' dir='ltr'>Scoticam</span> <span class='ocrx_word' id='word_1_71' title='bbox 495 690 634 737; x_wconf 86' lang='lat' dir='ltr'>duces</span> <span class='ocrx_word' id='word_1_72' title='bbox 665 691 1043 738; x_wconf 81' lang='lat' dir='ltr'>committendam</span> <span class='ocrx_word' id='word_1_73' title='bbox 1063 707 1155 738; x_wconf 88' lang='lat' dir='ltr'>non</span> <span class='ocrx_word' id='word_1_74' title='bbox 1190 691 1451 740; x_wconf 83' lang='lat' dir='ltr'>censebant.</span> <span class='ocrx_word' id='word_1_75' title='bbox 1522 694 1663 750; x_wconf 84' lang='lat' dir='ltr'>Scoti,</span> <span class='ocrx_word' id='word_1_76' title='bbox 1688 712 1780 759; x_wconf 85' lang='lat' dir='ltr'>qua</span> <span class='ocrx_word' id='word_1_77' title='bbox 1820 697 1895 758; x_wconf 72' lang='lat'>(2)</span> <span class='ocrx_word' id='word_1_78' title='bbox 1934 690 1935 694; x_wconf 30' lang='lat'>¹</span> 
     </span>
     <span class='ocr_line' id='line_1_10' title="bbox 120 752 1897 822; baseline 0.004 -22"><span class='ocrx_word' id='word_1_79' title='bbox 120 752 193 800; x_wconf 85' lang='lat' dir='ltr'>cui</span> <span class='ocrx_word' id='word_1_80' title='bbox 210 754 475 816; x_wconf 81' lang='lat' dir='ltr'>proximum</span> <span class='ocrx_word' id='word_1_81' title='bbox 498 768 610 810; x_wconf 84' lang='lat' dir='ltr'>erat,</span> <span class='ocrx_word' id='word_1_82' title='bbox 635 756 797 802; x_wconf 89' lang='lat' dir='ltr'>domos</span> <span class='ocrx_word' id='word_1_83' title='bbox 822 754 1070 802; x_wconf 88' lang='lat' dir='ltr'>redierunt.</span> <span class='ocrx_word' id='word_1_84' title='bbox 1139 756 1290 811; x_wconf 84' lang='lat' dir='ltr'>Galli,</span> <span class='ocrx_word' id='word_1_85' title='bbox 1314 758 1391 803; x_wconf 86' lang='lat' dir='ltr'>etfi</span> <span class='ocrx_word' id='word_1_86' title='bbox 1415 759 1580 822; x_wconf 87' lang='lat' dir='ltr'>Anglis</span> <span class='ocrx_word' id='word_1_87' title='bbox 1603 761 1897 813; x_wconf 63' lang='lat' dir='ltr'>Vehementer</span> 
     </span>
     <span class='ocr_line' id='line_1_11' title="bbox 120 820 1899 888; baseline 0.004 -25"><span class='ocrx_word' id='word_1_88' title='bbox 120 820 457 880; x_wconf 76' lang='lat' dir='ltr'><strong>prementibus,</strong></span> <span class='ocrx_word' id='word_1_89' title='bbox 490 820 580 866; x_wconf 81' lang='lat' dir='ltr'>sine</span> <span class='ocrx_word' id='word_1_90' title='bbox 626 836 747 866; x_wconf 77' lang='lat' dir='ltr'>noxa</span> <span class='ocrx_word' id='word_1_91' title='bbox 797 820 839 867; x_wconf 84' lang='lat' dir='ltr'>se</span> <span class='ocrx_word' id='word_1_92' title='bbox 875 833 1159 883; x_wconf 85' lang='lat' dir='ltr'>receperunt.</span> <span class='ocrx_word' id='word_1_93' title='bbox 1232 822 1282 867; x_wconf 80' lang='lat' dir='ltr'>ln</span> <span class='ocrx_word' id='word_1_94' title='bbox 1308 822 1459 868; x_wconf 81' lang='lat' dir='ltr'>reditu</span> <span class='ocrx_word' id='word_1_95' title='bbox 1504 825 1574 886; x_wconf 85' lang='lat'>(3)</span> <span class='ocrx_word' id='word_1_96' title='bbox 1616 823 1899 888; x_wconf 83' lang='lat' dir='ltr'>Edimburgi</span> 
     </span>
     <span class='ocr_line' id='line_1_12' title="bbox 119 883 1896 953; baseline 0.005 -25"><span class='ocrx_word' id='word_1_97' title='bbox 119 883 388 944; x_wconf 70' lang='lat' dir='ltr'>praefec‘tum</span> <span class='ocrx_word' id='word_1_98' title='bbox 412 885 734 949; x_wconf 78' lang='lat' dir='ltr'>prohibentem</span> <span class='ocrx_word' id='word_1_99' title='bbox 750 902 857 932; x_wconf 79' lang='lat' dir='ltr'>cum</span> <span class='ocrx_word' id='word_1_100' title='bbox 876 885 1090 932; x_wconf 82' lang='lat' dir='ltr'>omnibus</span> <span class='ocrx_word' id='word_1_101' title='bbox 1114 885 1262 948; x_wconf 83' lang='lat' dir='ltr'>copiis</span> <span class='ocrx_word' id='word_1_102' title='bbox 1285 886 1512 949; x_wconf 83' lang='lat' dir='ltr'>oppidum</span> <span class='ocrx_word' id='word_1_103' title='bbox 1536 889 1716 951; x_wconf 79' lang='lat' dir='ltr'><strong>ingredi</strong></span> <span class='ocrx_word' id='word_1_104' title='bbox 1745 891 1896 953; x_wconf 75' lang='lat' dir='ltr'>(quod</span> 
     </span>
     <span class='ocr_line' id='line_1_13' title="bbox 117 947 1892 1012; baseline 0.005 -19"><span class='ocrx_word' id='word_1_105' title='bbox 117 947 247 995; x_wconf 65' lang='lat' dir='ltr'>{ciret</span> <span class='ocrx_word' id='word_1_106' title='bbox 265 966 342 996; x_wconf 87' lang='lat' dir='ltr'>eos</span> <span class='ocrx_word' id='word_1_107' title='bbox 370 966 412 996; x_wconf 65' lang='lat' dir='ltr'>‘a</span> <span class='ocrx_word' id='word_1_108' title='bbox 433 950 670 1012; x_wconf 78' lang='lat' dir='ltr'>praedandi</span> <span class='ocrx_word' id='word_1_109' title='bbox 691 950 877 996; x_wconf 85' lang='lat' dir='ltr'>licentia</span> <span class='ocrx_word' id='word_1_110' title='bbox 901 967 989 996; x_wconf 87' lang='lat' dir='ltr'>non</span> <span class='ocrx_word' id='word_1_111' title='bbox 1006 952 1126 1012; x_wconf 80' lang='lat' dir='ltr'>poffe</span> <span class='ocrx_word' id='word_1_112' title='bbox 1149 949 1397 1011; x_wconf 81' lang='lat' dir='ltr'>contineri)</span> <span class='ocrx_word' id='word_1_113' title='bbox 1426 968 1515 1002; x_wconf 84' lang='lat' dir='ltr'>una</span> <span class='ocrx_word' id='word_1_114' title='bbox 1552 969 1660 1003; x_wconf 86' lang='lat' dir='ltr'>curn</span> <span class='ocrx_word' id='word_1_115' title='bbox 1684 954 1796 1008; x_wconf 83' lang='lat' dir='ltr'>filio,</span> <span class='ocrx_word' id='word_1_116' title='bbox 1840 958 1892 1003; x_wconf 83' lang='lat'>&amp;-</span> 
     </span>
     <span class='ocr_line' id='line_1_14' title="bbox 118 1012 1898 1081; baseline 0.004 -23"><span class='ocrx_word' id='word_1_117' title='bbox 118 1012 296 1059; x_wconf 84' lang='lat' dir='ltr'>civibus</span> <span class='ocrx_word' id='word_1_118' title='bbox 321 1014 517 1077; x_wconf 76' lang='lat' dir='ltr'>aliquot,</span> <span class='ocrx_word' id='word_1_119' title='bbox 560 1014 641 1078; x_wconf 80' lang='lat' dir='ltr'>qui</span> <span class='ocrx_word' id='word_1_120' title='bbox 675 1014 715 1060; x_wconf 88' lang='lat' dir='ltr'>se</span> <span class='ocrx_word' id='word_1_121' title='bbox 738 1016 796 1061; x_wconf 89' lang='lat' dir='ltr'>ad</span> <span class='ocrx_word' id='word_1_122' title='bbox 815 1031 892 1062; x_wconf 87' lang='lat' dir='ltr'>eos</span> <span class='ocrx_word' id='word_1_123' title='bbox 927 1015 1259 1081; x_wconf 80' lang='lat' dir='ltr'>aggregabant,</span> <span class='ocrx_word' id='word_1_124' title='bbox 1288 1018 1358 1079; x_wconf 82' lang='lat'>(4)</span> <span class='ocrx_word' id='word_1_125' title='bbox 1386 1016 1518 1064; x_wconf 89' lang='lat' dir='ltr'>Galli</span> <span class='ocrx_word' id='word_1_126' title='bbox 1536 1017 1705 1079; x_wconf 59' lang='lat' dir='ltr'>milites</span> <span class='ocrx_word' id='word_1_127' title='bbox 1727 1018 1898 1066; x_wconf 85' lang='lat' dir='ltr'>intere·</span> 
     </span>
     <span class='ocr_line' id='line_1_15' title="bbox 118 1093 313 1125; baseline 0.015 -3"><span class='ocrx_word' id='word_1_128' title='bbox 118 1093 313 1125; x_wconf 75' lang='lat' dir='ltr'>inerunt.</span> 
     </span>
    </p>

    <p class='ocr_par' dir='ltr' id='par_1_3' title="bbox 120 1143 1912 2306">
     <span class='ocr_line' id='line_1_16' title="bbox 185 1143 1902 1208; baseline 0.002 -18"><span class='ocrx_word' id='word_1_129' title='bbox 185 1144 312 1190; x_wconf 85' lang='lat' dir='ltr'>LXI.</span> <span class='ocrx_word' id='word_1_130' title='bbox 348 1143 523 1191; x_wconf 78' lang='lat' dir='ltr'>Deffius</span> <span class='ocrx_word' id='word_1_131' title='bbox 545 1145 735 1199; x_wconf 84' lang='lat' dir='ltr'>interea,</span> <span class='ocrx_word' id='word_1_132' title='bbox 761 1161 816 1190; x_wconf 87' lang='lat' dir='ltr'>ne</span> <span class='ocrx_word' id='word_1_133' title='bbox 831 1144 991 1191; x_wconf 83' lang='lat' dir='ltr'>seditio</span> <span class='ocrx_word' id='word_1_134' title='bbox 1014 1144 1236 1208; x_wconf 75' lang='lat' dir='ltr'><strong>glisceret,</strong></span> <span class='ocrx_word' id='word_1_135' title='bbox 1261 1146 1389 1193; x_wconf 64' lang='lat' dir='ltr'>simul</span> <span class='ocrx_word' id='word_1_136' title='bbox 1429 1163 1486 1193; x_wconf 77' lang='lat' dir='ltr'>ex</span> <span class='ocrx_word' id='word_1_137' title='bbox 1507 1146 1640 1194; x_wconf 87' lang='lat' dir='ltr'>rebus</span> <span class='ocrx_word' id='word_1_138' title='bbox 1664 1146 1780 1195; x_wconf 88' lang='lat' dir='ltr'>bene</span> <span class='ocrx_word' id='word_1_139' title='bbox 1803 1143 1902 1194; x_wconf 63' lang='lat' dir='ltr'>sucss</span> 
     </span>
     <span class='ocr_line' id='line_1_17' title="bbox 121 1208 1898 1274; baseline 0.003 -22"><span class='ocrx_word' id='word_1_140' title='bbox 121 1208 392 1256; x_wconf 78' lang='lat' dir='ltr'>cedentibus</span> <span class='ocrx_word' id='word_1_141' title='bbox 415 1224 537 1256; x_wconf 84' lang='lat' dir='ltr'>ratus</span> <span class='ocrx_word' id='word_1_142' title='bbox 559 1210 730 1256; x_wconf 86' lang='lat' dir='ltr'>hostem</span> <span class='ocrx_word' id='word_1_143' title='bbox 754 1209 1139 1274; x_wconf 73' lang='lat' dir='ltr'>negligentiorem</span> <span class='ocrx_word' id='word_1_144' title='bbox 1179 1209 1347 1256; x_wconf 62' lang='lat' dir='ltr'>factum</span> <span class='ocrx_word' id='word_1_145' title='bbox 1374 1211 1524 1259; x_wconf 84' lang='lat' dir='ltr'>statuit</span> <span class='ocrx_word' id='word_1_146' title='bbox 1550 1224 1741 1266; x_wconf 80' lang='lat' dir='ltr'>tent-are,</span> <span class='ocrx_word' id='word_1_147' title='bbox 1786 1229 1898 1260; x_wconf 89' lang='lat' dir='ltr'>num</span> 
     </span>
     <span class='ocr_line' id='line_1_18' title="bbox 121 1273 1906 1339; baseline 0.003 -22"><span class='ocrx_word' id='word_1_148' title='bbox 121 1288 178 1317; x_wconf 81' lang='lat' dir='ltr'>ex</span> <span class='ocrx_word' id='word_1_149' title='bbox 196 1273 435 1336; x_wconf 84' lang='lat' dir='ltr'>inopinato</span> <span class='ocrx_word' id='word_1_150' title='bbox 451 1274 689 1320; x_wconf 86' lang='lat' dir='ltr'>Hadinam</span> <span class='ocrx_word' id='word_1_151' title='bbox 713 1274 988 1337; x_wconf 83' lang='lat' dir='ltr'>intercipere</span> <span class='ocrx_word' id='word_1_152' title='bbox 1006 1275 1162 1336; x_wconf 69' lang='lat' dir='ltr'>posset.</span> <span class='ocrx_word' id='word_1_153' title='bbox 1209 1276 1279 1339; x_wconf 82' lang='grc' dir='ltr'>(ς)</span> <span class='ocrx_word' id='word_1_154' title='bbox 1313 1277 1379 1323; x_wconf 85' lang='lat' dir='ltr'>Ea</span> <span class='ocrx_word' id='word_1_155' title='bbox 1403 1287 1497 1322; x_wconf 88' lang='lat' dir='ltr'>tota</span> <span class='ocrx_word' id='word_1_156' title='bbox 1527 1276 1619 1323; x_wconf 88' lang='lat' dir='ltr'>fere</span> <span class='ocrx_word' id='word_1_157' title='bbox 1643 1279 1774 1324; x_wconf 55' lang='lat' dir='ltr'>nocie</span> <span class='ocrx_word' id='word_1_158' title='bbox 1796 1292 1906 1339; x_wconf 53' lang='lat' dir='ltr'>prof,-</span> 
     </span>
     <span class='ocr_line' id='line_1_19' title="bbox 120 1333 1905 1404; baseline 0.003 -21"><span class='ocrx_word' id='word_1_159' title='bbox 120 1333 265 1385; x_wconf 67' lang='lat' dir='ltr'>feEtus</span> <span class='ocrx_word' id='word_1_160' title='bbox 279 1338 545 1402; x_wconf 82' lang='lat' dir='ltr'>primaluce</span> <span class='ocrx_word' id='word_1_161' title='bbox 559 1338 780 1404; x_wconf 81' lang='lat' dir='ltr'>vigilibus</span> <span class='ocrx_word' id='word_1_162' title='bbox 793 1339 951 1386; x_wconf 79' lang='lat' dir='ltr'>occisis</span> <span class='ocrx_word' id='word_1_163' title='bbox 971 1340 1026 1384; x_wconf 90' lang='lat' dir='ltr'>ad</span> <span class='ocrx_word' id='word_1_164' title='bbox 1047 1355 1199 1385; x_wconf 84' lang='lat' dir='ltr'>muros</span> <span class='ocrx_word' id='word_1_165' title='bbox 1222 1339 1365 1394; x_wconf 85' lang='lat' dir='ltr'>venit,</span> <span class='ocrx_word' id='word_1_166' title='bbox 1388 1344 1440 1386; x_wconf 87' lang='lat' dir='ltr'>ac</span> <span class='ocrx_word' id='word_1_167' title='bbox 1459 1341 1762 1396; x_wconf 85' lang='lat' dir='ltr'>munimento,</span> <span class='ocrx_word' id='word_1_168' title='bbox 1776 1341 1905 1404; x_wconf 74' lang='lat' dir='ltr'>quod</span> 
     </span>
     <span class='ocr_line' id='line_1_20' title="bbox 122 1402 1904 1469; baseline 0.003 -21"><span class='ocrx_word' id='word_1_169' title='bbox 122 1415 228 1448; x_wconf 85' lang='lat' dir='ltr'>ante</span> <span class='ocrx_word' id='word_1_170' title='bbox 267 1415 446 1465; x_wconf 87' lang='lat' dir='ltr'>portam</span> <span class='ocrx_word' id='word_1_171' title='bbox 485 1416 580 1451; x_wconf 87' lang='lat' dir='ltr'>erat</span> <span class='ocrx_word' id='word_1_172' title='bbox 652 1405 876 1466; x_wconf 79' lang='lat' dir='ltr'>oppreffo‚</span> <span class='ocrx_word' id='word_1_173' title='bbox 912 1402 1128 1466; x_wconf 69' lang='lat' dir='ltr'>caesisque</span> <span class='ocrx_word' id='word_1_174' title='bbox 1165 1403 1527 1461; x_wconf 79' lang='lat' dir='ltr'>excubitoribus,</span> <span class='ocrx_word' id='word_1_175' title='bbox 1589 1405 1666 1453; x_wconf 86' lang='lat' dir='ltr'>alii</span> <span class='ocrx_word' id='word_1_176' title='bbox 1725 1419 1904 1469; x_wconf 88' lang='lat' dir='ltr'>portam</span> 
     </span>
     <span class='ocr_line' id='line_1_21' title="bbox 122 1467 1908 1531; baseline 0.003 -20"><span class='ocrx_word' id='word_1_177' title='bbox 122 1467 366 1530; x_wconf 75' lang='lat' dir='ltr'>effringere</span> <span class='ocrx_word' id='word_1_178' title='bbox 390 1480 627 1515; x_wconf 85' lang='lat' dir='ltr'>conantur.</span> <span class='ocrx_word' id='word_1_179' title='bbox 657 1469 728 1530; x_wconf 79' lang='lat'>(6)</span> <span class='ocrx_word' id='word_1_180' title='bbox 752 1470 933 1516; x_wconf 87' lang='lat' dir='ltr'>Horrea</span> <span class='ocrx_word' id='word_1_181' title='bbox 955 1469 1025 1531; x_wconf 92' lang='lat'>(7)</span> <span class='ocrx_word' id='word_1_182' title='bbox 1055 1469 1314 1531; x_wconf 85' lang='lat' dir='ltr'>Anglorum</span> <span class='ocrx_word' id='word_1_183' title='bbox 1341 1469 1551 1531; x_wconf 81' lang='lat' dir='ltr'>proxima</span> <span class='ocrx_word' id='word_1_184' title='bbox 1568 1470 1806 1518; x_wconf 84' lang='lat' dir='ltr'>invadunt.</span> <span class='ocrx_word' id='word_1_185' title='bbox 1832 1469 1908 1517; x_wconf 83' lang='lat' dir='ltr'>lbi</span> 
     </span>
     <span class='ocr_line' id='line_1_22' title="bbox 125 1532 1906 1600; baseline 0.002 -24"><span class='ocrx_word' id='word_1_186' title='bbox 125 1532 414 1579; x_wconf 84' lang='lat' dir='ltr'>molientium</span> <span class='ocrx_word' id='word_1_187' title='bbox 434 1545 587 1593; x_wconf 85' lang='lat' dir='ltr'>portas</span> <span class='ocrx_word' id='word_1_188' title='bbox 608 1534 776 1596; x_wconf 86' lang='lat' dir='ltr'>fragor,</span> <span class='ocrx_word' id='word_1_189' title='bbox 803 1538 843 1579; x_wconf 87' lang='lat'>&amp;</span> <span class='ocrx_word' id='word_1_190' title='bbox 863 1533 1109 1579; x_wconf 74' lang='lat' dir='ltr'>Gallorum</span> <span class='ocrx_word' id='word_1_191' title='bbox 1128 1532 1335 1579; x_wconf 83' lang='lat' dir='ltr'>alacritas</span> <span class='ocrx_word' id='word_1_192' title='bbox 1356 1534 1593 1583; x_wconf 60' lang='lat' dir='ltr'>victoriam</span> <span class='ocrx_word' id='word_1_193' title='bbox 1612 1536 1906 1600; x_wconf 62' lang='lat' dir='ltr'>ingeminan—</span> 
     </span>
     <span class='ocr_line' id='line_1_23' title="bbox 126 1595 1906 1661; baseline 0.002 -19"><span class='ocrx_word' id='word_1_194' title='bbox 126 1595 240 1642; x_wconf 83' lang='lat' dir='ltr'>tium</span> <span class='ocrx_word' id='word_1_195' title='bbox 267 1596 347 1643; x_wconf 81' lang='lat' dir='ltr'>vix</span> <span class='ocrx_word' id='word_1_196' title='bbox 365 1599 551 1644; x_wconf 85' lang='lat' dir='ltr'>tandem</span> <span class='ocrx_word' id='word_1_197' title='bbox 575 1597 730 1661; x_wconf 80' lang='lat' dir='ltr'>sopitis</span> <span class='ocrx_word' id='word_1_198' title='bbox 756 1597 922 1660; x_wconf 83' lang='lat' dir='ltr'>Anglis</span> <span class='ocrx_word' id='word_1_199' title='bbox 944 1596 1151 1642; x_wconf 86' lang='lat' dir='ltr'>somnum</span> <span class='ocrx_word' id='word_1_200' title='bbox 1175 1597 1374 1644; x_wconf 74' lang='lat' dir='ltr'>excuflit.</span> <span class='ocrx_word' id='word_1_201' title='bbox 1399 1599 1453 1644; x_wconf 86' lang='lat' dir='ltr'>In</span> <span class='ocrx_word' id='word_1_202' title='bbox 1477 1599 1562 1647; x_wconf 80' lang='lat' dir='ltr'>hac</span> <span class='ocrx_word' id='word_1_203' title='bbox 1584 1601 1783 1647; x_wconf 81' lang='lat' dir='ltr'>maxima</span> <span class='ocrx_word' id='word_1_204' title='bbox 1805 1616 1906 1646; x_wconf 80' lang='lat' dir='ltr'>om-</span> 
     </span>
     <span class='ocr_line' id='line_1_24' title="bbox 123 1660 1908 1726; baseline 0.002 -20"><span class='ocrx_word' id='word_1_205' title='bbox 123 1660 252 1721; x_wconf 83' lang='lat' dir='ltr'>nium</span> <span class='ocrx_word' id='word_1_206' title='bbox 295 1662 600 1726; x_wconf 84' lang='lat' dir='ltr'>trepidatione</span> <span class='ocrx_word' id='word_1_207' title='bbox 640 1663 769 1708; x_wconf 87' lang='lat' dir='ltr'>miles</span> <span class='ocrx_word' id='word_1_208' title='bbox 801 1662 992 1723; x_wconf 86' lang='lat' dir='ltr'>quidam</span> <span class='ocrx_word' id='word_1_209' title='bbox 1036 1660 1260 1707; x_wconf 87' lang='lat' dir='ltr'>machinae</span> <span class='ocrx_word' id='word_1_210' title='bbox 1299 1678 1436 1708; x_wconf 81' lang='lat' dir='ltr'>aeneae</span> <span class='ocrx_word' id='word_1_211' title='bbox 1476 1662 1706 1718; x_wconf 78' lang='lat' dir='ltr'>maximae,</span> <span class='ocrx_word' id='word_1_212' title='bbox 1731 1681 1834 1726; x_wconf 79' lang='lat' dir='ltr'>quae</span> <span class='ocrx_word' id='word_1_213' title='bbox 1855 1663 1908 1710; x_wconf 79' lang='lat' dir='ltr'>in</span> 
     </span>
     <span class='ocr_line' id='line_1_25' title="bbox 124 1724 1906 1790; baseline 0.001 -19"><span class='ocrx_word' id='word_1_214' title='bbox 124 1737 304 1788; x_wconf 86' lang='lat' dir='ltr'>portam</span> <span class='ocrx_word' id='word_1_215' title='bbox 330 1726 447 1773; x_wconf 90' lang='lat' dir='ltr'>forte</span> <span class='ocrx_word' id='word_1_216' title='bbox 487 1728 560 1788; x_wconf 83' lang='lat'>(8)</span> <span class='ocrx_word' id='word_1_217' title='bbox 586 1726 769 1774; x_wconf 82' lang='lat' dir='ltr'>adversa</span> <span class='ocrx_word' id='word_1_218' title='bbox 806 1727 964 1780; x_wconf 86' lang='lat' dir='ltr'>stabat,</span> <span class='ocrx_word' id='word_1_219' title='bbox 989 1725 1144 1789; x_wconf 84' lang='lat' dir='ltr'>ignem</span> <span class='ocrx_word' id='word_1_220' title='bbox 1170 1724 1377 1787; x_wconf 86' lang='lat' dir='ltr'>subjecit,</span> <span class='ocrx_word' id='word_1_221' title='bbox 1405 1726 1521 1773; x_wconf 88' lang='lat' dir='ltr'>utin</span> <span class='ocrx_word' id='word_1_222' title='bbox 1552 1728 1906 1790; x_wconf 43' lang='lat' dir='ltr'>praesenti‘malo</span> 
     </span>
     <span class='ocr_line' id='line_1_26' title="bbox 126 1789 1908 1855; baseline 0.001 -20"><span class='ocrx_word' id='word_1_223' title='bbox 126 1789 266 1836; x_wconf 87' lang='lat' dir='ltr'>etiam</span> <span class='ocrx_word' id='word_1_224' title='bbox 294 1807 460 1854; x_wconf 84' lang='lat' dir='ltr'>anceps</span> <span class='ocrx_word' id='word_1_225' title='bbox 476 1791 729 1839; x_wconf 85' lang='lat' dir='ltr'>remedium</span> <span class='ocrx_word' id='word_1_226' title='bbox 750 1803 964 1838; x_wconf 85' lang='lat' dir='ltr'>tentaret.</span> <span class='ocrx_word' id='word_1_227' title='bbox 1029 1790 1214 1836; x_wconf 90' lang='lat' dir='ltr'>Globus</span> <span class='ocrx_word' id='word_1_228' title='bbox 1228 1790 1453 1852; x_wconf 68' lang='lat' dir='ltr'>perfracta</span> <span class='ocrx_word' id='word_1_229' title='bbox 1472 1805 1619 1855; x_wconf 89' lang='lat' dir='ltr'>porta,</span> <span class='ocrx_word' id='word_1_230' title='bbox 1645 1810 1726 1855; x_wconf 87' lang='lat' dir='ltr'>per</span> <span class='ocrx_word' id='word_1_231' title='bbox 1748 1793 1908 1839; x_wconf 80' lang='lat' dir='ltr'>densos</span> 
     </span>
     <span class='ocr_line' id='line_1_27' title="bbox 128 1855 1910 1918; baseline 0 -17"><span class='ocrx_word' id='word_1_232' title='bbox 128 1856 376 1903; x_wconf 82' lang='lat' dir='ltr'>Gallorum</span> <span class='ocrx_word' id='word_1_233' title='bbox 400 1856 583 1903; x_wconf 89' lang='lat' dir='ltr'>ordines</span> <span class='ocrx_word' id='word_1_234' title='bbox 609 1856 906 1910; x_wconf 83' lang='lat' dir='ltr'>transvolans,</span> <span class='ocrx_word' id='word_1_235' title='bbox 924 1866 1095 1902; x_wconf 87' lang='lat' dir='ltr'>tantam</span> <span class='ocrx_word' id='word_1_236' title='bbox 1119 1855 1310 1918; x_wconf 84' lang='lat' dir='ltr'>stragem</span> <span class='ocrx_word' id='word_1_237' title='bbox 1335 1855 1479 1910; x_wconf 83' lang='lat' dir='ltr'>dedit,</span> <span class='ocrx_word' id='word_1_238' title='bbox 1516 1856 1576 1903; x_wconf 75' lang='lat' dir='ltr'>‘ut</span> <span class='ocrx_word' id='word_1_239' title='bbox 1598 1856 1715 1904; x_wconf 88' lang='lat' dir='ltr'>inter</span> <span class='ocrx_word' id='word_1_240' title='bbox 1733 1858 1910 1903; x_wconf 77' lang='lat' dir='ltr'>vocife-</span> 
     </span>
     <span class='ocr_line' id='line_1_28' title="bbox 127 1918 1912 1983; baseline 0 -15"><span class='ocrx_word' id='word_1_241' title='bbox 127 1920 355 1968; x_wconf 85' lang='lat' dir='ltr'>rationem</span> <span class='ocrx_word' id='word_1_242' title='bbox 376 1920 574 1968; x_wconf 81' lang='lat' dir='ltr'>militum</span> <span class='ocrx_word' id='word_1_243' title='bbox 600 1921 837 1967; x_wconf 67' lang='lat' dir='ltr'>victoriam</span> <span class='ocrx_word' id='word_1_244' title='bbox 857 1919 1206 1983; x_wconf 81' lang='lat' dir='ltr'>gratulantium,</span> <span class='ocrx_word' id='word_1_245' title='bbox 1228 1926 1267 1965; x_wconf 60' lang='grc' dir='ltr'><em>ἃ</em></span> <span class='ocrx_word' id='word_1_246' title='bbox 1293 1918 1537 1966; x_wconf 65' lang='lat' dir='ltr'>fractarum</span> <span class='ocrx_word' id='word_1_247' title='bbox 1563 1922 1794 1969; x_wconf 86' lang='lat' dir='ltr'>valvarum</span> <span class='ocrx_word' id='word_1_248' title='bbox 1820 1922 1912 1968; x_wconf 78' lang='lat' dir='ltr'>fra-</span> 
     </span>
     <span class='ocr_line' id='line_1_29' title="bbox 127 1981 1911 2050; baseline 0.001 -19"><span class='ocrx_word' id='word_1_249' title='bbox 127 2001 290 2048; x_wconf 86' lang='lat' dir='ltr'>gorem</span> <span class='ocrx_word' id='word_1_250' title='bbox 327 1986 502 2032; x_wconf 82' lang='lat' dir='ltr'>clamor</span> <span class='ocrx_word' id='word_1_251' title='bbox 543 1984 743 2032; x_wconf 83' lang='lat' dir='ltr'>diffonus</span> <span class='ocrx_word' id='word_1_252' title='bbox 786 1985 843 2031; x_wconf 89' lang='lat' dir='ltr'>ad</span> <span class='ocrx_word' id='word_1_253' title='bbox 882 1981 1107 2031; x_wconf 82' lang='lat' dir='ltr'>extremos</span> <span class='ocrx_word' id='word_1_254' title='bbox 1149 1984 1422 2045; x_wconf 69' lang='lat' dir='ltr'>perveniret.</span> <span class='ocrx_word' id='word_1_255' title='bbox 1492 1985 1568 2032; x_wconf 91' lang='lat' dir='ltr'>Illi</span> <span class='ocrx_word' id='word_1_256' title='bbox 1592 1986 1911 2050; x_wconf 79' lang='lat' dir='ltr'>trepidationis</span> 
     </span>
     <span class='ocr_line' id='line_1_30' title="bbox 129 2047 1905 2114; baseline 0.002 -18"><span class='ocrx_word' id='word_1_257' title='bbox 129 2049 308 2096; x_wconf 80' lang='lat' dir='ltr'>causam</span> <span class='ocrx_word' id='word_1_258' title='bbox 330 2063 594 2114; x_wconf 71' lang='lat' dir='ltr'>ignorantes</span> <span class='ocrx_word' id='word_1_259' title='bbox 612 2049 660 2097; x_wconf 89' lang='lat' dir='ltr'>in</span> <span class='ocrx_word' id='word_1_260' title='bbox 683 2049 841 2114; x_wconf 86' lang='lat' dir='ltr'>fugam</span> <span class='ocrx_word' id='word_1_261' title='bbox 861 2049 1081 2102; x_wconf 84' lang='lat' dir='ltr'>converfi,</span> <span class='ocrx_word' id='word_1_262' title='bbox 1106 2047 1304 2113; x_wconf 87' lang='lat' dir='ltr'>reliquos</span> <span class='ocrx_word' id='word_1_263' title='bbox 1338 2048 1488 2096; x_wconf 83' lang='lat' dir='ltr'>secum</span> <span class='ocrx_word' id='word_1_264' title='bbox 1513 2055 1759 2098; x_wconf 80' lang='lat' dir='ltr'>traxerunt.</span> <span class='ocrx_word' id='word_1_265' title='bbox 1828 2054 1905 2098; x_wconf 86' lang='lat' dir='ltr'>In·</span> 
     </span>
     <span class='ocr_line' id='line_1_31' title="bbox 134 2112 1911 2177; baseline 0.001 -17"><span class='ocrx_word' id='word_1_266' title='bbox 134 2115 193 2161; x_wconf 87' lang='lat' dir='ltr'>de</span> <span class='ocrx_word' id='word_1_267' title='bbox 230 2114 482 2162; x_wconf 88' lang='lat' dir='ltr'>Gallicum</span> <span class='ocrx_word' id='word_1_268' title='bbox 503 2115 673 2167; x_wconf 83' lang='lat' dir='ltr'>damno</span> <span class='ocrx_word' id='word_1_269' title='bbox 694 2114 877 2177; x_wconf 74' lang='lat' dir='ltr'>repulsi,</span> <span class='ocrx_word' id='word_1_270' title='bbox 897 2112 943 2159; x_wconf 90' lang='lat' dir='ltr'>in</span> <span class='ocrx_word' id='word_1_271' title='bbox 967 2112 1251 2167; x_wconf 86' lang='lat' dir='ltr'>Teviotiam,</span> <span class='ocrx_word' id='word_1_272' title='bbox 1277 2129 1417 2175; x_wconf 87' lang='lat' dir='ltr'>quam</span> <span class='ocrx_word' id='word_1_273' title='bbox 1441 2113 1819 2177; x_wconf 61' lang='lat' dir='ltr'>Angli‘maximis</span> <span class='ocrx_word' id='word_1_274' title='bbox 1844 2116 1911 2162; x_wconf 83' lang='lat' dir='ltr'>af-</span> 
     </span>
     <span class='ocr_line' id='line_1_32' title="bbox 133 2176 1912 2242; baseline 0.002 -17"><span class='ocrx_word' id='word_1_275' title='bbox 133 2178 351 2226; x_wconf 81' lang='lat' dir='ltr'>ficiebant</span> <span class='ocrx_word' id='word_1_276' title='bbox 373 2178 710 2228; x_wconf 83' lang='lat' dir='ltr'>calamitatibus</span> <span class='ocrx_word' id='word_1_277' title='bbox 730 2178 855 2226; x_wconf 64' lang='lat' dir='ltr'>ducti</span> <span class='ocrx_word' id='word_1_278' title='bbox 877 2195 888 2225; x_wconf 92' lang='lat'><strong>:</strong></span> <span class='ocrx_word' id='word_1_279' title='bbox 922 2176 988 2223; x_wconf 91' lang='lat' dir='ltr'>ibi</span> <span class='ocrx_word' id='word_1_280' title='bbox 1008 2177 1273 2241; x_wconf 86' lang='lat' dir='ltr'>praefidente</span> <span class='ocrx_word' id='word_1_281' title='bbox 1295 2177 1467 2232; x_wconf 81' lang='lat' dir='ltr'>Deffio,</span> <span class='ocrx_word' id='word_1_282' title='bbox 1507 2178 1744 2242; x_wconf 86' lang='lat' dir='ltr'>Jedburgo</span> <span class='ocrx_word' id='word_1_283' title='bbox 1767 2179 1912 2228; x_wconf 81' lang='lat' dir='ltr'>hostes</span> 
     </span>
     <span class='ocr_line' id='line_1_33' title="bbox 128 2241 1905 2306; baseline 0.002 -17"><span class='ocrx_word' id='word_1_284' title='bbox 128 2242 324 2306; x_wconf 80' lang='lat' dir='ltr'>repressi.</span> <span class='ocrx_word' id='word_1_285' title='bbox 369 2244 538 2290; x_wconf 77' lang='lat' dir='ltr'>Multae</span> <span class='ocrx_word' id='word_1_286' title='bbox 559 2244 837 2296; x_wconf 84' lang='lat' dir='ltr'>incurfiones</span> <span class='ocrx_word' id='word_1_287' title='bbox 858 2243 905 2289; x_wconf 87' lang='lat' dir='ltr'>in</span> <span class='ocrx_word' id='word_1_288' title='bbox 929 2258 1087 2305; x_wconf 83' lang='lat' dir='ltr'>agrurn</span> <span class='ocrx_word' id='word_1_289' title='bbox 1110 2241 1368 2304; x_wconf 84' lang='lat' dir='ltr'>Anglorum</span> <span class='ocrx_word' id='word_1_290' title='bbox 1394 2257 1486 2288; x_wconf 89' lang='lat' dir='ltr'>non</span> <span class='ocrx_word' id='word_1_291' title='bbox 1503 2244 1592 2289; x_wconf 78' lang='lat' dir='ltr'>fine</span> <span class='ocrx_word' id='word_1_292' title='bbox 1614 2259 1681 2298; x_wconf 80' lang='lat' dir='ltr'>re,</span> <span class='ocrx_word' id='word_1_293' title='bbox 1705 2249 1746 2289; x_wconf 72' lang='grc' dir='ltr'>δι</span> <span class='ocrx_word' id='word_1_294' title='bbox 1769 2245 1905 2292; x_wconf 83' lang='lat' dir='ltr'>laude</span> 
     </span>
    </p>

    <p class='ocr_par' dir='ltr' id='par_1_4' title="bbox 98 2306 1990 2372">
     <span class='ocr_line' id='line_1_34' title="bbox 98 2306 1990 2372; baseline 0.001 -18"><span class='ocrx_word' id='word_1_295' title='bbox 98 2336 110 2345; x_wconf 78' lang='lat'>-</span> <span class='ocrx_word' id='word_1_296' title='bbox 134 2307 280 2355; x_wconf 65' lang='lat' dir='ltr'>factae.</span> <span class='ocrx_word' id='word_1_297' title='bbox 350 2308 563 2356; x_wconf 87' lang='lat' dir='ltr'>Tandem</span> <span class='ocrx_word' id='word_1_298' title='bbox 589 2309 803 2354; x_wconf 87' lang='lat' dir='ltr'>omnibus</span> <span class='ocrx_word' id='word_1_299' title='bbox 825 2306 945 2372; x_wconf 86' lang='lat' dir='ltr'>agris</span> <span class='ocrx_word' id='word_1_300' title='bbox 968 2307 1163 2360; x_wconf 81' lang='lat' dir='ltr'>vastatis,</span> <span class='ocrx_word' id='word_1_301' title='bbox 1187 2306 1394 2352; x_wconf 88' lang='lat' dir='ltr'>omnium</span> <span class='ocrx_word' id='word_1_302' title='bbox 1416 2323 1565 2355; x_wconf 87' lang='lat' dir='ltr'>rerum</span> <span class='ocrx_word' id='word_1_303' title='bbox 1586 2307 1744 2370; x_wconf 84' lang='lat' dir='ltr'>inopia</span> <span class='ocrx_word' id='word_1_304' title='bbox 1765 2310 1819 2355; x_wconf 84' lang='lat' dir='ltr'>ad</span> <span class='ocrx_word' id='word_1_305' title='bbox 1845 2310 1912 2355; x_wconf 78' lang='lat' dir='ltr'>la·</span> <span class='ocrx_word' id='word_1_306' title='bbox 1988 2315 1990 2317; x_wconf 82' lang='grc'><strong>’</strong></span> 
     </span>
    </p>

    <p class='ocr_par' dir='ltr' id='par_1_5' title="bbox 104 2367 1986 2614">
     <span class='ocr_line' id='line_1_35' title="bbox 104 2367 1913 2437; baseline 0.001 -19"><span class='ocrx_word' id='word_1_307' title='bbox 104 2373 268 2433; x_wconf 52' lang='lat' dir='ltr'>*bores</span> <span class='ocrx_word' id='word_1_308' title='bbox 287 2373 584 2437; x_wconf 83' lang='lat' dir='ltr'>quotidianos</span> <span class='ocrx_word' id='word_1_309' title='bbox 606 2367 818 2433; x_wconf 64' lang='lat' dir='ltr'>adjunct&#39;a</span> <span class='ocrx_word' id='word_1_310' title='bbox 840 2373 900 2418; x_wconf 85' lang='lat' dir='ltr'>est</span> <span class='ocrx_word' id='word_1_311' title='bbox 925 2372 1100 2418; x_wconf 88' lang='lat' dir='ltr'>minore</span> <span class='ocrx_word' id='word_1_312' title='bbox 1115 2370 1243 2433; x_wconf 80' lang='lat' dir='ltr'>vulgi</span> <span class='ocrx_word' id='word_1_313' title='bbox 1256 2370 1650 2419; x_wconf 86' lang='lat' dir='ltr'>commiseratione</span> <span class='ocrx_word' id='word_1_314' title='bbox 1668 2373 1729 2418; x_wconf 93' lang='lat' dir='ltr'>ob</span> <span class='ocrx_word' id='word_1_315' title='bbox 1751 2373 1913 2420; x_wconf 87' lang='lat' dir='ltr'>Edim-</span> 
     </span>
     <span class='ocr_line' id='line_1_36' title="bbox 134 2435 1971 2501; baseline 0.001 -19"><span class='ocrx_word' id='word_1_316' title='bbox 134 2437 405 2501; x_wconf 85' lang='lat' dir='ltr'>burgensem</span> <span class='ocrx_word' id='word_1_317' title='bbox 445 2438 714 2485; x_wconf 88' lang='lat' dir='ltr'>seditionem</span> <span class='ocrx_word' id='word_1_318' title='bbox 742 2456 753 2484; x_wconf 89' lang='lat'>:</span> <span class='ocrx_word' id='word_1_319' title='bbox 786 2453 924 2500; x_wconf 89' lang='lat' dir='ltr'>quam</span> <span class='ocrx_word' id='word_1_320' title='bbox 966 2436 1095 2482; x_wconf 90' lang='lat' dir='ltr'>velut</span> <span class='ocrx_word' id='word_1_321' title='bbox 1115 2436 1172 2481; x_wconf 89' lang='lat' dir='ltr'>ad</span> <span class='ocrx_word' id='word_1_322' title='bbox 1196 2435 1483 2497; x_wconf 87' lang='lat' dir='ltr'>tyrannidem</span> <span class='ocrx_word' id='word_1_323' title='bbox 1505 2448 1718 2484; x_wconf 85' lang='lat' dir='ltr'>conatum</span> <span class='ocrx_word' id='word_1_324' title='bbox 1738 2438 1913 2500; x_wconf 79' lang='lat' dir='ltr'>accipi·</span> <span class='ocrx_word' id='word_1_325' title='bbox 1965 2495 1971 2498; x_wconf 21' lang='lat'>²</span> 
     </span>
     <span class='ocr_line' id='line_1_37' title="bbox 136 2499 1986 2567; baseline 0.001 -20"><span class='ocrx_word' id='word_1_326' title='bbox 136 2500 290 2550; x_wconf 80' lang='lat' dir='ltr'>ebant.</span> <span class='ocrx_word' id='word_1_327' title='bbox 360 2504 464 2550; x_wconf 89' lang='lat' dir='ltr'>Nec</span> <span class='ocrx_word' id='word_1_328' title='bbox 484 2503 540 2550; x_wconf 87' lang='lat' dir='ltr'>ab</span> <span class='ocrx_word' id='word_1_329' title='bbox 559 2520 613 2551; x_wconf 93' lang='lat' dir='ltr'>eo</span> <span class='ocrx_word' id='word_1_330' title='bbox 631 2502 705 2549; x_wconf 90' lang='lat' dir='ltr'>die</span> <span class='ocrx_word' id='word_1_331' title='bbox 725 2502 975 2566; x_wconf 86' lang='lat' dir='ltr'>quicquam</span> <span class='ocrx_word' id='word_1_332' title='bbox 999 2518 1024 2561; x_wconf 84' lang='lat' dir='ltr'>a</span> <span class='ocrx_word' id='word_1_333' title='bbox 1046 2499 1198 2547; x_wconf 85' lang='lat' dir='ltr'>Gallis</span> <span class='ocrx_word' id='word_1_334' title='bbox 1221 2500 1444 2549; x_wconf 83' lang='lat' dir='ltr'>memoria</span> <span class='ocrx_word' id='word_1_335' title='bbox 1464 2501 1658 2565; x_wconf 82' lang='lat' dir='ltr'>dignum</span> <span class='ocrx_word' id='word_1_336' title='bbox 1679 2502 1740 2549; x_wconf 87' lang='lat' dir='ltr'>est</span> <span class='ocrx_word' id='word_1_337' title='bbox 1757 2514 1911 2566; x_wconf 75' lang='lat' dir='ltr'>patra·</span> <span class='ocrx_word' id='word_1_338' title='bbox 1984 2564 1986 2567; x_wconf 16' lang='lat' dir='ltr'>v</span> 
     </span>
     <span class='ocr_line' id='line_1_38' title="bbox 137 2574 253 2614; baseline 0 -1"><span class='ocrx_word' id='word_1_339' title='bbox 137 2574 253 2614; x_wconf 85' lang='lat' dir='ltr'>tum.</span> 
     </span>
    </p>

    <p class='ocr_par' dir='ltr' id='par_1_6' title="bbox 131 2621 1989 3142">
     <span class='ocr_line' id='line_1_39' title="bbox 204 2621 1914 2695; baseline 0 -17"><span class='ocrx_word' id='word_1_340' title='bbox 204 2632 358 2678; x_wconf 89' lang='lat' dir='ltr'>LXII.</span> <span class='ocrx_word' id='word_1_341' title='bbox 397 2633 498 2680; x_wconf 79' lang='lat' dir='ltr'>Rex</span> <span class='ocrx_word' id='word_1_342' title='bbox 522 2631 782 2680; x_wconf 83' lang='lat' dir='ltr'>Galliarum</span> <span class='ocrx_word' id='word_1_343' title='bbox 802 2650 858 2679; x_wconf 77' lang='lat' dir='ltr'>ex</span> <span class='ocrx_word' id='word_1_344' title='bbox 881 2621 1109 2695; x_wconf 49' lang='lat' dir='ltr'>Prore&#39;gisss,</span> <span class='ocrx_word' id='word_1_345' title='bbox 1131 2635 1171 2677; x_wconf 64' lang='lat' dir='ltr'>&amp;z</span> <span class='ocrx_word' id='word_1_346' title='bbox 1195 2628 1388 2694; x_wconf 87' lang='lat' dir='ltr'>Reginae</span> <span class='ocrx_word' id='word_1_347' title='bbox 1410 2629 1562 2683; x_wconf 75' lang='lat' dir='ltr'>viduae</span> <span class='ocrx_word' id='word_1_348' title='bbox 1581 2629 1723 2678; x_wconf 90' lang='lat' dir='ltr'>literis</span> <span class='ocrx_word' id='word_1_349' title='bbox 1747 2630 1914 2679; x_wconf 80' lang='lat' dir='ltr'>certior</span> 
     </span>
     <span class='ocr_line' id='line_1_40' title="bbox 141 2694 1989 2760; baseline 0.002 -19"><span class='ocrx_word' id='word_1_350' title='bbox 141 2695 306 2750; x_wconf 54' lang='lat' dir='ltr'>factus,</span> <span class='ocrx_word' id='word_1_351' title='bbox 343 2695 547 2744; x_wconf 84' lang='lat' dir='ltr'>Deffium</span> <span class='ocrx_word' id='word_1_352' title='bbox 583 2697 761 2744; x_wconf 85' lang='lat' dir='ltr'>levibus</span> <span class='ocrx_word' id='word_1_353' title='bbox 800 2695 1195 2760; x_wconf 73' lang='lat' dir='ltr'>expeditionibuS,</span> <span class='ocrx_word' id='word_1_354' title='bbox 1218 2700 1258 2741; x_wconf 90' lang='lat'>&amp;</span> <span class='ocrx_word' id='word_1_355' title='bbox 1282 2694 1425 2742; x_wconf 89' lang='lat' dir='ltr'>ferme</span> <span class='ocrx_word' id='word_1_356' title='bbox 1459 2694 1700 2742; x_wconf 89' lang='lat' dir='ltr'>inutilibus</span> <span class='ocrx_word' id='word_1_357' title='bbox 1725 2711 1919 2760; x_wconf 86' lang='lat' dir='ltr'>magnos</span> <span class='ocrx_word' id='word_1_358' title='bbox 1987 2724 1989 2728; x_wconf 70' lang='lat'>,</span> 
     </span>
     <span class='ocr_line' id='line_1_41' title="bbox 133 2758 1919 2825; baseline -0.001 -16"><span class='ocrx_word' id='word_1_359' title='bbox 133 2760 348 2823; x_wconf 63' lang='lat' dir='ltr'>sumptus</span> <span class='ocrx_word' id='word_1_360' title='bbox 388 2761 555 2816; x_wconf 81' lang='lat' dir='ltr'>facere,</span> <span class='ocrx_word' id='word_1_361' title='bbox 589 2763 943 2825; x_wconf 78' lang='lat' dir='ltr'>gravioremque</span> <span class='ocrx_word' id='word_1_362' title='bbox 965 2777 1070 2808; x_wconf 89' lang='lat' dir='ltr'>eum</span> <span class='ocrx_word' id='word_1_363' title='bbox 1109 2759 1285 2814; x_wconf 82' lang='lat' dir='ltr'>amicis,</span> <span class='ocrx_word' id='word_1_364' title='bbox 1304 2776 1444 2823; x_wconf 87' lang='lat' dir='ltr'>quam</span> <span class='ocrx_word' id='word_1_365' title='bbox 1477 2758 1677 2806; x_wconf 86' lang='lat' dir='ltr'>inimicis</span> <span class='ocrx_word' id='word_1_366' title='bbox 1719 2761 1822 2815; x_wconf 76' lang='lat' dir='ltr'>effe,</span> <span class='ocrx_word' id='word_1_367' title='bbox 1866 2777 1919 2808; x_wconf 81' lang='lat' dir='ltr'>ac</span> 
     </span>
     <span class='ocr_line' id='line_1_42' title="bbox 142 2811 1974 2893; baseline 0.001 -23"><span class='ocrx_word' id='word_1_368' title='bbox 142 2826 376 2888; x_wconf 79' lang='lat' dir='ltr'>praecipue</span> <span class='ocrx_word' id='word_1_369' title='bbox 394 2828 491 2889; x_wconf 87' lang='lat' dir='ltr'>post</span> <span class='ocrx_word' id='word_1_370' title='bbox 509 2811 787 2893; x_wconf 54' lang='lat' dir='ltr'>Edimburgi</span> <span class='ocrx_word' id='word_1_371' title='bbox 802 2825 964 2873; x_wconf 70' lang='lat' dir='ltr'>factam</span> <span class='ocrx_word' id='word_1_372' title='bbox 981 2823 1247 2872; x_wconf 82' lang='lat' dir='ltr'>seditionem</span> <span class='ocrx_word' id='word_1_373' title='bbox 1261 2824 1376 2871; x_wconf 89' lang='lat' dir='ltr'>adeo</span> <span class='ocrx_word' id='word_1_374' title='bbox 1389 2826 1424 2872; x_wconf 95' lang='lat' dir='ltr'><strong>F</strong></span> <span class='ocrx_word' id='word_1_375' title='bbox 1427 2825 1553 2871; x_wconf 86' lang='lat' dir='ltr'>ranei</span> <span class='ocrx_word' id='word_1_376' title='bbox 1564 2823 1723 2871; x_wconf 87' lang='lat' dir='ltr'>militis</span> <span class='ocrx_word' id='word_1_377' title='bbox 1737 2826 1918 2877; x_wconf 64' lang='lat' dir='ltr'>auctam</span> <span class='ocrx_word' id='word_1_378' title='bbox 1968 2822 1974 2827; x_wconf 85' lang='grc'><strong>’</strong></span> 
     </span>
     <span class='ocr_line' id='line_1_43' title="bbox 131 2887 1987 2952; baseline 0.001 -18"><span class='ocrx_word' id='word_1_379' title='bbox 131 2889 458 2952; x_wconf 60' lang='lat' dir='ltr'>insolentiam,</span> <span class='ocrx_word' id='word_1_380' title='bbox 484 2904 534 2938; x_wconf 88' lang='lat' dir='ltr'>ut</span> <span class='ocrx_word' id='word_1_381' title='bbox 555 2908 624 2938; x_wconf 88' lang='lat' dir='ltr'>res</span> <span class='ocrx_word' id='word_1_382' title='bbox 644 2907 736 2939; x_wconf 89' lang='lat' dir='ltr'>non</span> <span class='ocrx_word' id='word_1_383' title='bbox 792 2891 922 2937; x_wconf 88' lang='lat' dir='ltr'>rocul</span> <span class='ocrx_word' id='word_1_384' title='bbox 952 2890 1118 2937; x_wconf 75' lang='lat' dir='ltr'>abesset</span> <span class='ocrx_word' id='word_1_385' title='bbox 1150 2903 1176 2934; x_wconf 88' lang='lat' dir='ltr'>a</span> <span class='ocrx_word' id='word_1_386' title='bbox 1208 2888 1412 2951; x_wconf 70' lang='lat' dir='ltr'>pernicie</span> <span class='ocrx_word' id='word_1_387' title='bbox 1433 2905 1489 2936; x_wconf 84' lang='lat' dir='ltr'>ex</span> <span class='ocrx_word' id='word_1_388' title='bbox 1510 2887 1735 2937; x_wconf 82' lang='lat' dir='ltr'>intestinis</span> <span class='ocrx_word' id='word_1_389' title='bbox 1751 2888 1921 2937; x_wconf 80' lang='lat' dir='ltr'>discor·</span> <span class='ocrx_word' id='word_1_390' title='bbox 1983 2922 1987 2926; x_wconf 90' lang='lat'><em>-</em></span> 
     </span>
     <span class='ocr_line' id='line_1_44' title="bbox 147 2951 1919 3015; baseline 0 -15"><span class='ocrx_word' id='word_1_391' title='bbox 147 2954 253 3002; x_wconf 87' lang='lat' dir='ltr'>diis.</span> <span class='ocrx_word' id='word_1_392' title='bbox 320 2956 390 3002; x_wconf 92' lang='lat' dir='ltr'>Eo</span> <span class='ocrx_word' id='word_1_393' title='bbox 432 2967 646 3004; x_wconf 89' lang='lat' dir='ltr'>revocato</span> <span class='ocrx_word' id='word_1_394' title='bbox 679 2973 734 3003; x_wconf 93' lang='lat' dir='ltr'>au</span> <span class='ocrx_word' id='word_1_395' title='bbox 787 2954 861 3002; x_wconf 89' lang='lat' dir='ltr'>liis</span> <span class='ocrx_word' id='word_1_396' title='bbox 903 2955 1096 3002; x_wconf 86' lang='lat' dir='ltr'>Paulum</span> <span class='ocrx_word' id='word_1_397' title='bbox 1119 2952 1365 3001; x_wconf 85' lang='lat' dir='ltr'>Termium</span> <span class='ocrx_word' id='word_1_398' title='bbox 1394 2953 1545 3001; x_wconf 87' lang='lat' dir='ltr'>virum</span> <span class='ocrx_word' id='word_1_399' title='bbox 1578 2951 1842 3015; x_wconf 74' lang='lat' dir='ltr'>militarem,</span> <span class='ocrx_word' id='word_1_400' title='bbox 1868 2959 1919 3006; x_wconf 66' lang='grc' dir='ltr'>ὃς</span> 
     </span>
     <span class='ocr_line' id='line_1_45' title="bbox 147 3016 1949 3083; baseline -0.001 -19"><span class='ocrx_word' id='word_1_401' title='bbox 147 3017 323 3067; x_wconf 79' lang='lat' dir='ltr'>summa</span> <span class='ocrx_word' id='word_1_402' title='bbox 339 3020 583 3083; x_wconf 87' lang='lat' dir='ltr'>prudentia</span> <span class='ocrx_word' id='word_1_403' title='bbox 603 3021 849 3083; x_wconf 64' lang='lat' dir='ltr'>praeditum</span> <span class='ocrx_word' id='word_1_404' title='bbox 876 3021 947 3083; x_wconf 88' lang='lat'>(9)</span> <span class='ocrx_word' id='word_1_405' title='bbox 963 3018 1130 3071; x_wconf 80' lang='lat' dir='ltr'>Gallus</span> <span class='ocrx_word' id='word_1_406' title='bbox 1143 3033 1250 3065; x_wconf 87' lang='lat' dir='ltr'>cum</span> <span class='ocrx_word' id='word_1_407' title='bbox 1267 3017 1586 3081; x_wconf 78' lang='lat' dir='ltr'>supplemento</span> <span class='ocrx_word' id='word_1_408' title='bbox 1603 3016 1723 3064; x_wconf 83' lang='lat' dir='ltr'>mifit</span> <span class='ocrx_word' id='word_1_409' title='bbox 1743 3017 1792 3065; x_wconf 85' lang='lat' dir='ltr'>in</span> <span class='ocrx_word' id='word_1_410' title='bbox 1811 3020 1922 3066; x_wconf 87' lang='lat' dir='ltr'>Sco·</span> <span class='ocrx_word' id='word_1_411' title='bbox 1947 3058 1949 3063; x_wconf 91' lang='lat'><em>.</em></span> 
     </span>
     <span class='ocr_line' id='line_1_46' title="bbox 148 3081 1974 3142; baseline 0.001 -12"><span class='ocrx_word' id='word_1_412' title='bbox 148 3082 278 3133; x_wconf 85' lang='lat' dir='ltr'>tia-m.</span> <span class='ocrx_word' id='word_1_413' title='bbox 346 3086 389 3132; x_wconf 91' lang='lat' dir='ltr'>Is</span> <span class='ocrx_word' id='word_1_414' title='bbox 412 3087 524 3136; x_wconf 88' lang='lat' dir='ltr'>dum</span> <span class='ocrx_word' id='word_1_415' title='bbox 557 3085 762 3142; x_wconf 74' lang='lat' dir='ltr'>advenit,</span> <span class='ocrx_word' id='word_1_416' title='bbox 802 3084 980 3135; x_wconf 84' lang='lat' dir='ltr'>Deffius</span> <span class='ocrx_word' id='word_1_417' title='bbox 1019 3098 1124 3132; x_wconf 87' lang='lat' dir='ltr'>cum</span> <span class='ocrx_word' id='word_1_418' title='bbox 1147 3083 1205 3130; x_wconf 89' lang='lat' dir='ltr'>ad</span> <span class='ocrx_word' id='word_1_419' title='bbox 1225 3082 1349 3133; x_wconf 82' lang='lat' dir='ltr'>suam</span> <span class='ocrx_word' id='word_1_420' title='bbox 1371 3082 1748 3140; x_wconf 65' lang='lat' dir='ltr'>existimationem</span> <span class='ocrx_word' id='word_1_421' title='bbox 1767 3081 1918 3140; x_wconf 73' lang='lat' dir='ltr'>facere</span> <span class='ocrx_word' id='word_1_422' title='bbox 1971 3108 1974 3111; x_wconf 94' lang='lat'>·</span> 
     </span>
    </p>
   </div>
   <div class='ocr_carea' id='block_1_3' title="bbox 136 3202 1935 3431">
    <p class='ocr_par' dir='ltr' id='par_1_7' title="bbox 136 3202 1728 3323">
     <span class='ocr_line' id='line_1_47' title="bbox 203 3202 1728 3268; baseline -0.001 -14"><span class='ocrx_word' id='word_1_423' title='bbox 203 3216 269 3268; x_wconf 90' lang='lat'>(1)</span> <span class='ocrx_word' id='word_1_424' title='bbox 298 3217 345 3254; x_wconf 89' lang='grc' dir='ltr'>Μ</span> <span class='ocrx_word' id='word_1_425' title='bbox 360 3219 399 3256; x_wconf 66' lang='lat' dir='ltr'>S:</span> <span class='ocrx_word' id='word_1_426' title='bbox 429 3202 600 3267; x_wconf 44' lang='lat' dir='ltr'>Angli&amp;</span> <span class='ocrx_word' id='word_1_427' title='bbox 657 3228 660 3232; x_wconf 73' lang='grc'>’</span> <span class='ocrx_word' id='word_1_428' title='bbox 1063 3214 1175 3254; x_wconf 84' lang='lat' dir='ltr'>other</span> <span class='ocrx_word' id='word_1_429' title='bbox 1189 3212 1484 3253; x_wconf 71' lang='lat' dir='ltr'>inhabitanteof</span> <span class='ocrx_word' id='word_1_430' title='bbox 1495 3210 1728 3265; x_wconf 73' lang='lat' dir='ltr'>Edinburgh.</span> 
     </span>
     <span class='ocr_line' id='line_1_48' title="bbox 136 3267 1398 3323; baseline 0 -16"><span class='ocrx_word' id='word_1_431' title='bbox 136 3322 141 3323; x_wconf 23' lang='lat'><em>⁷</em></span> <span class='ocrx_word' id='word_1_432' title='bbox 201 3272 266 3321; x_wconf 86' lang='lat'>(2)</span> <span class='ocrx_word' id='word_1_433' title='bbox 294 3271 341 3308; x_wconf 92' lang='lat' dir='ltr'>M</span> <span class='ocrx_word' id='word_1_434' title='bbox 355 3273 393 3308; x_wconf 87' lang='lat' dir='ltr'>S.</span> <span class='ocrx_word' id='word_1_435' title='bbox 422 3272 570 3320; x_wconf 84' lang='lat' dir='ltr'>cuique.</span> <span class='ocrx_word' id='word_1_436' title='bbox 1120 3267 1137 3317; x_wconf 89' lang='lat'>(</span> <span class='ocrx_word' id='word_1_437' title='bbox 1169 3269 1187 3319; x_wconf 95' lang='lat'><em>)</em></span> <span class='ocrx_word' id='word_1_438' title='bbox 1216 3268 1264 3305; x_wconf 93' lang='lat' dir='ltr'>M</span> <span class='ocrx_word' id='word_1_439' title='bbox 1277 3267 1398 3321; x_wconf 19' lang='lat' dir='ltr'>s.⁴e&lt;*&gt;.</span> 
     </span>
    </p>

    <p class='ocr_par' dir='ltr' id='par_1_8' title="bbox 150 3283 1935 3431">
     <span class='ocr_line' id='line_1_49' title="bbox 206 3283 1933 3374; baseline -0.003 -11"><span class='ocrx_word' id='word_1_440' title='bbox 206 3322 271 3372; x_wconf 85' lang='lat'>(3)</span> <span class='ocrx_word' id='word_1_441' title='bbox 300 3323 478 3363; x_wconf 86' lang='lat' dir='ltr'>William</span> <span class='ocrx_word' id='word_1_442' title='bbox 490 3325 706 3372; x_wconf 84' lang='lat' dir='ltr'>Hamilton,</span> <span class='ocrx_word' id='word_1_443' title='bbox 721 3324 814 3363; x_wconf 79' lang='lat' dir='ltr'>laird</span> <span class='ocrx_word' id='word_1_444' title='bbox 829 3324 1014 3366; x_wconf 66' lang='lat' dir='ltr'>ofStane-</span> <span class='ocrx_word' id='word_1_445' title='bbox 1120 3283 1184 3372; x_wconf 64' lang='grc' dir='ltr'>(ἒ)</span> <span class='ocrx_word' id='word_1_446' title='bbox 1197 3322 1243 3359; x_wconf 92' lang='grc' dir='ltr'><strong>Μ</strong></span> <span class='ocrx_word' id='word_1_447' title='bbox 1255 3321 1375 3374; x_wconf 66' lang='lat' dir='ltr'>S.1alii</span> <span class='ocrx_word' id='word_1_448' title='bbox 1391 3336 1404 3371; x_wconf 82' lang='lat'>3</span> <span class='ocrx_word' id='word_1_449' title='bbox 1420 3321 1485 3359; x_wconf 82' lang='lat' dir='ltr'>but</span> <span class='ocrx_word' id='word_1_450' title='bbox 1497 3334 1543 3358; x_wconf 88' lang='lat' dir='ltr'>an</span> <span class='ocrx_word' id='word_1_451' title='bbox 1559 3319 1684 3371; x_wconf 79' lang='lat' dir='ltr'>ellipse</span> <span class='ocrx_word' id='word_1_452' title='bbox 1693 3319 1821 3366; x_wconf 82' lang='lat' dir='ltr'>ofalii,</span> <span class='ocrx_word' id='word_1_453' title='bbox 1837 3316 1933 3362; x_wconf 60' lang='lat' dir='ltr'>asos</span> 
     </span>
     <span class='ocr_line' id='line_1_50' title="bbox 150 3371 1935 3431; baseline -0.002 -19"><span class='ocrx_word' id='word_1_454' title='bbox 150 3374 278 3414; x_wconf 82' lang='lat' dir='ltr'>house.</span> <span class='ocrx_word' id='word_1_455' title='bbox 1067 3389 1148 3427; x_wconf 86' lang='lat' dir='ltr'>pars</span> <span class='ocrx_word' id='word_1_456' title='bbox 1166 3376 1236 3431; x_wconf 81' lang='lat' dir='ltr'>and</span> <span class='ocrx_word' id='word_1_457' title='bbox 1251 3375 1403 3426; x_wconf 84' lang='lat' dir='ltr'>partim,</span> <span class='ocrx_word' id='word_1_458' title='bbox 1420 3374 1456 3413; x_wconf 83' lang='lat' dir='ltr'>is</span> <span class='ocrx_word' id='word_1_459' title='bbox 1468 3385 1644 3418; x_wconf 76' lang='lat' dir='ltr'>common</span> <span class='ocrx_word' id='word_1_460' title='bbox 1661 3373 1834 3421; x_wconf 68' lang='lat' dir='ltr'>withthe</span> <span class='ocrx_word' id='word_1_461' title='bbox 1849 3371 1935 3415; x_wconf 61' lang='lat' dir='ltr'>bestt⁴</span> 
     </span>
    </p>
   </div>
   <div class='ocr_carea' id='block_1_4' title="bbox 112 3425 1879 3642">
    <p class='ocr_par' dir='ltr' id='par_1_9' title="bbox 112 3425 1879 3642">
     <span class='ocr_line' id='line_1_51' title="bbox 208 3425 1227 3476; baseline -0.008 0"><span class='ocrx_word' id='word_1_462' title='bbox 208 3425 272 3476; x_wconf 73' lang='lat'>(4)</span> <span class='ocrx_word' id='word_1_463' title='bbox 299 3431 374 3468; x_wconf 86' lang='lat' dir='ltr'>H&#39;ae</span> <span class='ocrx_word' id='word_1_464' title='bbox 392 3432 463 3469; x_wconf 87' lang='lat' dir='ltr'>duo</span> <span class='ocrx_word' id='word_1_465' title='bbox 480 3445 588 3470; x_wconf 84' lang='lat' dir='ltr'>voces</span> <span class='ocrx_word' id='word_1_466' title='bbox 605 3431 736 3470; x_wconf 85' lang='lat' dir='ltr'>absunt</span> <span class='ocrx_word' id='word_1_467' title='bbox 749 3445 769 3469; x_wconf 86' lang='lat' dir='ltr'>a</span> <span class='ocrx_word' id='word_1_468' title='bbox 787 3431 835 3468; x_wconf 90' lang='lat' dir='ltr'>M</span> <span class='ocrx_word' id='word_1_469' title='bbox 848 3433 889 3470; x_wconf 86' lang='lat' dir='ltr'>S.</span> <span class='ocrx_word' id='word_1_470' title='bbox 930 3431 1014 3469; x_wconf 81' lang='lat' dir='ltr'>tho’</span> <span class='ocrx_word' id='word_1_471' title='bbox 1054 3428 1227 3468; x_wconf 79' lang='lat' dir='ltr'>·writers.</span> 
     </span>
     <span class='ocr_line' id='line_1_52' title="bbox 112 3477 1879 3536; baseline 0.002 -18"><span class='ocrx_word' id='word_1_472' title='bbox 112 3482 115 3483; x_wconf 48' lang='lat'><em>⁷</em></span> <span class='ocrx_word' id='word_1_473' title='bbox 148 3480 316 3519; x_wconf 87' lang='lat' dir='ltr'>without</span> <span class='ocrx_word' id='word_1_474' title='bbox 333 3482 440 3520; x_wconf 85' lang='lat' dir='ltr'>them</span> <span class='ocrx_word' id='word_1_475' title='bbox 466 3484 497 3521; x_wconf 87' lang='lat' dir='ltr'>it</span> <span class='ocrx_word' id='word_1_476' title='bbox 525 3485 651 3533; x_wconf 74' lang='lat' dir='ltr'>might</span> <span class='ocrx_word' id='word_1_477' title='bbox 679 3493 746 3523; x_wconf 86' lang='lat' dir='ltr'>not</span> <span class='ocrx_word' id='word_1_478' title='bbox 777 3485 824 3522; x_wconf 87' lang='lat' dir='ltr'>be</span> <span class='ocrx_word' id='word_1_479' title='bbox 856 3484 962 3536; x_wconf 82' lang='lat' dir='ltr'>quite</span> <span class='ocrx_word' id='word_1_480' title='bbox 978 3484 1016 3523; x_wconf 83' lang='lat' dir='ltr'>so</span> <span class='ocrx_word' id='word_1_481' title='bbox 1087 3496 1091 3501; x_wconf 92' lang='lat'>·</span> <span class='ocrx_word' id='word_1_482' title='bbox 1108 3481 1191 3533; x_wconf 72' lang='lat'>(7)</span> <span class='ocrx_word' id='word_1_483' title='bbox 1210 3483 1368 3529; x_wconf 65' lang='lat' dir='ltr'>Horrea,</span> <span class='ocrx_word' id='word_1_484' title='bbox 1387 3482 1415 3521; x_wconf 83' lang='lat' dir='ltr'>i.</span> <span class='ocrx_word' id='word_1_485' title='bbox 1435 3495 1473 3520; x_wconf 82' lang='lat' dir='ltr'>e.</span> <span class='ocrx_word' id='word_1_486' title='bbox 1497 3482 1584 3521; x_wconf 84' lang='lat' dir='ltr'>beer</span> <span class='ocrx_word' id='word_1_487' title='bbox 1597 3494 1644 3521; x_wconf 86' lang='lat' dir='ltr'>or</span> <span class='ocrx_word' id='word_1_488' title='bbox 1658 3481 1717 3527; x_wconf 62' lang='lat' dir='ltr'>ale</span> <span class='ocrx_word' id='word_1_489' title='bbox 1732 3477 1879 3523; x_wconf 51' lang='lat' dir='ltr'>cerum·</span> 
     </span>
     <span class='ocr_line' id='line_1_53' title="bbox 152 3533 1377 3588; baseline 0.002 -17"><span class='ocrx_word' id='word_1_490' title='bbox 152 3535 253 3577; x_wconf 72' lang='lat' dir='ltr'>clear</span> <span class='ocrx_word' id='word_1_491' title='bbox 269 3533 443 3572; x_wconf 87' lang='lat' dir='ltr'>whether</span> <span class='ocrx_word' id='word_1_492' title='bbox 463 3537 529 3574; x_wconf 89' lang='lat' dir='ltr'>the</span> <span class='ocrx_word' id='word_1_493' title='bbox 542 3539 645 3576; x_wconf 85' lang='lat' dir='ltr'>Scots</span> <span class='ocrx_word' id='word_1_494' title='bbox 663 3538 874 3588; x_wconf 78' lang='lat' dir='ltr'>returning,</span> <span class='ocrx_word' id='word_1_495' title='bbox 891 3551 932 3576; x_wconf 88' lang='lat' dir='ltr'>or</span> <span class='ocrx_word' id='word_1_496' title='bbox 948 3537 1016 3575; x_wconf 89' lang='lat' dir='ltr'>the</span> <span class='ocrx_word' id='word_1_497' title='bbox 1102 3563 1105 3567; x_wconf 64' lang='grc'><em>»</em></span> <span class='ocrx_word' id='word_1_498' title='bbox 1124 3537 1189 3586; x_wconf 82' lang='grc'>(8)</span> <span class='ocrx_word' id='word_1_499' title='bbox 1215 3535 1377 3574; x_wconf 81' lang='lat' dir='ltr'>obversa.</span> 
     </span>
     <span class='ocr_line' id='line_1_54' title="bbox 151 3585 1672 3642; baseline 0.003 -17"><span class='ocrx_word' id='word_1_500' title='bbox 151 3586 536 3640; x_wconf 54' lang='lat' dir='ltr'>Frenchaetreating,</span> <span class='ocrx_word' id='word_1_501' title='bbox 573 3590 657 3630; x_wconf 82' lang='lat' dir='ltr'>ssew</span> <span class='ocrx_word' id='word_1_502' title='bbox 692 3591 758 3631; x_wconf 83' lang='lat' dir='ltr'>the</span> <span class='ocrx_word' id='word_1_503' title='bbox 785 3592 928 3642; x_wconf 84' lang='lat' dir='ltr'>provost</span> <span class='ocrx_word' id='word_1_504' title='bbox 945 3593 1016 3631; x_wconf 83' lang='lat' dir='ltr'>and</span> <span class='ocrx_word' id='word_1_505' title='bbox 1125 3590 1208 3642; x_wconf 15' lang='lat'>(9),</span> <span class='ocrx_word' id='word_1_506' title='bbox 1225 3588 1341 3629; x_wconf 81' lang='lat' dir='ltr'>Abest</span> <span class='ocrx_word' id='word_1_507' title='bbox 1360 3589 1497 3629; x_wconf 78' lang='lat' dir='ltr'>Gallus</span> <span class='ocrx_word' id='word_1_508' title='bbox 1531 3600 1552 3626; x_wconf 88' lang='lat' dir='ltr'>a</span> <span class='ocrx_word' id='word_1_509' title='bbox 1569 3585 1617 3624; x_wconf 87' lang='lat' dir='ltr'><strong>M</strong></span> <span class='ocrx_word' id='word_1_510' title='bbox 1630 3585 1672 3629; x_wconf 61' lang='lat' dir='ltr'>Su</span> 
     </span>
    </p>
   </div>
   <div class='ocr_carea' id='block_1_5' title="bbox 1806 3683 1943 3742">
    <p class='ocr_par' dir='ltr' id='par_1_10' title="bbox 1806 3683 1943 3742">
     <span class='ocr_line' id='line_1_55' title="bbox 1806 3683 1943 3742; baseline -0.022 0"><span class='ocrx_word' id='word_1_511' title='bbox 1806 3683 1943 3742; x_wconf 46' lang='lat' dir='ltr'>arbit.</span> 
     </span>
    </p>
   </div>
  </div>
 </body>
</html>
