2055 3828
229 125 363 214 284
444 162 486 170 —
562 131 921 196 RERUM
1011 122 1702 198 SCOTICARUM
1861 138 1932 156 '·
2032 142 2040 162 ·

297 230 405 277 XL.
433 230 539 277 Hoc
562 230 606 275 in
631 230 741 277 statu
765 226 956 275 Iacobus
971 226 1144 289 primus
1170 228 1270 274 cum
1295 227 1342 275 in
1368 229 1520 276 Scotia
1541 247 1634 279 rem
1655 233 1997 284 ecclesiasticam
2054 278 2055 287 ,

234 293 481 356 reperisset,
504 295 619 340 hanc
657 291 905 354 disciplinae
923 291 1087 338 veteris
1121 292 1419 340 instaurandae
1453 295 1837 358 compendiariam
1874 299 2001 346 viam
2054 295 2055 346 ᾧ

233 357 525 412 existimavit,
561 359 589 402 fi
615 357 698 404 viri
719 357 899 410 boni,&
923 354 1046 402 docti
1069 354 1327 419 sacerdotiis
1350 357 1697 406 honorarentur.
1759 363 1828 410 Ut
1848 378 2004 412 autem
2054 362 2055 368 ’

240 424 574 469 aemulationem
601 421 751 468 literas
774 419 1044 468 discentium
1066 420 1352 480 accenderet,
1431 422 1636 469 raefectos
1699 429 2005 485 ymnaliorum

238 486 491 536 admonuit,
515 499 563 530 ut
577 486 793 549 quoniam
812 485 904 546 ipse
918 486 1035 530 curis
1049 485 1246 547 publicis
1264 439 1511 549 impeditus
1531 439 1730 552 singufos
1751 491 2002 554 cognosce·

235 567 286 598 re
311 567 398 596 non
418 551 575 611 postet,
591 551 779 610 juvenes
811 549 996 602 vii-tute,
1036 554 1075 595 δι
1095 548 1353 597 eruditione
1375 551 1628 614 praestantes
1662 551 1746 598 fibi
1766 567 2007 602 commen·

236 616 414 668 darent,
437 629 552 675 quos
574 614 632 660 ad
655 614 847 661 honores
884 612 1203 660 ecclesiasticos
1223 627 1529 676 promoveret.
1599 613 1694 681 Qi
1730 632 1820 663 non
1856 616 2004 669 solum

234 677 460 733 doctrina,
481 683 527 726 ὅτ
550 679 764 742 exemplo
786 677 910 742 plebi
933 677 1067 725 utiles
1089 677 1172 724 esse
1194 678 1386 741 possent,
1406 677 1492 727 sed,
1505 678 1732 727 tenuiores
1748 680 1887 729 etiam
1913 683 2002 732 suia

234 743 401 802 opibus
413 743 594 803 juvare,
632 749 669 791 &
693 756 1006 806 paupertatem
1044 758 1202 790 eorum
1226 743 1442 791 haetenus
1463 743 1695 791 sublevare
1716 745 1906 817 possent,
1943 764 2010 796 ne-

236 806 358 852 bos-,a
374 806 559 870 ingenia
580 824 662 871 per
681 807 886 870 inopiam
906 818 1177 871 cogerentur
1190 805 1332 854 literis
1346 806 1513 855 reliCtis
1532 808 1589 855 ad
1608 808 1944 858 sordidas'artes
1962 811 2006 861 se

232 870 455 918 conferre.
525 872 594 921 Ut
616 884 767 919 autem
800 871 910 918 boni
942 871 1131 918 alacrius
1153 869 1355 919 animum
1379 873 1439 920 ad
1476 873 1619 923 bonas
1644 886 1759 920 artes
1792 872 2006 923 intende·

236 947 354 990 rent,
380 940 419 982 δι
443 936 600 1000 ignavi
624 953 758 984 unam
783 936 842 984 ad
863 937 1058 983 honores
1078 936 1201 983 viam
1225 952 1305 998 per
1326 936 1539 984 virtutem
1564 937 1648 984 ess'e
1669 935 2008 1002 intelligerent,

234 999 483 1047 studiorum
508 1002 675 1066 gradus
696 999 919 1056 distinxit,
942 1013 990 1048 ut
1008 1000 1208 1057 sciretur,
1242 1000 1322 1063 qui
1341 1001 1508 1064 quibus
1526 1000 1783 1049 sacerdotiis
1802 1003 2005 1065 potiren·
2027 1013 2030 1016 ’

212 1075 325 1112 μῐυτ.
394 1066 544 1128 Quin
585 1066 826 1121 rationem,
865 1066 895 1113 si
916 1065 998 1129 qui
1035 1065 1172 1111 secuti
1196 1064 1313 1120 sunt,
1339 1065 1488 1128 Reges
1526 1064 1783 1120 tenuissent,
1803 1079 1923 1114 certe
1945 1069 2006 1118 ad

232 1128 334 1174 haec
357 1142 562 1192 tempora
585 1143 854 1194 perventum
873 1146 964 1178 non
989 1129 1151 1184 fuisset,
1191 1129 1357 1193 quibus
1396 1145 1480 1176 nec
1500 1130 1699 1194 populus
1721 1130 2005 1182 sacerdotum
2022 1178 2033 1192 ,

233 1193 362 1247 vitia,
386 1210 468 1241 nec
488 1196 734 1243 sacerdotes
756 1195 971 1242 vitiorum
992 1193 1192 1242 remedia
1206 1195 1299 1256 pati
1315 1196 1500 1258 poss'enz.
1569 1194 1672 1241 Nec
1694 1195 1794 1242 Rex
1815 1194 2003 1259 ignora.

234 1257 315 1304 bat
352 1258 582 1307 ecclesiam
601 1260 647 1307 in
684 1258 950 1323 gravissima,
974 1260 1141 1322 quibus
1165 1272 1262 1305 tum
1283 1256 1519 1306 laborabat
1550 1259 1678 1313 vitia,
1702 1259 1764 1307 ob
1785 1258 2004 1308 immodi-

233 1330 333 1369 cam
355 1324 636 1387 opulentiam
659 1323 786 1370 fuisse
802 1324 1055 1388 prolapsam
1078 1342 1089 1371 :
1124 1340 1208 1371 nec
1226 1323 1530 1384 profusionem
1549 1321 1756 1386 pecunia:
1778 1322 1824 1370 in
1845 1340 2004 1377 mona,-

234 1387 374 1435 stcriis
409 1389 626 1442 ditandis,
647 1393 686 1434 ‹Sc
711 1386 867 1435 aerario
887 1386 1197 1435 exhauriendo
1213 1387 1259 1433 in
1283 1387 1585 1450 superioribus
1607 1386 1816 1452 Regibus
1837 1391 2001 1451 proba·

233 1451 303 1499 vit
324 1469 335 1498 t
372 1452 692 1516 Davidem‘que
714 1451 887 1515 alioqui
909 1453 1085 1515 Regem
1108 1451 1335 1515 optimum
1360 1452 1473 1515 saepe
1491 1451 1570 1498 illa
1593 1451 1667 1498 sua
1688 1450 1857 1515 pietate
1875 1454 1998 1501 mul·

237 1529 336 1562 tum
357 1516 384 1562 ὲ
406 1518 561 1564 multis
583 1518 780 1571 laudata,
802 1532 944 1579 regno
962 1516 1227 1563 damnosum
1249 1516 1372 1562 fuisse
1395 1515 1673 1579 praedicabat
1696 1533 1707 1562 :
1742 1515 1835 1578 ipse
1850 1529 2002 1567 tamen

235 1582 360 1626 velut
378 1583 480 1628 aestu
501 1581 700 1644 quodam
725 1580 1061 1627 consuetudinis
1076 1580 1289 1643 abreptus
1308 1595 1400 1626 non
1423 1581 1463 1627 se
1478 1579 1629 1642 potuit
1646 1579 1883 1637 abstinere,
1907 1597 2002 1646 quo

234 1644 386 1690 minus
420 1645 570 1692 ordini
610 1646 908 1691 carthusiano
949 1645 1211 1691 coenobium
1230 1658 1372 1707 prope
1395 1643 1612 1691 Perthum
1635 1643 1878 1693 aedificaret
1904 1664 1914 1692 ε
1949 1649 2001 1697 δε

233 1709 413 1773 magnis
435 1708 728 1773 proventibus
748 1709 1064 1772 locupletaret.
1563 1735 1568 1742 -

302 1775 426 1821 XLI.
463 1776 583 1821 Illud
618 1774 663 1820 in
699 1791 755 1821 eo
779 1773 925 1821 nescio
958 1789 1013 1820 an
1035 1772 1233 1820 maximi:
1253 1772 1339 1821 suit
1368 1771 1706 1827 admirandum,
1730 1771 1859 1836 quod
1879 1771 1999 1823 inter

233 1853 387 1886 rerum
412 1840 712 1886 maximarum
751 1855 898 1892 curas,
935 1855 991 1884 ne
1024 1836 1182 1886 infima
1203 1837 1393 1900 quidem
1430 1837 1505 1886 sua
1544 1836 1786 1901 diligentia
1826 1836 2002 1887 minora

233 1905 470 1966 putaret,e
490 1903 654 1967 quibus
677 1901 832 1966 aliqua
851 1903 896 1950 in
920 1902 1159 1967 publicum
1182 1904 1454 1951 redundaret
1476 1899 1666 1950 utilitas.
1735 1901 1857 1948 Nam
1893 1917 2000 1952 cum

234 1983 318 2029 per
355 1968 520 2015 affidua
556 1963 693 2023 bella,
733 1983 838 2030 quae
874 1969 970 2031 post
1005 1967 1256 2014 Alexandri
1291 1967 1412 2014 tertii
1434 1979 1627 2014 mortem
1649 1981 1793 2031 prope
1815 1979 2001 2017 centurn

235 2029 576 2142 quinq'uaginta
591 2048 732 2078 annos
752 2031 949 2078 Scotiam
974 2043 1287 2087 exercuerunt,
1309 2033 1443 2079 toties
1455 2029 1674 2094 spoliatis,
1693 2042 1829 2094 atque
1843 2030 2024 2093 iacens,

234 2095 289 2142 fis
313 2111 365 2141 ur
399 2095 771 2159 ibus‚juventute
792 2095 850 2142 ad
872 2095 1015 2143 studia
1047 2111 1274 2142 armorum
1298 2096 1527 2150 conversa,
1562 2107 1736 2142 caeterae
1758 2107 1875 2142 artes
1917 2112 1998 2143 ne·

233 2158 538 2223 gligereniur‚
569 2159 753 2223 opifices
773 2159 924 2207 omnis
947 2159 1125 2223 generis
1149 2161 1173 2207 ὲ
1195 2161 1230 2207 F
1235 2160 1408 2207 landria
1428 2159 1647 2223 praemiis,
1670 2164 1709 2205 δι
1732 2158 2004 2208 ὶῐτιιιιιιιιῐῑειὲι

234 2223 358 2284 tibus
381 2225 617 2298 propositis
638 2224 825 2279 excivit,
846 2224 1064 2288 urbesque
1087 2240 1230 2288 prope
1263 2240 1425 2270 vacuas
1446 2223 1592 2287 (quod
1622 2221 1835 2270 nobilitas
1857 2220 2008 2272 veteri

233 2287 440 2336 instituto
462 2307 509 2336 in
528 2287 648 2354 agris
671 2288 712 2336 se
735 2288 1007 2348 contineret)
1032 2289 1121 2336 hoc
1141 2304 1306 2352 genere
1330 2287 1568 2335 hominum
1591 2286 1785 2351 replevit
1807 2306 1816 2334 :
1850 2303 1906 2336 ne
1943 2283 2021 2348 ue'g·

233 2351 430 2414 speciem
455 2367 649 2409 tantum,
673 2357 723 2402 8<
756 2352 1061 2416 frequentiam
1098 2352 1331 2416 antiquam
1372 2352 1556 2415 oppidis
1578 2352 1643 2398 ita
1663 2350 1855 2399 restituit
1879 2371 1889 2401 ε
1941 2350 2007 2403 ed.

234 2432 449 2480 magnam
468 2417 719 2466 ociosorum
739 2417 923 2472 turbam
938 2418 995 2477 ab
1013 2417 1175 2464 inertia
1188 2418 1244 2464 ad
1257 2417 1458 2463 laborem
1478 2414 1678 2463 traduxit
1699 2415 1710 2462 ἐ
1735 2413 2027 2479 effecitque&

233 2495 293 2528 ne
312 2484 435 2543 quod
451 2499 591 2546 parvo
606 2482 785 2545 sumptu
796 2481 1099 2530 domiconfici
1113 2482 1444 2545 posset,magno
1455 2479 1611 2544 precio
1625 2479 1733 2527 foris
1748 2461 2027 2545 pararetur&

302 2545 453 2593 xLu.
487 2547 606 2599 Cum
631 2563 789 2594 omnes
808 2545 938 2610 regni
960 2561 1108 2610 partes
1131 2545 1420 2593 labefactatas
1439 2545 1505 2593 ita
1524 2543 1779 2592 commodis
1800 2536 2028 2593 remedi-⁴2

235 2607 275 2654 is
299 2611 604 2666 confirmaret,
627 2611 820 2658 incurrit
853 2625 1005 2658 tamen
1035 2609 1083 2658 in
1107 2627 1293 2675 gravem
1327 2608 1507 2657 suorum
1548 2607 1911 2672 indignationem
1935 2588 2027 2671 obl}

236 2672 348 2719 duas
373 2675 569 2722 maxime
592 2675 760 2723 causas.
827 2675 1190 2738 Alteraquidem
1210 2673 1256 2722 in
1280 2673 1474 2748 speciem
1491 2685 1588 2720 erat
1607 2671 1769 2734 levior,
1782 2672 1858 2721 sed
1877 2673 2020 2723 und-⁵

235 2738 456 2784 omnibus
479 2740 571 2787 fere
593 2738 781 2802 populis
800 2739 1006 2787 omnium
1032 2738 1124 2786 fere
1146 2739 1458 2786 calamitatum
1478 2737 1626 2784 oritur
1645 2735 1845 2784 initium.
1867 2737 1935 2784 Ν

235 2817 349 2865 pace
364 2803 574 2866 ·undique
597 2815 741 2865 parta,
761 2801 939 2858 ocium,
958 2804 1110 2858 luxus,
1135 2807 1176 2851 δε
1199 2802 1348 2850 libido
1369 2799 1568 2866 primurn
1593 2801 1652 2856 se,
1675 2801 1841 2848 deinde
1863 2816 1972 2847 cae
1994 2807 2018 2870 3

235 2881 286 2915 ra
307 2868 528 2928 perdendi
544 2869 611 2914 est
632 2866 884 2915 consecuta.
959 2866 1088 2914 Hinc
1118 2866 1376 2929 sumptuosa
1407 2865 1635 2920 convivia,
1675 2869 1715 2911 &
1749 2867 2018 2912 nocturn-‘-

236 2931 504 2994 diurnaeque
525 2929 906 2993 compotationes,
937 2936 978 2978 δι
1002 2929 1247 2994 personatae
1285 2921 1558 2985 salta‘tiones‚
1591 2935 1630 2978 δι
1653 2930 1965 2993 peregrinam

235 2996 424 3041 vestium
448 2995 637 3048 delitiae,
654 3000 695 3042 δε
716 2994 876 3044 laxitas
900 2995 1069 3041 aedium
1093 3009 1184 3047 non
1208 2995 1263 3040 ad
1289 2994 1412 3040 usum
1438 2993 1748 3049 necessarium,
1771 2992 1844 3041 sed
1864 2994 1921 3040 ad
1951 3004 2028 3048 ·‚.5·

233 3060 444 3106 culorum
478 3061 762 3122 voluptatem
796 3073 1074 3121 comparata,
1096 3064 1134 3104 &-
1158 3060 1426 3121 corruptelae
1450 3055 1626 3105 morum
1650 3056 1889 3121 elegantia:

236 3123 363 3170 mine
399 3123 758 3179 commendatae,
787 3127 833 3173 δε
860 3123 1072 3170 omnibus
1095 3122 1144 3169 in
1179 3123 1312 3170 rebus
1347 3124 1458 3170 ritus
1495 3123 1631 3185 patrii
1652 3134 1942 3186 contemptus
1988 3136 2009 3183 ,j

237 3203 323 3232 nec
353 3189 600 3252 quicquam
635 3187 738 3236 satis
761 3187 1014 3242 honestum,
1040 3193 1078 3234 ει
1103 3187 1338 3242 decorum,
1363 3187 1442 3234 nifi
1467 3202 1654 3240 novum,
1677 3191 1719 3233 δι
1740 3184 1922 3233 insolitu
1940 3209 1958 3221 ι·
1976 3198 2011 3230 ,ε

239 3250 643 3299 Harumornnium
666 3267 814 3302 rernm
839 3251 1021 3314 culpam
1059 3253 1104 3297 in
1129 3251 1327 3315 Anglos,
1350 3252 1430 3316 qui
1452 3252 1626 3314 Regem
1650 3249 1789 3297 secuti
1808 3249 1857 3297 ii'i
1889 3263 1964 3310 au⁸
1989 3250 2021 3276 ’

238 3314 728 3380 versabantur‚,vulgus
751 3316 946 3378 libenter
964 3314 990 3364 a
1007 3315 1047 3362 se
1067 3315 1366 3363 transferebat
1383 3332 1393 3360 :
1410 3329 1557 3376 neque
1577 3325 1726 3377 tamen
1747 3311 1892 3361 verbis
1923 3321 1947 3352 ι’·

235 3375 352 3439 gitia
385 3378 698 3428 vehementius
735 3379 1000 3434 damnabat,
1022 3378 1163 3442 quam
1186 3381 1439 3442 voluptates
1474 3377 1669 3425 studiose
1689 3376 2022 3442 amplefiebflf*

240 3453 331 3486 tur.
377 3441 465 3488 Sed
484 3443 592 3488 huic
615 3444 723 3504 pesti
747 3445 849 3491 Rex
861 3455 1082 3506 quantum
1103 3449 1357 3506 poterim&
1382 3441 1562 3506 legibus
1584 3441 1705 3496 latis,
1721 3449 1761 3488 δε
1779 3427 2016 3505 οκοπιρΙρζ

239 3503 485 3551 domestico
507 3507 745 3553 resistebat.
782 3509 802 3553 Ι
808 3506 880 3570 pse
895 3506 1018 3554 enim
1039 3523 1129 3554 non
1146 3508 1284 3554 modo
1298 3507 1423 3552 cultu
1438 3505 1659 3568 corporis,
1673 3510 1713 3552 δι
1730 3503 1991 3568 frugalitate

235 3567 354 3613 intra
378 3566 544 3628 privati
567 3570 826 3631 copiosioris
851 3571 1041 3619 modurn
1060 3569 1101 3618 se
1124 3571 1393 3619 continebat¹
1413 3587 1423 3616 :
1475 3560 1552 3619 'scd
1573 3567 1745 3637 siquid
1764 3566 2019 3678 immodpz,

1851 3641 1919 3678 581
2010 3649 2016 3656 “
