2025 3833
126 156 252 223 392
415 123 773 204 RERUM
880 134 1570 204 ScoTroARUM

120 234 345 296 glaffianae
369 234 577 281 factionis
593 233 774 295 juvenis
798 231 985 284 nobilis,
1022 238 1061 279 δι
1085 232 1241 294 magni
1265 229 1406 277 animi
1431 235 1500 293 (1)
1526 236 1741 285 Iacobum
1766 239 1882 288 Ara·

120 297 209 345 niae
233 299 431 346 Comitis
456 300 598 345 filium
622 297 816 343 nothum
853 295 901 343 in
924 295 1089 342 itinere
1111 297 1337 358 aggressus
1360 295 1564 360 quinque
1586 296 1801 350 comitum
1834 322 1881 351 en

114 363 188 425 jus
211 364 381 411 occidit
403 383 413 409 :
447 362 648 422 reliquos
672 360 849 424 fugavit
875 380 886 407 ε
923 361 1057 421 supra
1079 359 1266 422 triginta
1289 377 1431 422 equos
1456 361 1608 422 caepit.

181 429 290 474 XII.
337 429 455 473 Cum
471 424 807 487 Edimburgum
821 438 1071 471 conventus
1085 425 1189 470 effet
1205 423 1402 471 indistus
1418 424 1462 469 in
1481 427 1662 471 tertium
1677 426 1884 476 calendas

119 491 287 544 Maias,
312 490 418 537 anni
454 489 681 535 millefimi
705 488 1058 552 quingentesimi
1090 488 1297 550 vigesimi
1322 506 1333 534 :
1368 489 1741 552 Hamiltoniique
1763 491 1898 536 dice».

118 568 236 610 rent,
264 557 301 602 se
327 556 396 614 (a)
426 553 708 600 Archibaido
739 552 974 617 Duglassio
997 553 1213 614 praefecto
1236 569 1327 599 non
1351 553 1451 599 satis
1474 553 1519 599 in
1546 571 1599 600 ea
1624 555 1731 600 urbe
1766 568 1885 602 tutos

120 620 311 673 futur05‚
332 619 411 665 ille
433 635 489 664 ne
512 618 557 663 in
585 635 710 664 mora
734 618 930 679 publicis
954 616 1152 681 negotiis
1172 618 1291 670 esset,
1316 617 1395 664 sub
1419 618 1554 664 finem
1577 619 1734 664 mensis
1759 619 1887 665 Mar-

118 683 172 729 tii
195 683 236 729 se
260 682 518 743 magistratu
540 682 695 745 sponte
719 682 966 729 abdicavit.
1037 682 1258 729 Suffectus
1278 680 1321 728 ei
1343 680 1547 728 indidem
1572 682 1684 728 civis
1709 683 1891 730 Rober-

119 761 189 794 tus
209 749 439 810 Loganus.
499 748 738 793 Scotorum
762 745 1118 793 occidentalium
1145 762 1370 807 proceres,
1395 746 1473 809 qui
1498 746 1755 809 frequentes
1779 763 1888 793 con-

116 825 352 863 venerant,
388 813 435 858 in
462 811 580 858 aedes
606 811 762 858 Iacobi
787 810 967 858 Betonii
991 809 1268 858 Cancellarii
1289 810 1528 857 convocati
1555 812 1791 857 confilium
1816 814 1888 857 in-

117 888 228 923 eunt
251 877 309 922 de
333 876 518 923 Comite
542 877 757 938 Angusiae
779 875 1229 937 comprehendendo.
1297 875 1405 935 Ejus
1439 875 1560 922 enim
1577 891 1685 938 opes
1705 875 1886 929 nimias,

116 944 169 989 δί
191 941 376 1002 publice
399 939 712 987 formidolosas
736 940 1047 993 causabantur,
1071 956 1218 1001 neque
1242 939 1323 985 illo
1342 938 1488 985 libero
1510 939 1757 1002 quicquam
1775 940 1888 987 libe-

115 1021 163 1051 re
187 1005 365 1052 decerni
392 1007 527 1068 poss‘e.
565 1006 756 1052 Occasio
775 1022 960 1068 quoque
978 1004 1219 1051 videbatur
1239 1020 1396 1051 eorum
1415 1003 1659 1066 cupiditati
1673 1004 1882 1052 subservia

115 1086 181 1122 re,
206 1071 330 1131 quod
355 1069 626 1133 propinquis
646 1070 849 1116 nondum
875 1071 1043 1116 coactis
1063 1068 1173 1130 ipse,
1195 1084 1299 1115 cum
1322 1068 1477 1130 paucis
1496 1068 1732 1115 clientium
1755 1069 1888 1117 facile

115 1135 257 1197 posset
276 1135 497 1198 opprimi,
529 1147 773 1198 antequam
797 1135 1049 1182 amicorum
1073 1133 1241 1180 auxilia
1265 1133 1455 1181 coirent.
1524 1135 1577 1180 Id
1617 1134 1694 1179 ille
1717 1151 1821 1180 cum
1842 1151 1911 1180 a»

115 1198 255 1263 gitari
277 1199 482 1254 sensisset,
518 1213 731 1262 patruum
771 1199 898 1246 suum
925 1198 1179 1246 Galvinum
1216 1197 1575 1245 Caledoniorum
1612 1198 1887 1262 Episcopum

117 1263 176 1308 ad
199 1281 275 1310 eos
300 1264 434 1315 misit,
461 1263 542 1328 qui
564 1264 741 1311 animos
763 1280 919 1310 eorum
945 1265 1072 1310 nulla
1096 1261 1555 1325 provocatos-injuria
1577 1263 1739 1309 leniret
1766 1282 1775 1308 :
1811 1279 1890 1326 pe·

116 1339 323 1392 teretque
359 1342 408 1375 ut
431 1329 521 1376 fine
543 1328 695 1384 armis,
721 1334 760 1376 &
783 1328 829 1378 vi
864 1329 1203 1390 disceptaretur.
1275 1327 1322 1374 Si
1344 1327 1456 1390 quid
1486 1327 1542 1374 de
1565 1327 1606 1374 sc
1628 1327 1757 1390 queri
1787 1328 1891 1387 jure

116 1394 308 1449 vellent,
333 1394 374 1440 se
398 1406 605 1454 paratum
627 1411 685 1441 ex
706 1409 837 1457 aequo
863 1399 902 1440 &
927 1393 1049 1439 bono
1074 1391 1342 1438 satisfacere.
1413 1392 1498 1438 Sed
1525 1392 1671 1439 oratio
1691 1392 1891 1439 habeba-

119 1469 193 1503 tur
222 1459 343 1521 apud
368 1458 576 1505 homines
599 1474 791 1505 numero
813 1457 1006 1512 feroces,
1044 1463 1083 1504 δε
1106 1456 1282 1503 viribus
1305 1455 1462 1510 fretos,
1488 1462 1527 1502 &
1553 1456 1738 1503 ultionis
1762 1457 1895 1518 cupi-.

96 1522 218 1585 Ados.
288 1525 450 1584 Itaque
471 1522 700 1570 Galvinus
724 1539 828 1568 curn
846 1522 962 1568 nihil
985 1521 1109 1584 aequi
1131 1522 1411 1583 impetraret,
1438 1521 1665 1567 declarata
1686 1523 1890 1584 Angusto

116 1585 409 1633 inimicorum
430 1587 639 1648 superbia
660 1586 882 1633 familiam
901 1586 1023 1632 suam
1049 1586 1283 1632 Comitem
1307 1585 1433 1644 sequi
1451 1585 1583 1645 juffit.
1632 1586 1730 1641 Ipse
1756 1598 1804 1632 ut
1826 1585 1892 1631 sa-

114 1651 294 1706 certios,
317 1651 598 1698 &invalidus
615 1664 747 1698 aetate
768 1650 816 1697 in
829 1650 1075 1713 hospitium
1091 1648 1269 1698 secessit.
1309 1648 1405 1697 Alii
1421 1650 1467 1695 id
1487 1649 1544 1695 ab
1566 1666 1621 1696 eo
1637 1649 1804 1696 fat-tum
1821 1650 1891 1696 in-

116 1716 498 1778 terpretabantur,
521 1729 569 1764 ut
591 1718 661 1779 (3)
680 1714 969 1762 Cancellario
986 1715 1348 1777 intempestivam
1368 1713 1711 1762 ostentationem
1728 1731 1901 1777 exproo

116 1780 269 1826 braret
294 1799 304 1827 :
337 1782 420 1844 qui
451 1796 553 1828 curn
579 1780 778 1828 maxime
800 1779 922 1843 pacis
946 1782 1103 1826 auctor
1123 1779 1209 1826 esse
1230 1779 1467 1833 debuisset,
1509 1779 1636 1825 velut
1659 1778 1893 1831 seditionis

116 1843 195 1891 fax
217 1845 430 1892 volitaret
452 1859 666 1893 armatus.
734 1845 996 1909 Duglaflius
1020 1844 1095 1907 spe
1119 1843 1378 1890 concordiae
1401 1842 1581 1890 abscissa
1604 1843 1705 1889 suos
1729 1843 1894 1905 adhor-

115 1921 253 1963 tatus,
284 1922 333 1957 ut
360 1926 466 1956 cum
497 1912 632 1958 laude
653 1910 811 1973 potius
846 1922 1147 1962 morerentur,
1171 1925 1309 1971 quam
1333 1926 1414 1971 per
1442 1905 1672 1971 ignaviam
1691 1908 1730 1955 se
1755 1907 1894 1954 abde-

116 1986 219 2020 rent
237 1973 283 2020 in
304 1974 514 2038 hospitia,
534 1976 654 2023 unde
678 1974 815 2038 paulo
835 1975 931 2038 post
953 1974 1010 2020 ad
1031 1972 1304 2036 supplicium
1331 1972 1718 2037 protraherentur,
1768 1973 1892 2019 Nam

117 2037 416 2092 inimicorum
436 2057 576 2101 opera
591 2040 685 2100 jam
711 2046 883 2103 portas,
907 2038 1155 2100 omnesque
1178 2037 1326 2085 aditus
1352 2036 1607 2097 praeclusos,
1641 2037 1899 2092 Omnibus,

117 2102 202 2166 qui
223 2102 411 2151 aderant
432 2104 790 2156 affentientibu3‚
815 2115 1013 2150 armatus
1035 2118 1141 2149 cum
1163 2101 1248 2148 suis
1272 2101 1530 2152 la‘tiffimum
1554 2102 1718 2164 oppidi
1742 2101 1894 2148 vicum

62 2171 65 2174 ’
117 2181 332 2230 occupat.
399 2170 541 2216 Erant
571 2182 722 2217 autem
749 2167 793 2215 ei
815 2167 1005 2215 comites
1038 2165 1221 2214 circiter
1241 2165 1493 2229 octoginta,
1531 2165 1606 2211 sed
1627 2182 1784 2212 omnes
1808 2166 1896 2212 viri

47 2282 49 2288 ⁴
118 2232 278 2288 forteS,
313 2236 363 2282 δε
382 2233 566 2281 virtutis
588 2246 788 2296 expertae
818 2250 828 2278 :
855 2233 904 2280 hi
925 2248 1008 2295 pro
1032 2229 1123 2278 loci
1144 2231 1319 2278 ratione
1341 2229 1472 2277 divifi
1494 2229 1637 2276 hostes
1661 2247 1742 2292 per
1765 2230 1897 2294 angi-

117 2309 337 2360 portuum
359 2299 584 2361 angustias
607 2298 814 2360 pluribus
835 2297 966 2345 simul
987 2294 1100 2344 locis
1118 2296 1394 2359 prodeuntes
1413 2307 1707 2357 exceperunt,
1729 2301 1768 2341 δι
1804 2294 1901 2356 pri—

119 2364 209 2409 mis
242 2363 532 2425 interemptis
555 2363 756 2425 reliquos
778 2362 923 2409 ruinae
949 2361 1089 2407 modo
1121 2376 1204 2422 per
1226 2376 1369 2422 prona
1401 2371 1522 2406 retro
1556 2360 1894 2422 compulerunt.

121 2427 293 2474 Comes
320 2427 503 2474 Araniae
525 2429 637 2475 Dux
659 2425 970 2474 multitudinis
990 2441 1098 2478 ,cum
1121 2425 1292 2472 Iacobo
1311 2424 1406 2472 filio
1427 2424 1595 2470 vadum
1620 2426 1716 2470 na&
1727 2441 1791 2478 us,
1817 2440 1897 2486 per

120 2491 274 2538 lacum
297 2491 697 2554 septentrionalem
716 2493 854 2539 evasit
879 2510 890 2538 :
923 2489 1090 2554 reliqui
1113 2488 1207 2536 fere
1229 2503 1310 2552 per
1331 2487 1698 2536 diversamurbis
1721 2500 1895 2550 partem

120 2556 180 2602 ad
216 2556 550 2604 Dominicanos
574 2557 898 2621 profugerunt.
966 2556 1085 2602 Haec
1105 2554 1217 2600 dum
1240 2553 1419 2618 ingenti
1441 2569 1547 2600 cum
1581 2554 1780 2599 tumultu
1817 2570 1898 2616 per

120 2630 267 2670 totam
291 2620 450 2669 urbem
473 2635 712 2684 geruntur,
739 2621 1005 2668 Gulielmus
1027 2617 1222 2683 Angufii
1243 2618 1380 2665 frater
1401 2634 1505 2665 cum
1530 2633 1698 2680 magna
1718 2616 1904 2664 clienti-r

122 2701 201 2731 um
226 2702 364 2731 manu
384 2684 659 2749 ingreditur.
726 2688 794 2733 Ea
815 2683 1112 2733 multitudine
1134 2682 1395 2747 Duglafiius
1418 2682 1578 2737 fretus,
1609 2682 1719 2729 licet
1740 2682 1900 2728 multi-

122 2749 232 2811 plex
254 2749 447 2797 hostium
478 2767 693 2798 numerus
715 2750 763 2799 in
799 2750 910 2797 urbe
939 2751 1062 2804 effet,
1091 2764 1172 2810 per
1194 2747 1446 2796 tubicinem
1470 2759 1624 2795 tamen
1646 2745 1806 2802 edicit,
1841 2763 1901 2794 ne

124 2812 227 2875 quis
261 2813 307 2861 in
333 2814 532 2878 ‚publico
554 2827 717 2878 praeter
753 2814 853 2861 suos
884 2815 1074 2867 amicos,
1111 2814 1161 2862 &
1183 2812 1374 2859 clientes
1407 2823 1606 2859 armatus
1644 2823 1898 2874 appareret.

124 2878 317 2926 Caetcris
339 2879 621 2944 petentibus,
646 2891 698 2926 ut
719 2879 810 2926 fine
831 2877 999 2941 injuria
1023 2876 1254 2924 discedere
1283 2876 1444 2925 liceret
1464 2875 1601 2923 facile
1621 2875 1904 2939 permissum.>

123 2940 356 2991 Abierunt
387 2955 543 2992 autem
564 2960 658 2991 uno
691 2943 877 3008 agmine
898 2955 1064 3005 praeter
1092 2957 1190 2996 eos,
1212 2940 1294 3005 qui
1324 2941 1485 3005 fugam
1518 2950 1831 3005 praeceperant
1851 2956 1904 2987 e-

124 3005 274 3067 quites
312 3009 414 3072 plus
439 3009 589 3056 minus
619 3007 875 3072 octingenti
899 3008 1070 3069 majore
1103 3021 1208 3052 cum
1238 3002 1513 3070 ignominia,
1549 3020 1689 3068 quam
1711 3003 1902 3054 damnm

125 3070 403 3122 Ceciderant
421 3073 544 3122 enim
569 3089 661 3120 non
696 3071 893 3136 amplius
915 3068 1202 3137 septuaginta
1234 3070 1413 3118 duobus
1435 3088 1447 3117 :
1479 3069 1555 3117 sed
1578 3069 1624 3116 in
1643 3067 1714 3117 his
1736 3067 1822 3115 viri
1843 3068 1902 3116 il-

125 3134 280 3183 lustres
302 3139 373 3201 (4)
399 3138 601 3189 Comitis
623 3137 809 3185 Araniae
832 3137 987 3192 frater,
1003 3141 1044 3184 &
1065 3134 1335 3199 Eglentonii
1356 3133 1492 3184 filius.
1541 3134 1661 3182 Haec
1685 3133 1807 3196 gesta
1828 3132 1906 3182 fu·
1982 3132 1990 3146 “

124 3213 260 3248 erunt
276 3202 426 3266 pridie
449 3203 679 3257 Calendas
710 3200 848 3255 Maii,
870 3217 992 3250 anno
1014 3199 1256 3248 millesimo
1278 3198 1646 3264 quingentesimo
1666 3197 1903 3253 vicesimo.
1933 3199 1937 3206 '

127 3262 263 3312 Hanc
281 3267 609 3316 coutumeliam
648 3279 699 3315 ut
722 3266 1060 3333 ulciscerentur,
1084 3263 1368 3313 Hamiltonii
1386 3264 1567 3312 Cellam
1590 3260 1805 3311 Marnoci
1829 3261 1915 3325 (ea'

181 3391 246 3440 (1)
275 3394 334 3433 Sir
363 3398 484 3448 James
512 3398 713 3438 Hamilton
741 3398 787 3437 of
811 3397 983 3445 Finnart‚
1038 3395 1131 3437 laird
1152 3394 1198 3433 of
1209 3393 1438 3446 Kilspindie.

128 3445 266 3499 author
277 3448 322 3485 of
329 3448 394 3488 the
407 3451 520 3489 house
531 3453 576 3490 of
583 3452 791 3499 Avendale,
804 3452 850 3491 of
856 3454 984 3490 whom
1091 3449 1157 3501 (3)
1177 3449 1302 3502 James
1310 3449 1429 3488 Beton
1441 3447 1566 3499 bisstop
1576 3446 1624 3486 of
1629 3448 1686 3486 St.
1705 3445 1900 3489 Auditum

129 3497 244 3537 much
264 3499 294 3537 is
313 3500 450 3551 spoken
468 3504 666 3544 hereafter.
1094 3504 1160 3554 (4)
1189 3502 1250 3540 Sir
1279 3501 1671 3551 Patriek-Hamilton,
1704 3511 1726 3546 ς
1752 3495 1899 3554 worthy

180 3551 249 3604 (2)
269 3555 391 3593 Uncle
408 3563 446 3594 to
475 3556 540 3596 the
559 3560 631 3600 earl
661 3559 707 3598 of
725 3560 874 3610 Augus,
909 3558 985 3599 first
1041 3559 1112 3598 and
1129 3555 1273 3596 valiant
1284 3555 1501 3608 champion.
1623 3575 1626 3578 >
1662 3552 1664 3555 ’
1761 3566 1783 3576 ·“

1716 3676 1719 3679 ·
1777 3653 1908 3702 Gun-
