2035 3833
170 128 304 210 328.
475 131 840 196 RERUM
934 124 1622 195 Sco‘rtcARuM

161 225 208 273 la
229 226 352 288 apud
373 227 537 274 Gallos
570 226 783 270 hacienus
806 218 1017 284 profecit,
1052 234 1099 267 ut
1122 221 1206 267 sua:
1230 218 1437 266 factionis
1477 222 1737 271 hominibus
1773 237 1922 276 tutum

163 288 232 337 ibi
253 303 483 355 receptum
505 300 694 351 pararet,
721 290 769 333 ὅ(
789 283 1059 331 adversarios
1082 284 1359 331 excluderet.
1426 286 1647 331 Praeterea
1668 289 1758 334 duo
1781 292 1926 338 millia

167 354 367 402 militum
391 356 505 400 duce
527 353 758 402 Varenno,
780 361 829 396 ut
851 349 1168 395 Monstreletus
1190 348 1414 410 prodidit,
1437 362 1485 395 ut
1504 349 1652 403 nostri,
1691 355 1737 398 &
1764 354 1925 415 Angli,

203 417 333 466 uibus
359 417 533 464 facilius
556 414 742 467 accedo,
765 411 1044 476 quingentos
1066 413 1182 458 duce
1206 413 1338 458 Petro
1370 411 1536 467 B'rise0,
1561 429 1637 459 aut
1661 414 1828 460 Braceo
1853 421 1923 476 (ι)

165 435 391 534 {ristona
414 495 462 525 ut
499 477 597 524 aliis
636 478 802 540 placet,
822 475 995 523 itineris
1017 477 1224 530 comites,
1248 475 1416 530 verius,
1436 486 1573 538 quam
1597 477 1803 523 adversus
1826 478 1928 525 hos-

167 558 259 593 tem
282 544 501 591 auxilium
524 542 764 604 impetrat:
790 556 893 586 cum
918 539 1002 586 hac
1025 556 1161 586 manu
1183 539 1231 585 in
1255 540 1454 586 Scotiam
1478 541 1664 594 reversa,
1687 554 1822 602 atque
1845 543 1929 588 ali-

167 610 278 672 quid
302 608 574 654 movendum
600 619 713 658 rata,
748 603 862 650 nihil
881 602 1093 650 dubitans
1117 604 1174 649 ad
1211 601 1374 649 famam
1398 606 1573 651 externi
1597 604 1758 650 militis
1782 622 1931 668 popu-

165 674 280 720 lares
304 673 387 717 suae
411 669 618 716 factionis
650 680 970 720 conventurOS,
995 669 1049 714 ad
1086 668 1245 714 ostium
1279 668 1416 713 Tinae
1450 669 1776 715 exscensionem
1803 670 1950 717 secit.‘

167 737 256 783 Sed
281 753 332 781 ea
352 751 509 781 manus
530 733 698 796 exigua
715 733 769 778 ad
792 732 959 778 famam
978 731 1261 778 adventantis
1280 731 1414 777 hostis
1433 733 1605 786 territa,
1626 734 1749 778 nulla
1767 750 1812 778 re
1833 751 1928 779 me-

165 799 378 847 morabili
399 799 519 863 gesta
539 798 596 844 ad
622 813 756 843 naves
780 795 929 842 rediit.
984 797 1054 842 Ibi
1079 812 1263 859 quoque
1288 797 1411 842 velut
1436 797 1602 859 ubique
1626 796 1860 843 conatibus
1881 815 1929 844 e-

163 881 298 910 orum
320 862 578 910 adversante
597 861 795 913 fortuna,
821 859 943 906 foeda
965 863 1224 922 tempestate
1241 859 1413 920 jactati.
1482 861 1635 922 Major
1658 877 1757 922 pars
1781 861 1930 909 secuta

163 928 394 992 Reginam
417 926 464 974 in
489 926 688 973 Scotiam
713 924 954 972 Berricum
977 925 1172 986 appulit.
1234 925 1372 974 Pauci
1395 925 1440 970 in
1466 924 1785 970 Lindisfarnen
1813 923 1931 972 insu·

164 993 257 1039 lam
280 991 428 1052 ejecti,
453 997 492 1038 δι
512 990 569 1036 ab
592 989 792 1036 hostibus
823 987 1122 1034 circumventi
1145 987 1317 1051 periere
1343 1007 1353 1034 :
1405 988 1475 1034 scd
1501 988 1643 1034 virilis
1666 988 1805 1034 animi
1830 1006 1932 1036 mu-

162 1056 251 1104 lier
272 1057 384 1103 nihil
410 1057 496 1102 hoc
535 1052 788 1102 infortunio
810 1053 1041 1107 deterrita,
1082 1053 1138 1098 ad
1162 1051 1260 1099 suos
1283 1050 1433 1098 valida
1457 1054 1693 1098 Scotorum
1720 1053 1932 1113 adjunfta

165 1138 302 1168 manu
325 1119 470 1167 rursus
506 1119 736 1167 fortunam
761 1117 959 1178 experiri
981 1116 1197 1163 decrevit.
1257 1115 1414 1177 ⁴Igitur
1436 1116 1529 1162 filio
1552 1115 1729 1163 Bervici
1753 1118 1928 1170 relicto.

163 1186 259 1248 ipsa
276 1202 381 1232 cum
401 1185 497 1230 viro
518 1182 896 1230 Northumbriam
921 1182 1113 1243 ingressa
1150 1180 1382 1243 proximos
1405 1196 1536 1243 agros
1560 1179 1695 1233 ferro,
1722 1180 1930 1227 flamma-

163 1267 254 1312 que
276 1249 366 1296 late
389 1249 600 1295 devastat.
673 1247 745 1292 Ad
769 1247 884 1292 hanc
907 1244 1074 1292 famam
1099 1245 1204 1291 novi
1228 1244 1449 1290 exercitus
1474 1261 1527 1290 ex
1551 1244 1826 1307 primoribus
1854 1247 1925 1305 (2)

162 1315 257 1361 dux
280 1311 535 1367 Somerseti,
561 1317 598 1358 Sc
635 1310 857 1357 Radolfus
881 1310 1079 1364 Percius,
1104 1309 1235 1354 multi
1256 1323 1472 1370 praeterea
1492 1326 1548 1355 cx
1573 1309 1762 1355 Henrici
1804 1321 1935 1355 vete-

163 1378 289 1425 ribus
312 1377 488 1429 amicis,
511 1376 592 1439 qui
613 1374 828 1422 Eduardo
853 1374 969 1436 Regi
995 1389 1120 1420 metu
1145 1385 1400 1433 temporum
1425 1372 1508 1418 sese
1539 1373 1822 1426 dediderant,
1855 1373 1930 1420 sed

161 1441 303 1513 longe
330 1442 479 1503 plures
501 1457 558 1486 ex
580 1437 850 1502 propinquis
882 1439 1067 1501 Anglire
1089 1436 1354 1499 regionibus
1384 1437 1624 1483 latrocinio
1659 1437 1831 1498 semper
1862 1437 1926 1483 as-

161 1505 293 1560 sueti,
313 1505 385 1567 spe
409 1505 574 1566 praedae
591 1517 896 1549 accurrerunt.
964 1503 1039 1548 Ad
1062 1501 1182 1548 hunc
1208 1502 1452 1550 tumultum
1484 1500 1726 1547 sedandum
1751 1502 1927 1547 Eduar-

161 1570 247 1618 dus
268 1585 484 1631 magnum
503 1567 888 1626 belliapparatum
908 1578 1041 1620 terra,
1061 1565 1264 1626 marique
1282 1564 1816 1627 instruit.(3)Montncuti
1833 1567 1927 1611 Re⁴

200 1634 322 1680 ulum
347 1649 450 1678 cum
474 1632 594 1678 bona
618 1629 870 1677 nobilitatis
896 1643 1020 1691 parte
1043 1630 1098 1674 ad
1122 1629 1291 1674 hostem
1316 1629 1481 1674 ducere
1498 1630 1645 1688 jubet.
1714 1631 1830 1674 Mox
1855 1630 1926 1691 ip-

160 1651 205 1746 ᾗ
227 1714 330 1744 cum
356 1696 531 1759 reliquo
554 1693 755 1742 exercitu
779 1693 992 1756 sequitur.
1048 1694 1169 1739 Cum
1195 1692 1239 1736 in
1265 1693 1436 1753 campis
1460 1710 1549 1738 non
1575 1693 1731 1753 procul
1754 1694 1810 1737 ab
1834 1695 1926 1739 Ex-

161 1778 266 1809 amo
290 1760 469 1824 utrique
491 1760 627 1806 castra
646 1757 902 1821 posuissent,
923 1758 1072 1812 turba,
1092 1773 1193 1818 quse
1213 1755 1449 1818 pra-dandi
1471 1757 1616 1802 studio
1634 1769 1926 1811 convenerat,

158 1826 410 1879 dilabente,
435 1824 682 1876 Henricu5‚
702 1822 827 1884 quod
858 1821 904 1867 in
925 1822 1056 1868 rebus
1086 1820 1327 1883 desperatis
1360 1821 1706 1867 honestissimum
1738 1819 1929 1867 videba-

162 1905 253 1943 tur,
288 1889 534 1951 confligere
569 1886 736 1940 statuit,
760 1886 995 1933 commisso
1018 1885 1175 1949 praelio
1197 1884 1342 1930 vietus
1364 1884 1650 1947 principlbus
1672 1884 1927 1932 amicorum

161 1956 220 2002 ab
242 1953 363 2001 hoste
382 1966 458 1999 aut
487 1952 649 2015 captis,
672 1963 750 1997 aut
778 1951 900 1996 caefis
921 1950 1014 2013 ipse
1038 1948 1215 2012 magnis
1237 1948 1475 1995 itineribus
1501 1949 1739 1996 Bervicum
1764 1965 1926 2012 perve-

160 2018 246 2068 nit.
316 2017 617 2079 Captivorum
647 2014 724 2062 alii
747 2014 910 2069 statim,
934 2014 1011 2061 alii
1035 2013 1189 2076 paucis
1212 2013 1308 2075 post
1330 2013 1489 2060 diebus
1514 2013 1651 2060 securi
1675 2014 1874 2076 percuffi.

226 2083 289 2130 V.
323 2081 560 2128 Eduardus
600 2079 665 2127 ita
693 2095 774 2142 per
804 2078 941 2126 duces
980 2078 1157 2124 suarum
1193 2078 1428 2139 copiarum
1464 2077 1652 2124 victoria
1685 2090 1812 2140 parta
1834 2077 1926 2141 ipse

161 2145 450 2196 Dunelmum
473 2143 596 2192 venit
622 2162 633 2191 τ
671 2147 729 2197 &,
756 2154 805 2187 ut
828 2143 1066 2189 Scotorum
1088 2141 1363 2188 incursiones
1383 2154 1551 2187 terrore
1579 2141 1825 2205 propinqui
1847 2159 1927 2189 ex-

158 2209 326 2260 ercitus
348 2211 654 2262 coerceret,&
679 2208 705 2253 si
729 2205 830 2269 quis
853 2207 980 2254 domi
1003 2207 1224 2253 tumultus
1246 2205 1457 2258 oriretur,
1477 2206 1712 2268 praesentia
1729 2211 1804 2253 {ua
1826 2222 1926 2254 mo-

160 2291 232 2323 tus
255 2272 558 2335 compesceret
596 2290 607 2322 τ
639 2286 691 2318 ac
713 2271 824 2317 dum
847 2272 912 2318 ibi
942 2287 1046 2318 cum
1070 2283 1198 2333 parte
1221 2269 1455 2332 copiarum
1481 2270 1618 2325 sedet,
1643 2272 1743 2316 loca
1760 2271 1817 2316 ab
1835 2269 1925 2317 ini-

161 2338 296 2388 micis
316 2351 539 2399 occupata
556 2336 794 2408 per-duces
817 2335 1099 2400 aggreditur.
1162 2332 1387 2380 Annevici
1411 2348 1559 2380 arcem
1583 2336 1730 2381 multo
1751 2334 1925 2380 caeteris
1979 2395 1985 2401 .

159 2403 399 2465 majorem,
425 2407 464 2448 &
490 2416 805 2453 munitiorem,
878 2417 977 2447 uam
1004 2397 1190 2460 reliquis
1213 2410 1289 2443 aut
1312 2398 1356 2443 vi
1378 2397 1541 2458 captis,
1563 2411 1639 2446 aut
1663 2415 1743 2460 per
1764 2397 1927 2444 condi·-

161 2466 309 2515 tiones
331 2463 542 2528 receptis,
562 2463 817 2529 praestdium
893 2465 1085 2511 allorum
1110 2462 1309 2515 tenebat,
1333 2462 1493 2508 acriter
1514 2473 1767 2525 oppugnat.
1819 2463 1925 2510 Nec

163 2531 315 2578 minus
333 2529 511 2577 fortiter
523 2528 788 2592 praesidiarii
806 2526 879 2592 spe
893 2525 1051 2575 auxilii
1065 2526 1316 2590 propinqui
1332 2526 1355 2573 ὲ
1371 2524 1521 2572 Scotia
1541 2543 1642 2572 eam
1666 2529 1924 2575 tuebantur.
1999 2543 2008 2550 ’

162 2596 254 2644 Sed
272 2610 377 2641 cum
399 2610 543 2666 nuper
560 2593 608 2640 in
628 2593 802 2655 Anglia
834 2609 881 2640 re
904 2592 1022 2639 male
1050 2591 1170 2655 gesta
1192 2605 1282 2636 tam
1302 2589 1448 2644 brevi,
1467 2589 1606 2653 quam
1630 2592 1820 2653 praesens
1844 2591 1927 2638 fla·
1960 2625 1968 2631 .
1998 2599 2003 2610 ¹

161 2658 342 2724 gitabat
363 2657 619 2722 periculum
637 2657 860 2704 exercitus
882 2654 988 2720 cogi
1011 2670 1101 2701 non
1125 2655 1282 2717 posset,
1307 2655 1388 2718 qui
1408 2654 1691 2701 obsidionem
1715 2655 1923 2712 solveret,

162 2722 264 2771 aliis
297 2719 632 2775 cunftantibus,
657 2736 741 2768 nec
762 2721 885 2767 suam
906 2718 1171 2767 sententiam
1194 2718 1549 2781 explicantibus,
1574 2719 1704 2766 Geor
1737 2719 1805 2769 ius
1829 2720 1928 2767 Co·

163 2803 263 2837 mes
294 2785 510 2849 Angufiae
531 2801 628 2832 rem
657 2784 877 2840 audaciae,
917 2787 969 2834 δι
998 2781 1191 2846 periculi
1227 2783 1408 2844 plenam
1434 2781 1548 2828 susce
1585 2783 1636 2830 it.
1705 2737 1746 2830 ἓ

161 2868 223 2900 ex
242 2848 419 2903 amiciS‚
443 2853 485 2896 &
505 2847 768 2903 clientibus,
793 2864 845 2895 ac
867 2847 1079 2910 proximo
1100 2845 1265 2900 limite,
1288 2846 1417 2906 cujus
1436 2800 1581 2909 praesit>

161 3045 369 3092 columes
389 3039 449 3089 ad
469 3056 613 3090 unum
632 3055 792 3087 omues
811 3038 861 3087 in
879 3037 1078 3087 Scotiam
1099 3036 1284 3085 reduxit
1302 3055 1315 3085 z
1330 3037 1494 3102 Anglis
1513 3037 1601 3085 five
1620 3039 1823 3087 audaciae
1839 3041 1931 3089 mi-

1749 2783 1925 2831 oileetia
1980 2822 1982 2825 .
2007 2784 2031 2818 ·'

1576 2848 1673 2894 Rus
1694 2862 1813 2903 erat,
1837 2849 1926 2895 cir·

159 2916 276 2964 citer
293 2913 452 2961 decem
466 2911 672 2960 millibus
688 2910 896 2977 equitum
910 2911 968 2960 ad
983 2925 1134 2958 arcem
1155 2908 1331 2957 accessit
1343 2930 1359 2966 3
1383 2915 1424 2957 &
1449 2908 1620 2965 Gallis,
1643 2911 1785 2974 quiin
1805 2928 1927 2976 prae-
1996 2946 2001 2956 .
2030 2947 2033 2955 ,

162 2978 277 3028 fidia
297 2989 443 3031 erant,
465 2975 514 3024 in
536 2992 613 3023 eos
634 2975 874 3039 impositis,
897 2991 1012 3038 quos
1035 2974 1125 3021 fine
1147 2973 1376 3020 sessoribus
1398 2973 1540 3036 equos
1562 2974 1831 3030 adduxerat,
1852 2976 1928 3024 in·
1974 2986 1994 3030 ε·

1975 3069 1982 3077 “
1998 3067 2015 3095 5·

161 3107 318 3156 raculo
339 3105 638 3168 stupentibus,
653 3104 744 3152 five
762 3102 957 3152 subsidia
972 3101 1206 3164 Duglassio
1225 3102 1272 3148 in
1292 3103 1554 3176 propinquo
1573 3103 1835 3152 delitescere
1853 3117 1930 3154 ru·
1950 3115 1988 3155 Δσι’
2004 3116 2017 3150 ·3

163 3170 242 3226 tis,
256 3171 346 3220 five
361 3169 517 3235 potius
535 3164 862 3218 arbitrantibus
879 3183 1031 3216 arcem
1051 3166 1142 3215 fine
1157 3179 1407 3214 certamine
1424 3183 1643 3232 recipere,
1656 3167 1796 3239 quarn
1813 3182 1929 3219 ‚cun
1974 3174 1983 3205 ἓ

221 3299 283 3350 (1)
296 3299 422 3350 Major
434 3300 525 3339 caus
537 3296 621 3337 him
634 3299 809 3346 Francus,
821 3312 842 3336 a
856 3297 1021 3340 trench-
1129 3296 1191 3345 (2)
1218 3280 1348 3347 fleury
1375 3296 1567 3345 Beaufon,
1586 3310 1609 3336 a
1636 3305 1740 3348 great
1764 3292 1942 3338 τουπ-αἰαῖ

166 3363 272 3391 man.
286 3352 387 3401 Leny
397 3352 536 3402 designa
550 3351 634 3390 him
652 3351 848 3391 Seneschal
865 3352 911 3390 of
917 3351 1020 3390 Nor·
1073 3349 1170 3389 with
1190 3348 1285 3399 king
1300 3345 1430 3402 Hemy
1445 3351 1520 3389 vl.

166 3405 321 3453 mandy,
347 3404 475 3442 which
494 3405 542 3442 be
559 3403 685 3454 might
708 3403 806 3443 have
822 3405 931 3452 been,
948 3405 1020 3443 and
1127 3401 1188 3492 W
1216 3403 1277 3440 Sir
1288 3400 1391 3497 {phgr}
1402 3396 1926 3499 NiVim‘itssw
1966 3431 1973 3440 ι
1995 3438 2014 3461 Ι.

1327 3483 1342 3505 2
1388 3469 1444 3499 ew
1460 3468 1483 3508 5
1885 3473 1924 3502 ,⁶

169 3463 212 3494 at
227 3454 294 3494 the
312 3455 409 3500 same
424 3456 518 3499 time
529 3469 552 3497 a
566 3457 693 3501 native
705 3457 752 3500 of
761 3456 920 3501 another
934 3470 1020 3512 pro-
1072 3456 1120 3495 of
1185 3455 1296 3498 arwic

131 3535 140 3546 κ
171 3507 296 3551 vince.
1073 3516 1175 3553 cute.

1812 3608 1931 3663 1²⁸²*
