2106 3838
218 206 340 265 1‘02
517 192 878 259 RERUM
969 178 1659 261 Sco-rreARuM

209 296 358 343 hostes
380 290 692 354 relinqueret:
727 302 809 334 nec
842 284 884 330 se
918 281 1151 328 pinorum
1181 277 1388 326 adversus
1419 294 1496 324 eos
1536 274 1645 323 odio
1682 272 1875 322 cedere:
1908 269 1994 322 {ets

211 376 313 408 rem
331 373 437 406 vere
455 353 775 402 aestimantibus
799 347 946 394 multo
968 344 1117 391 laetius
1140 341 1223 389 effe
1245 342 1549 404 speclaculum
1573 357 1598 386 e
1623 338 1876 386 viventium
1894 340 1984 386 mi·

215 422 359 478 seriis,
380 435 519 487 quam
540 433 695 466 cruore
718 411 967 460 occisorum
1002 427 1012 455 :
1060 406 1408 470 gravioremque
1440 420 1625 468 poenam
1659 404 1743 450 ess'e
1780 403 1982 449 vivendo

210 485 392 550 Temper
408 496 600 533 mortem
617 492 792 541 optare,
807 490 944 538 quam
969 472 1101 521 semel
1127 469 1367 519 moriendo
1387 469 1516 516 malis
1535 468 1748 515 omnibus
1775 465 1984 538 defungi.

214 553 337 601 Haec
369 548 559 614 quidem
593 544 672 590 ille
710 540 947 587 differebat
977 552 1069 585 non
1095 551 1185 583 tam
1211 534 1303 580 ulla
1324 549 1435 595 erga
1468 533 1626 578 Scotos
1648 532 1986 586 benevolentia,

213 631 356 681 quam
378 610 557 660 Pifficae
578 603 861 655 crudelitatis
883 602 991 649 odio
1017 621 1028 649 ε
1067 599 1197 647 fimul
1235 597 1283 644 in
1314 597 1520 643 futurum
1552 594 1826 658 prospiciens
1849 609 1989 657 quam

213 675 519 743 periculosum
539 673 643 718 esset
667 666 914 733 provinciae
934 668 1155 714 Romanae
1178 664 1207 711 fi
1228 663 1346 709 vires
1359 659 1609 713 Pictorum,
1623 647 1985 721 deletis'penitus

215 741 380 795 Scotis,
403 737 760 800 duplicarentur.
829 731 942 779 Pini
965 747 1073 777 vero
1098 743 1181 776 nec
1204 726 1419 791 querelis,
1443 739 1529 771 nec
1548 721 1778 785 precibus,
1800 737 1884 768 nec
1906 722 1994 767 do-

215 807 285 856 nis
308 803 558 852 abstinuere
582 798 707 861 prius
729 812 871 870 quam
895 795 1095 842 ediclum
1120 795 1434 855 impetrarent,
1471 800 1519 833 ut
1543 786 1668 832 Scoti
1691 801 1849 831 ornnes
1886 795 1995 831 ante

214 881 392 920 certum
413 867 536 913 diem
560 863 796 911 Britannia
813 859 1086 908 excederent
1106 875 1116 904 ε
1139 856 1220 919 qui
1239 856 1360 901 secus
1384 853 1572 907 fecisset,
1593 850 1636 898 ei
1656 848 1754 897 fore
1777 848 1991 914 capitale.

212 938 343 999 Ager
361 947 522 980 eorum
544 929 662 975 inter
684 926 854 980 Picios,
885 929 925 971 &
947 922 1177 970 Brittones
1197 918 1381 966 divisus.

277 997 386 1046 Lu.
409 994 535 1042 Scoti
553 989 807 1055 superstites
827 988 922 1052 quo
943 1001 1158 1050 quenque
1182 983 1273 1030 fors
1297 980 1403 1028 tulit
1425 997 1505 1042 per
1530 977 1820 1031 Hiberniam,
1838 977 1989 1025 AEbu·

213 1066 314 1118 das,
337 1058 599 1111 Scandiam,
631 1059 682 1108 &c
720 1051 1056 1102 Cherronesum
1088 1047 1369 1096 Cimbricam
1395 1044 1575 1108 dispersi
1611 1043 1668 1089 ab
1701 1040 1864 1087 incolis
1889 1041 1991 1088 satis

213 1125 476 1178 humaniter
497 1122 683 1170 fuerunt
703 1119 892 1182 recepti.
962 1115 1050 1162 Sed
1086 1130 1169 1160 nec
1191 1129 1216 1158 a
1238 1109 1545 1158 sacerdotibus
1564 1112 1605 1154 ἃς
1636 1104 1887 1158 monachis,
1913 1105 1994 1169 qui

214 1205 319 1242 tum
338 1190 388 1238 in
408 1189 586 1236 summo
606 1198 737 1232 erant
758 1184 931 1230 honore
966 1178 1099 1233 Pieli,
1140 1176 1218 1224 etii
1257 1174 1443 1240 publice
1477 1170 1744 1220 Christianis
1782 1169 1993 1215 institutis

214 1254 404 1308 imbuti,
425 1251 642 1314 injuriam
664 1248 988 1295 abstinuerunt.
1059 1242 1134 1289 Illi
1157 1258 1264 1297 vero
1284 1238 1469 1304 profugi
1495 1250 1601 1284 cum
1640 1234 1686 1280 in
1722 1249 1879 1280 omnes
1903 1233 1992 1279 cir-

216 1337 326 1369 cum
348 1318 472 1366 circa
493 1315 702 1378 regiones
725 1311 1107 1374 dispergerentur,
1133 1305 1268 1354 multi
1291 1305 1337 1352 in
1360 1305 1520 1350 Ionam
1543 1298 1832 1347 AEbudarum
1855 1313 1995 1345 unam

218 1388 502 1437 devenerunt
523 1399 535 1427 :
569 1392 708 1441 atque
734 1376 802 1424 ibi
824 1377 871 1423 in
894 1372 1160 1421 coenobium
1185 1368 1363 1416 collecti
1388 1381 1602 1431 magnam
1625 1364 1710 1410 sure
1732 1362 1995 1416 sanctitatis,

221 1445 558 1499 &eruditionis
596 1443 765 1489 famam
801 1441 856 1486 ad
896 1439 1094 1502 posteros
1118 1434 1467 1483 transmiserunt.
1538 1427 1729 1477 Caeteris
1762 1427 1909 1473 Scotis
1932 1426 1997 1473 ita

219 1515 346 1564 bello
381 1509 576 1563 afflictis,
602 1506 749 1569 patria
786 1504 940 1568 pulfiS‚
968 1507 1008 1549 ὃς
1032 1501 1089 1547 de
1131 1499 1278 1546 reditu
1319 1493 1660 1558 desperantibus
1703 1490 1998 1538 AEbudarum

221 1579 420 1627 cultores
441 1572 630 1637 ingenio
653 1571 843 1622 feroces,
870 1574 908 1614 ἃ·
932 1564 1146 1630 inquieti,
1172 1568 1212 1609 δι
1235 1563 1296 1608 ob
1317 1561 1534 1608 desidiam
1557 1558 1736 1618 inopes,
1778 1559 1818 1602 ἃ
1844 1553 1998 1601 homi·

221 1659 333 1692 num
358 1637 674 1691 multitudine,
701 1637 752 1683 δε
775 1648 925 1679 rerum
949 1627 1290 1677 necessariarum
1330 1625 1567 1688 superante
1595 1619 1787 1684 penuria
1820 1618 1998 1680 aliquid

222 1725 304 1772 per
326 1705 366 1752 se
393 1702 658 1750 audendum
682 1696 766 1745 rati
788 1695 917 1743 claffe
935 1695 1179 1766 longarum
1202 1690 1390 1738 navium
1421 1690 1576 1734 coacta
1599 1686 1713 1731 duce
1734 1682 1924 1729 Gillonc
1948 1681 1997 1729 in

224 1767 542 1835 Argatheliam
561 1762 887 1812 transmittunt.
958 1758 1030 1806 lbi
1047 1757 1159 1806 dum
1181 1755 1236 1802 ad
1260 1753 1483 1819 praedam,
1505 1764 1552 1797 ut
1573 1751 1620 1797 in
1644 1746 1830 1810 regione
1849 1762 1998 1810 prope

223 1851 370 1884 vacua
389 1828 722 1880 habitatoribus
761 1824 866 1888 vagi
893 1823 1167 1877 discurrunt,
1203 1836 1231 1866 a
1249 1818 1386 1867 pinis
1411 1820 1467 1864 eo
1490 1816 1547 1862 ad
1569 1811 1826 1879 praefidium
1865 1810 1999 1857 missis

224 1896 544 1950 circumventi,
569 1910 621 1940 ac
638 1911 663 1939 a
687 1890 878 1939 navibus
901 1887 1070 1934 exclufi
1094 1885 1147 1932 ad
1170 1900 1312 1932 unum
1334 1882 1525 1946 periere.
1599 1876 1753 1924 Claffis
1777 1888 1927 1937 capta,
1948 1879 2001 1924 &c

225 1967 285 2015 ad
310 1962 435 2010 usum
458 1958 566 2007 belli
591 1955 798 2005 adversus
821 1953 1055 2000 Insulanos
1074 1949 1308 1998 reservata.
1374 1947 1478 1994 Nec
1509 1944 1572 1990 ita
1597 1942 1743 1988 multo
1766 1939 1878 2002 post,
1915 1940 2000 2003 qui

224 2033 275 2079 in
294 2024 568 2078 Hiberniam
592 2019 910 2084 confugerant,
947 2016 1112 2078 partim
1131 2012 1297 2061 veteris
1316 2007 1604 2076 cognationis
1627 2003 1999 2051 commemorati-

226 2112 332 2149 one,
359 2089 523 2156 partim
548 2087 741 2134 fortuna:
765 2080 1158 2131 commiseratione
1182 2089 1366 2143 gentem
1396 2075 1449 2121 ad
1477 2071 1615 2125 bella,
1642 2067 1903 2133 praedasque
1928 2068 1999 2114 su-

227 2171 336 2221 opte
356 2155 546 2220 ingenio
565 2150 813 2214 proclivem
828 2145 962 2194 facile
986 2155 1244 2198 moverunt,
1267 2154 1316 2188 ut
1335 2137 1555 2188 auxilium
1580 2136 1634 2181 ad
1657 2132 1864 2195 patriam,
1887 2133 2000 2192 pris-v

229 2224 470 2283 titiumque
514 2219 673 2264 statum
717 2210 1077 2274 recuperandum
1114 2208 1425 2254 decernerent.
1496 2202 1617 2247 Data
1651 2199 1809 2244 decem
1835 2196 2001 2243 millia.

227 2288 298 2335 Hi
321 2287 369 2333 in
393 2287 508 2331 latus
533 2280 698 2328 Scotiae
721 2276 952 2324 adversum
974 2271 1214 2321 Hibernia:
1235 2265 1487 2332 transpositi
1508 2278 1726 2328 magnum
1746 2260 1810 2307 sui
1830 2261 1999 2307 adven-

229 2368 302 2400 tus
324 2364 541 2399 terrorem
564 2346 655 2392 late
677 2343 907 2390 fuderunt.
967 2340 1074 2386 Hoc
1098 2335 1249 2401 primo
1272 2334 1463 2381 success‘u
1489 2329 1582 2376 laeti
1613 2343 1719 2373 cum
1741 2327 1799 2372 de
1822 2324 2001 2388 reliquo

227 2416 354 2464 bello
377 2412 697 2462 consultarent,
737 2405 860 2455 Scoti
886 2401 1044 2452 Albini
1070 2401 1200 2466 gnari
1231 2398 1402 2446 virium
1425 2397 1757 2444 Romanarum,
1793 2395 1833 2436 δε
1856 2406 2002 2452 quan-

229 2493 328 2527 tum
347 2478 542 2540 reliquas
565 2474 768 2520 nationes
789 2467 953 2533 peritia
975 2466 1039 2513 rei
1061 2465 1269 2514 militaris
1292 2461 1534 2514 anteirent,
1558 2457 1758 2505 auclores
1782 2466 1926 2508 erant,
1954 2467 2007 2500 ut

228 2543 447 2609 praesente
466 2538 654 2586 vicloria
671 2534 873 2583 contenti
889 2549 993 2580 cum
1010 2531 1164 2594 praeda
1177 2529 1338 2576 domos
1357 2524 1575 2576 redirent,
1591 2535 1675 2567 nec
1692 2519 2002 2582 expeflarem

229 2611 340 2656 dum
366 2605 504 2653 totius
527 2601 773 2650 Britannia:
793 2600 911 2646 vires
934 2613 1010 2643 eos
1034 2594 1334 2643 adorirentur.
1401 2591 1461 2638 Et
1478 2585 1664 2652 quando
1683 2599 1766 2630 nec
1787 2580 2004 2629 universte

230 2673 548 2722 Hibernoxum
565 2667 711 2730 copiae
730 2665 761 2712 st
783 2664 996 2715 adeffent,
1021 2676 1148 2724 pares
1172 2659 1256 2706 ess‘e
1275 2667 1446 2720 queant
1469 2649 1678 2698 adversus
1696 2664 1852 2695 corum
1873 2663 2005 2694 exer-

229 2739 368 2792 cit-us,
391 2748 588 2799 quorum
608 2729 815 2784 confilio,
840 2732 880 2774 δι
904 2726 1039 2773 armis
1058 2738 1278 2772 terrarum
1299 2719 1424 2767 orbis
1446 2717 1552 2764 effet
1573 2712 1874 2779 perdomitus,
1898 2727 2006 2758 cum

230 2801 295 2849 eis
319 2816 410 2847 non
432 2799 480 2845 vi
502 2809 676 2859 aperta,
699 2794 772 2842 sed
794 2793 883 2839 astu
904 2790 1173 2838 certandum
1195 2806 1206 2834 ε
1232 2785 1488 2833 occasiones
1511 2778 1757 2842 captandas
1779 2793 1794 2822 ι
1816 2778 1866 2826 &
1888 2790 2006 2839 quos

230 2882 314 2914 nec
353 2878 564 2914 numero,
590 2876 675 2908 nec
696 2857 878 2922 opibuS,
916 2869 1000 2901 nec
1023 2851 1230 2900 bellandi
1250 2846 1435 2914 peritia,
1459 2851 1638 2907 ae'quare
1659 2840 1850 2904 poffent,
1873 2840 2006 2886 labo-

227 2931 372 2985 ribus,
397 2935 438 2975 &
461 2926 684 2975 malorum
709 2919 929 2986 patientia
951 2917 1228 2983 fatigandos.
1295 2913 1433 2961 Hanc
1470 2923 1608 2955 unam
1632 2907 1715 2953 effe
1737 2903 1872 2965 hujus
1895 2905 2009 2951 belli

228 2993 419 3060 gerendi
443 2990 683 3040 rationem.
752 2983 956 3033 Hiberni
977 2981 1101 3028 Scoti
1122 2993 1283 3027 contra
1302 2974 1501 3026 Albinos
1522 2972 1775 3034 increpare,
1808 2983 2005 3032 quorum

230 3057 415 3121 pristina
435 3053 576 3104 animi
599 3053 667 3100 vis
686 3051 800 3098 adeo
821 3045 1095 3110 elanguerit,
1137 3057 1188 3091 ut
1223 3059 1332 3091 cum
1363 3037 1530 3104 posteri
1551 3036 1690 3083 effent
1710 3043 1888 3086 eorum,
1922 3031 2007 3097 qui

231 3125 464 3170 Romanos
486 3117 710 3168 exercitus
733 3130 877 3179 prope
898 3111 1131 3165 delessent,
1150 3108 1233 3172 ipsi
1253 3120 1337 3153 nec
1360 3102 1588 3165 astae-{ium
1607 3097 1797 3165 quidem
1817 3096 2004 3143 illorum

230 3185 440 3234 sustinere
457 3184 647 3247 peffent.
690 3181 797 3228 Nec
815 3179 1005 3225 deerant
1025 3174 1164 3222 etiam
1186 3187 1242 3218 ex
1260 3169 1364 3234 ipsis
1389 3165 1536 3214 Scotis
1562 3161 1768 3218 Albinis,
1789 3158 1873 3225 qui
1895 3175 2010 3206 con-

232 3249 471 3317 tenderent
492 3247 603 3294 belli
621 3245 890 3293 rationema
911 3239 1090 3302 civibus
1112 3236 1200 3286 suis
1222 3232 1503 3300 propofitarn
1523 3229 1660 3291 plane
1678 3226 1862 3273 inanem
1886 3222 1973 3270 esse
1993 3242 2006 3272 :

231 3326 283 3361 ut
305 3330 406 3377 quae
424 3311 481 3358 ad
502 3311 676 3358 hostem
698 3310 875 3356 tantum
896 3303 1178 3363 vexandum,
1219 3314 1312 3346 non
1334 3297 1393 3343 ad
1415 3294 1616 3359 patriam
1648 3287 2006 3357 recuperandam

231 3378 416 3424 faceret.
450 3374 766 3436 Qamobrern
787 3370 983 3419 fortunae
999 3367 1258 3415 instandum
1278 3381 1290 3411 :
1315 3376 1417 3408 eam
1440 3357 1614 3405 reditus
1635 3355 1799 3402 ducem
1818 3349 2008 3416 sequen-

231 3442 357 3488 dam.
407 3437 463 3486 Id
486 3439 517 3484 s1
539 3437 731 3492 faciant,
752 3452 844 3483 non
863 3434 948 3482 esse
969 3429 1278 3479 dubitandum
1300 3423 1413 3489 quin
1435 3423 1585 3476 Deus,
1605 3417 1688 3482 qui
1707 3429 1800 3474 tam
1823 3413 2019 3480 prospe-2

232 3522 283 3552 ra
305 3502 417 3552 belli
432 3500 568 3548 initia
583 3499 777 3554 dederit,
791 3511 869 3546 aut
887 3512 1008 3545 nov-o
1023 3495 1284 3543 Brittonutn
1299 3502 1446 3542 motu,
1467 3497 1548 3532 aut
1565 3479 1789 3531 revocatis
1806 3479 1866 3527 ad
1888 3477 2038 3528 bella*

234 3567 454 3632 propiora
474 3563 740 3628 legionibus
762 3561 956 3609 hostium
977 3560 1096 3607 vires
1115 3560 1170 3607 sit
1190 3553 1536 3608 imminuturus.
1561 3545 1863 3599 Occafiopem
1879 3542 2020 3590 oblaqb

235 3646 330 3689 tarn
341 3629 496 3705 potius
515 3626 899 3692 amplectendam,
911 3640 1054 3690 quam
1066 3623 1115 3672 in
1134 3617 1374 3689 praesentia
1387 3613 1646 3680 neglectam
1659 3607 1879 3673 posterius
1897 3603 2011 3715 frng-

257 3734 260 3735 .
1989 3682 2045 3717 3,-

1487 3783 1501 3809 Χ
