2085 3864
454 133 790 201 LIBER
880 131 1376 217 QUINTUS·
1699 156 1823 220 125

44 253 238 307 quorum
261 235 374 282 alter
392 244 546 280 vetere
569 226 738 293 gentis,
762 228 875 274 alter
898 246 1018 275 novo
1042 227 1372 278 Christianismi
1393 227 1522 283 odio,
1550 240 1740 295 uterque
1763 250 1823 278 ae-

45 303 297 353 mulatione
319 295 538 364 potentiae
557 294 601 341 ei
620 292 820 340 infensus
843 306 954 339 erat.
1007 295 1112 341 Nec
1134 295 1225 342 alia
1245 292 1477 341 crudelior
1496 293 1822 357 fuifl‘e'memoe

45 383 170 417 ratur
190 366 394 415 victoria.
451 361 578 408 Nam
601 359 712 404 dum
730 357 887 404 Penda
908 357 1206 414 Christianos,
1230 358 1460 406 Kedualla
1483 359 1681 406 Saxones
1700 362 1827 408 dele·-

47 451 97 481 re
120 430 422 482 contendunt,
437 424 555 471 nulli
573 439 721 485 neque
740 421 880 478 sexui,
900 439 985 469 nec
1004 424 1127 470 aetati
1149 424 1274 471 furor
1290 439 1448 471 eorum
1472 424 1693 485 pepercit.
1727 424 1827 471 Post

49 500 286 545 Eduinum
308 488 648 540 Northumbria
667 487 716 533 in
739 487 832 533 duo
853 504 996 550 regna
1019 487 1107 534 fuit
1128 489 1286 536 divisa.
1340 487 1588 535 Deirorum
1609 490 1711 536 Rex
1731 506 1829 536 cre-

50 577 152 609 atur
167 559 351 606 Osricus
371 553 543 602 Eduini
564 552 703 599 frater
722 552 958 614 patruelis,
976 553 1292 600 Berniciorum
1311 554 1391 616 qui
1409 553 1654 600 Eanfridus
1673 556 1829 608 Bedae,

51 625 210 673 nostris
234 619 518 670 Andefridus
540 616 1076 682 appellatur,Ethelfridi
1096 618 1294 664 filiorum
1316 617 1558 665 maximus.
1605 619 1673 665 Hi
1695 637 1831 682 repu-

53 691 180 737 diata
204 686 567 736 Christianorum
591 681 846 743 disciplina,
869 681 919 727 in
950 697 1042 743 qua
1064 682 1312 745 diligenter
1333 683 1513 729 fuerant
1532 683 1742 740 instituti,
1767 685 1833 731 als

57 767 126 802 ter
149 771 175 801 a
204 752 350 800 Scotis
375 747 629 802 monachis,
654 746 768 792 alter
790 763 816 792 a
836 745 1030 792 Paulino
1057 747 1301 809 Episcopo,
1327 748 1384 793 ad
1404 760 1605 794 veterem
1628 748 1835 812 supersti-

56 820 233 868 tionem
254 817 411 864 reverss
436 812 564 860 brevi
587 827 668 874 per
685 811 889 858 Pendam
913 817 953 858 δε
975 811 1137 867 vitam,
1162 816 1212 863 ὃς
1239 828 1431 876 regnum
1451 812 1709 860 amiserunt.
1761 814 1834 861 U-

55 898 209 948 trique
230 879 428 929 succeffit
449 877 676 923 Osualdus
698 875 947 923 Ethelfridi
967 876 1084 922 filius
1107 895 1117 923 :
1155 877 1238 939 qui
1260 877 1513 924 doctrinam
1533 877 1837 925 Christianam

57 964 229 1012 magno
252 945 397 993 studio
420 941 669 1006 promovit.
738 941 816 988 Ad
837 957 943 988 eum
975 941 1181 989 doctores
1206 943 1230 989 ὲ
1267 941 1418 988 Scotia
1447 959 1530 1004 per
1557 944 1732 1005 legatos
1755 961 1837 1005 pe-

58 1026 232 1061 tentem
256 1011 375 1057 mifit
396 1006 637 1054 Donaldus
671 1004 793 1052 viros
830 1006 1081 1062 sanctitate,
1117 1009 1170 1057 &
1193 1006 1401 1054 doctrina
1421 1009 1584 1061 clarm,
1609 1023 1724 1069 quos
1757 1008 1841 1053 ille

61 1095 231 1142 magna
252 1072 533 1123 humanitate
556 1071 751 1134 accepit,
778 1077 818 1117 δε
842 1070 1144 1118 beneficentia
1164 1073 1225 1117 est
1245 1070 1505 1134 prosecutus
1531 1089 1542 1117 ε
1577 1088 1726 1133 neque
1748 1073 1840 1119 Re-

63 1142 145 1207 gio
168 1156 354 1188 munere
374 1136 565 1184 inferius
588 1133 862 1182 existimavit
882 1137 931 1181 in
963 1133 1185 1182 concione
1208 1136 1383 1198 populo
1414 1136 1708 1199 peregrinum
1733 1137 1842 1182 Sco-

62 1221 217 1255 torum
239 1207 490 1253 sermonem
516 1217 608 1248 non
630 1199 831 1265 capienti
854 1199 1088 1247 concionis
1112 1198 1354 1247 sententias
1376 1198 1665 1263 interpretari
1690 1217 1703 1247 2
1739 1217 1845 1263 quae

64 1271 221 1318 omnia
241 1270 495 1317 luculenter
513 1283 539 1312 a
562 1267 687 1313 Beda
710 1266 812 1311 sunt
833 1265 1015 1328 scripta.
1069 1265 1314 1312 Donaldus
1334 1264 1511 1311 deceffit
1535 1281 1606 1327 14.
1626 1265 1759 1329 regni
1780 1265 1846 1311 sui

67 1353 205 1392 anno,
225 1334 443 1400 praeclara
465 1331 687 1378 virtutum
708 1330 888 1377 suarum
913 1328 1136 1377 memoria
1156 1331 1254 1393 post
1276 1329 1317 1376 se
1339 1329 1511 1377 relicta.

133 1506 260 1552 XLI.
299 1505 327 1550 s
344 1504 391 1551 U
409 1504 448 1563 c
466 1504 506 1550 c
526 1504 563 1550 E
584 1503 611 1549 S
633 1504 660 1549 s
677 1502 760 1548 IT
777 1427 1204 1549 {ffigrcffaffdii'ex
1221 1499 1479 1547 Ferchardo
1494 1467 1594 1561 'ejus
1611 1499 1750 1546 fratre
1770 1515 1845 1546 na-

69 1578 159 1625 tus,
182 1570 252 1616 vir
272 1568 320 1615 in
344 1568 473 1614 omni
497 1568 716 1614 scelerum
740 1584 908 1631 genere
932 1565 1311 1629 inquinatiffimus
1334 1582 1344 1610 :
1369 1564 1465 1610 vini
1490 1581 1618 1626 aeque
1638 1581 1689 1610 ac
1712 1581 1852 1627 pecu-

70 1634 159 1682 niae
180 1633 474 1696 inexplebilis
496 1651 506 1678 :
544 1632 736 1679 immani
757 1631 807 1677 in
835 1630 1046 1677 homines
1070 1630 1359 1684 crudelitate,
1387 1634 1427 1675 δε
1451 1629 1498 1675 in
1535 1630 1691 1676 Deum
1712 1628 1853 1692 impi-

74 1710 212 1745 etate.
274 1699 404 1743 Cum
437 1696 487 1742 in
522 1697 694 1742 alienos
736 1696 890 1758 paffim
930 1695 1120 1748 saevitia‚
1147 1699 1195 1744 ὃς·
1230 1693 1401 1756 rapinis
1436 1695 1650 1756 grassatus
1688 1693 1854 1748 fuiss'et,

74 1763 262 1809 tandem
303 1761 352 1807 in
384 1761 482 1808 suos
513 1760 715 1807 furorem
740 1760 894 1815 vertit,
917 1759 1128 1822 jugulata
1160 1776 1318 1812 uxore,
1346 1765 1386 1805 δε
1426 1759 1633 1821 stupratis
1656 1758 1854 1804 filiabus.

78 1829 158 1873 Ob
180 1828 279 1873 haec
300 1826 465 1873 scelera
491 1825 816 1872 communione
846 1825 1210 1877 Christianorum
1242 1823 1331 1870 fuit
1351 1823 1574 1869 exclusus.
1642 1824 1857 1869 Proceres

77 1904 232 1938 autem
256 1891 314 1937 ad
338 1908 444 1937 eum
481 1890 766 1952 puniendum
788 1891 912 1935 coire
932 1889 1138 1935 volentes
1169 1887 1374 1934 inhibuit
1396 1889 1584 1933 Sanctus
1604 1886 1858 1951 Episcopus

79 1955 364 2002 Colmannus
391 1973 401 2001 z
436 1970 683 2016 coramque
712 1971 819 2000 eum
842 1953 1084 2000 admonuit
1117 1952 1244 2000 brevi
1276 1952 1480 1998 divinam
1513 1951 1765 1998 vindictam
1788 1952 1858 1998 in-

77 2020 204 2066 stare.
271 2020 376 2066 Nec
397 2019 506 2065 fides
532 2019 655 2066 dieto
678 2018 828 2065 abfuit
852 2037 861 2064 :
898 2035 1003 2064 nam
1025 2018 1146 2064 inter
1167 2017 1426 2064 venandum
1451 2018 1548 2079 post
1570 2017 1667 2063 dies
1689 2034 1860 2080 paucos

79 2087 185 2130 ¹cum
220 2102 245 2131 a
266 2086 378 2147 lupo
404 2085 666 2130 vulneratus
692 2083 741 2129 in
777 2083 943 2129 fe‘orim
965 2083 1208 2138 incidisset,
1241 2098 1326 2130 nec
1352 2099 1376 2128 a
1397 2081 1529 2129 solita
1549 2082 1863 2145 intemperan-

78 2148 145 2195 tia
173 2149 430 2203 abstineret‚
459 2149 622 2195 morbo
657 2149 842 2194 tandem
866 2148 1121 2211 pediculari
1162 2164 1327 2211 corpus
1351 2148 1574 2194 exedente
1597 2148 1865 2194 exclamasse

81 2212 223 2260 fertur
241 2214 406 2260 merito
429 2213 512 2260 fibi
546 2213 644 2259 haec
667 2213 867 2268 evenire,
900 2213 979 2276 qui
1006 2213 1122 2259 bene
1146 2226 1410 2259 monentem
1432 2214 1747 2259 Colmannum
1770 2229 1866 2258 non

84 2277 273 2325 audisset
293 2297 304 2325 :
333 2295 384 2325 ac
407 2292 505 2324 tum
527 2279 714 2325 demum
738 2279 898 2342 agnito
918 2294 1068 2326 errore
1081 2272 1343 2325 Colmanno
1367 2277 1646 2331 consolante,
1664 2293 1715 2324 ac
1737 2276 1862 2339 spem

15 2348 18 2354 ⁴
83 2343 232 2389 veniae
253 2344 517 2392 ostendente
542 2345 572 2389 fi
593 2345 733 2390 modo
759 2343 1050 2407 resipisceret,
1081 2343 1130 2390 in
1149 2341 1391 2406 publicum
1423 2341 1464 2387 se
1486 2342 1570 2388 vili
1591 2343 1708 2388 veste
1728 2341 1866 2387 indu-

85 2418 184 2454 tum
209 2408 257 2454 in
280 2408 443 2455 lectica
475 2408 670 2470 proferri
683 2408 821 2470 jussit,
847 2425 898 2454 ac
921 2409 1074 2471 palam
1097 2408 1172 2454 sua
1192 2407 1357 2453 scelera
1379 2406 1509 2452 faffus
1531 2406 1722 2462 interiit,
1748 2422 1868 2452 anno

85 2474 317 2536 redempti
338 2473 463 2520 orbis
485 2474 597 2520 668.
639 2474 916 2521 OCtodecim
940 2490 1084 2520 annos
1106 2473 1195 2519 hoc
1217 2474 1465 2519 monstrum
1488 2472 1641 2519 Scotia
1662 2471 1867 2537 pertulit.

817 2568 921 2615 LV.
959 2568 1060 2613 RE
1086 2569 1145 2616 X.

157 2640 309 2686 XLIL
343 2641 545 2688 HUIC
585 2640 856 2689 Malduinus
881 2642 904 2689 ὲ
939 2642 1159 2705 Donaldo
1180 2641 1364 2706 genitus
1385 2640 1446 2688 est
1466 2640 1693 2697 suffectus,
1717 2642 1798 2705 qui
1821 2652 1872 2689 ut

91 2704 383 2751 labefactatas
421 2706 555 2769 regni
577 2720 725 2770 partes
749 2707 990 2769 tyrannide
1012 2708 1154 2770 Regis
1177 2707 1378 2770 proximi
1400 2707 1689 2754 confirmaret
1709 2722 1873 2770 pacem

94 2783 200 2814 cum
233 2768 450 2816 omnibus
480 2771 641 2818 vicinis
682 2771 806 2818 fecit.
877 2771 1100 2834 Qietem
1135 2772 1192 2818 ab
1219 2773 1343 2818 hoste
1361 2785 1550 2818 externo
1579 2772 1872 2835 impetratam

93 2833 298 2880 turbavit
318 2834 528 2882 intestina
547 2836 708 2883 seditio
729 2836 849 2884 inter
871 2836 1184 2901 Argafflelios,
1209 2841 1258 2887 ὃς
1278 2837 1555 2883 Levinianos
1577 2849 1691 2884 crta.
1757 2837 1873 2882 Eam

96 2898 369 2944 Malduinus
393 2912 449 2949 ut
475 2901 799 2964 compesceret,
823 2902 1053 2966 profectus
1077 2904 1137 2948 est
1158 2903 1365 2948 adversus
1389 2902 1620 2956 authores,
1644 2914 1695 2948 ut
1726 2900 1775 2946 in
1796 2918 1875 2948 eos

97 2962 192 3008 fine
211 2962 508 3011 incommodo
531 2966 681 3028 plebis
704 2967 1101 3014 animadverteret.
1171 2966 1248 3013 Illi
1279 2979 1329 3014 ut
1356 2966 1501 3029 Regis
1522 2966 1638 3012 iram
1661 2965 1874 3020 xitarent,

98 3025 324 3072 discordia
343 3029 543 3090 primum
566 3029 718 3078 sedata
744 3031 792 3078 in
816 3031 1026 3081 AEbudas
1053 3031 1288 3094 fugerunt.
1356 3030 1557 3077 Insulani
1579 3047 1656 3076 eos
1691 3031 1748 3090 ad
1770 3029 1874 3093 sup-

96 3090 294 3153 plicium
316 3093 558 3153 postulatos
580 3112 672 3141 non
695 3098 788 3144 ausi
804 3096 1000 3142 retinere
1018 3094 1294 3143 dediderunt
1319 3114 1329 3142 ε
1356 3111 1512 3143 eorum
1537 3111 1675 3158 poena
1692 3108 1877 3142 caeteros
1926 3111 1931 3119 ’

97 3156 147 3201 in
170 3156 320 3202 officio
342 3157 588 3204 continuit.
657 3160 796 3206 Circa
816 3161 916 3206 haec
934 3172 1144 3223 tempora
1177 3176 1281 3206 cum
1306 3159 1431 3205 Scoti
1450 3159 1666 3206 monachi
1684 3160 1774 3206 late
1796 3177 1879 3222 per

100 3220 325 3283 Angliam
347 3221 513 3268 Christi
548 3223 802 3270 doctrinam
833 3223 1201 3275 disseminassent,
1225 3241 1277 3270 ac
1301 3226 1590 3286 juventutem
1614 3225 1877 3289 Aug-lorum

98 3283 166 3331 ita
189 3285 331 3331 literis
362 3286 622 3342 erudisfent,
650 3300 698 3334 ut
718 3288 802 3352 ipsi
821 3289 922 3335 satis
944 3291 1202 3336 luculenter
1219 3287 1305 3334 suis
1328 3289 1632 3351 Evangelinm
1655 3289 1879 3335 annunci-

103 3366 179 3394 are
202 3346 323 3412 p'offe
346 3351 624 3406 viderentur,
649 3354 794 3399 crevit
814 3353 952 3400 etiam
989 3370 1093 3399 cnm
1117 3353 1323 3399 doctrina
1345 3353 1553 3400 adversus
1577 3355 1784 3400 doctores
1806 3354 1878 3400 in-

102 3412 229 3460 vidia
250 3433 260 3460 :
285 3416 502 3478 Scotique
523 3432 683 3481 eorum
702 3417 1056 3480 importunitate
1078 3418 1136 3464 ad
1153 3417 1252 3463 suos
1269 3417 1417 3464 redire
1435 3418 1535 3464 sunt
1557 3419 1718 3465 coacti.
1762 3420 1881 3480 Qae

103 3479 384 3526 contumelia
407 3495 458 3525 ut
478 3497 725 3543 regnorum
747 3483 1040 3529 concordiam
1059 3481 1262 3535 diremit,
1286 3482 1351 3529 ita
1372 3499 1530 3529 eornm
1560 3483 1639 3545 qui
1663 3483 1881 3545 injuriam

105 3557 375 3606 acceperant
395 3545 614 3597 modestia
637 3561 861 3609 uti-atique
879 3560 1065 3610 gentem
1090 3547 1147 3593 ab
1170 3561 1328 3609 aperto
1352 3548 1474 3593 helio
1495 3547 1744 3595 continuit.
1796 3546 1880 3593 As-

105 3606 239 3654 {iduis
259 3609 597 3668 excursionibus
621 3610 754 3674 saepe,
778 3628 831 3658 ac
852 3612 1010 3660 multis
1043 3612 1092 3659 'in
1130 3611 1242 3659 locis
1264 3612 1572 3676 pugnabatur.
1639 3609 1884 3659 Inciditin

1726 3674 1888 3722 eadem
