2055 3828
211 155 334 233 190
508 143 868 212 RERUM
959 141 1683 216 Sco’rrcanum'

200 246 324 308 poffe
340 242 398 292 ad
414 244 590 291 causam
615 241 852 288 dicendam
877 250 1003 285 extra
1024 254 1217 304 regnum
1239 243 1436 291 evocari.
1505 245 1608 293 Rex
1630 245 1718 294 suae
1737 249 1974 312 potestatis

199 308 349 357 saclas
361 307 589 357 Cuminiis
612 304 873 367 suppliciter
886 303 1150 365 petentibus
1164 306 1346 355 veniam
1359 309 1504 364 dedit,
1524 323 1740 373 tanquam
1760 330 1840 376 per
1857 318 1948 364 Val
1961 344 1982 360 .

200 373 291 428 teri
309 385 503 421 mortem
525 368 730 416 omnium
751 369 915 414 scelere
932 368 1136 430 expiato.
1193 371 1324 425 Sunt,
1350 372 1430 436 qui
1452 374 1666 436 profuiss‘e
1687 376 1753 423 eis
1774 382 1970 429 credunt

196 448 364 500 praete'r
389 433 736 498 amplitudinem
777 431 965 479 familia:
987 432 1123 479 etiam
1153 433 1211 481 ab
1232 434 1355 483 hoste
1375 448 1564 486 externo
1586 439 1635 493 in
1658 440 1792 488 rebus
1815 444 1975 490 turba·-

197 499 257 551 tis
277 513 467 549 metum.
502 497 589 545 Sed
610 496 659 543 id
683 497 855 544 bellum
878 496 1048 544 tardius
1071 496 1279 546 omnium
1301 501 1521 563 opinione
1543 505 1641 568 geri
1663 518 1867 568 coeptum
1890 508 1968 555 est.

262 566 410 615 LXII.
443 564 565 610 Nam
585 576 705 609 anno
723 577 748 608 a
766 561 947 608 Christo
969 574 1076 609 nato
1106 577 1121 609 1
1150 578 1174 609 2
1193 564 1220 612 6
1243 579 1265 626 3
1292 567 1348 611 ad
1373 565 1602 614 calendas
1624 570 1817 635 Augusti
1836 571 1974 618 Acho
2054 619 2055 622 ,

194 630 298 678 Rex
319 625 572 691 Noruegiae
593 640 698 673 cum
719 636 903 674 centum
939 625 1172 690 sexaginta
1210 629 1400 676 navibus
1440 631 1495 676 ad
1538 632 1706 680 Aetam
1741 635 1968 697 oppidum

196 693 343 740 Coilae
380 690 662 739 maritimum
702 690 930 754 applicuit
962 709 974 738 ε
1019 707 1072 738 ac
1109 691 1276 756 viginti
1316 693 1465 741 millia
1502 695 1705 744 militum
1742 699 1966 760 exposuit.

196 756 341 804 Causa
362 755 473 803 belli
512 754 894 818 praetendebatur,
928 756 1058 818 quod
1079 758 1328 820 majoribus
1350 758 1436 805 suis
1460 776 1485 805 a
1510 762 1582 821 (1)
1609 761 1864 808 Macbetho
1884 764 1970 810 ali-

191 833 305 883 quot
325 818 483 868 insulae
504 820 728 882 promiffae
762 821 965 868 nondum
989 821 1128 867 effent
1157 822 1352 878 traditae‚
1377 823 1492 871 Bota
1513 823 1746 880 videlicet,
1777 829 1827 875 ὅτ
1851 828 1971 874 Ara-

192 884 283 937 nia,
309 889 349 931 δι
373 896 567 948 utraque
590 883 813 938 Cumbra,
837 899 940 946 qua:
967 885 1038 945 (2)
1063 899 1300 948 nunquam
1322 887 1443 935 inter
1464 888 1674 936 AEbudas
1696 891 1968 938 adnumera·

190 962 249 994 tae
270 948 464 997 fuerant.
532 951 622 996 Sed
659 947 884 1010 quaerenti
906 949 1081 995 bellum
1102 948 1204 996 satis
1226 962 1338 1005 erat,
1363 968 1438 999 eas
1460 954 1544 999 esse
1565 953 1746 1001 insulas.
1831 956 1970 1003 Duas·

170 1014 410 1061 ,martinas
443 1030 599 1061 earum
621 1012 821 1076 direptas
841 1012 986 1076 captis
1016 1012 1219 1068 arcibus,
1250 1026 1496 1079 antequam
1522 1017 1708 1064 obviam
1729 1018 1785 1064 iri
1809 1021 1970 1081 poffet,

141 1105 145 1110 .
189 1078 324 1125 Acho
344 1079 392 1126 in
419 1079 539 1125 suam
563 1079 828 1142 potestatem
850 1077 1102 1141 redegerat.
1171 1079 1281 1127 Hoc
1302 1079 1495 1128 successu
1513 1082 1659 1128 elatus
1682 1082 1729 1128 in
1755 1083 1965 1147 Cuniga-
2041 1106 2055 1120 ο

187 1142 329 1190 miam
347 1142 604 1206 proximam
624 1143 938 1190 continentem
959 1158 1017 1189 ex
1038 1143 1223 1190 adverso
1245 1143 1372 1191 Botae
1391 1145 1640 1201 descendit,
1664 1161 1764 1193 eam
1787 1146 1833 1194 in
1860 1164 1968 1210 par-

188 1219 298 1264 tem,
318 1223 457 1272 quam
476 1208 646 1272 Largas
667 1220 850 1255 vocant.
883 1206 958 1254 Ibi
973 1207 1152 1270 duplici
1171 1208 1427 1258 infortunio
1449 1210 1610 1258 eodem
1636 1210 1731 1258 fere
1757 1226 1968 1259 momen·
2046 1247 2055 1255 ,

188 1283 238 1321 to
292 1273 487 1320 erculsus
508 1271 612 1320 fuit.
664 1272 868 1320 Primum
890 1287 996 1319 cum
1019 1272 1286 1321 Alexandro
1306 1275 1488 1322 Stuarto
1508 1276 1624 1337 ejus,
1646 1275 1728 1338 qui
1749 1285 1805 1322 e'x
1824 1291 1878 1322 ea
1896 1277 1963 1323 fa-

187 1337 253 1384 mi
274 1353 320 1385 ia
355 1336 530 1401 primus
566 1336 615 1385 in
638 1336 792 1384 Scotia
811 1352 1005 1401 regnum
1027 1336 1170 1400 geffit,
1194 1354 1378 1401 proavo.
1400 1341 1675 1404 congress'us,
1705 1357 1731 1388 a
1754 1340 1964 1387 multitu·
2040 1334 2045 1338 ⁴

186 1401 295 1449 dine
317 1404 557 1450 Scotorum
577 1417 722 1466 prope
738 1401 1077 1448 circumventus
1099 1402 1278 1466 trepide
1298 1404 1356 1451 ad
1378 1420 1514 1452 naves
1534 1404 1721 1468 refugit.
1775 1405 1960 1452 Deinde

186 1467 383 1514 navibus
413 1466 652 1514 foediffima
684 1467 950 1530 tempestate
980 1466 1154 1513 vexatis
1187 1481 1291 1513 cum
1327 1468 1501 1532 paucis,
1525 1469 1607 1531 qui
1646 1467 1966 1531 superfuerunt

188 1547 310 1594 aegre
330 1530 388 1580 ad
406 1533 610 1580 Orcadas
630 1532 807 1578 delatus
829 1533 905 1578 est.
938 1529 1204 1578 Defiderata
1225 1530 1272 1578 in
1292 1549 1347 1580 eo
1370 1533 1531 1596 praelio
1553 1533 1737 1580 fuerunt
1758 1534 1815 1580 de
1834 1533 1962 1579 Nor-

189 1595 334 1658 uegiis
356 1597 415 1644 ad
435 1596 630 1644 sedecim
653 1596 816 1650 millia,
841 1595 898 1641 de
920 1594 1069 1641 Scotis
1090 1595 1311 1658 quinque.
1372 1598 1515 1651 Sunt,
1537 1597 1619 1660 qui
1648 1599 1822 1660 Regem
1847 1598 1960 1644 Alc-

165 1662 410 1709 „xandrum
434 1661 483 1708 in
506 1661 597 1708 hoc
619 1659 787 1707 affuisse
809 1659 1025 1706 conflictu
1049 1660 1243 1706 tradant.
1312 1660 1486 1707 Verum
1510 1663 1562 1711 δι
1583 1663 1705 1723 apud
1741 1662 1823 1708 hos
1845 1675 1963 1722 quo-

185 1742 278 1787 que
304 1724 559 1774 Alexandri
581 1725 751 1772 Stuarti
775 1723 1027 1771 honorifica
1049 1723 1099 1772 fit
1121 1724 1311 1771 mentio.
1381 1726 1514 1771 Acho
1538 1739 1736 1771 moerore
1755 1724 1893 1773 amiffi
1915 1742 1965 1773 e·

184 1789 402 1845 xercitue,
423 1805 479 1838 ac
497 1789 745 1854 propinqui
763 1788 825 1836 sui
843 1787 1025 1848 juvenis
1048 1788 1286 1845 fortiffimi,
1301 1789 1431 1850 cujus
1453 1803 1620 1836 nomen
1639 1806 1730 1837 non
1749 1789 1975 1847 traditur,
2036 1797 2037 1800 ’

186 1868 335 1903 morte
351 1854 585 1903 confeiius
608 1853 730 1901 diem
753 1853 888 1901 obiit.
2053 1855 2055 1857 ’

249 1918 430 1967 LXIII.
458 1919 568 1982 Ejus
591 1919 708 1966 filius
735 1919 818 1965 Ma
855 1933 957 1971 nus,
993 1918 1073 1980 qui
1097 1935 1156 1965 nu
1194 1935 1242 1966 er
1262 1917 1525 1974 advenerat,
1555 1935 1623 1966 res
1646 1917 1791 1982 magis
1812 1936 1952 1985 quam

184 1997 311 2032 ratus
330 1996 427 2031 erat
446 1983 699 2047 desperatas
720 1999 805 2030 con
827 1983 1022 2046 picatus‚
1053 1935 1296 2047 praesiz‘rtim
1332 1997 1435 2029 cum
1470 1983 1642 2030 auxilia
1676 1985 1815 2031 domo
1850 1999 1955 2032 ante

185 2064 268 2097 ver
295 2064 387 2096 non
409 2048 622 2112 speraret,
643 2063 695 2095 ac
717 2060 936 2110 praeterea
959 2047 1272 2095 insulanorum
1295 2048 1470 2094 animos
1505 2063 1691 2094 cernens
1713 2049 1953 2105 alienatos,

186 2118 231 2160 δι
251 2129 279 2161 a
299 2113 677 2176 Scotis,quorum
712 2112 878 2160 fiducia
899 2125 1027 2174 pater
1058 2112 1154 2173 ejus
1189 2112 1360 2160 bellum
1385 2111 1663 2176 suscaeperat‚
1688 2113 1954 2162 destiturum
2044 2137 2055 2173 r

185 2178 229 2227 se
249 2175 530 2242 intelligens,
551 2177 755 2225 animum
782 2175 920 2224 facile
948 2175 1007 2222 ad
1029 2190 1187 2239 pacem
1206 2176 1334 2223 flexit
1357 2194 1368 2221 :
1406 2193 1554 2238 neque
1574 2175 1719 2241 magis
1740 2179 1953 2240 praelium
2044 2179 2055 2219 d

185 2242 437 2298 adversum,
461 2259 601 2305 quam
624 2243 682 2289 ab
715 2241 934 2288 Insulanis
959 2254 1105 2287 metus
1125 2240 1421 2288 adolescentis
1444 2241 1658 2288 ferociam
1681 2241 1947 2305 infregerat.
2052 2250 2055 2269 ¹

185 2308 311 2354 Nam
325 2307 422 2369 jam
437 2308 700 2355 Alexander
715 2306 906 2353 navibus
919 2304 1247 2361 circummiflis‚
1260 2306 1483 2353 Mannam
1502 2306 1693 2353 insulam
1712 2304 1829 2353 inter
1851 2309 1963 2354 Sco-

187 2372 316 2426 tiam,
342 2377 382 2419 ει
406 2371 681 2419 Hiberniam
705 2370 860 2418 medio
884 2370 977 2416 fere
998 2370 1128 2416 cursu
1163 2370 1289 2417 fitam
1324 2375 1686 2434 recuperaverat,
1707 2386 1763 2416 ea
1784 2371 1887 2434 lege
1912 2384 1962 2420 ut

186 2436 343 2485 insulae
358 2436 565 2500 Regulus
582 2435 762 2500 quoties
779 2451 896 2499 opus
917 2434 1214 2489 ess‘et,dccem
1234 2450 1369 2481 naves
1392 2435 1553 2505 longas·
1575 2435 1632 2481 ad
1652 2434 1827 2497 Regem
1848 2436 1969 2484 mit--
2026 2480 2032 2496 ,

187 2513 302 2549 teret
327 2517 339 2545 ε
373 2502 477 2547 Rex
498 2516 608 2548 vero
628 2517 734 2548 eum
756 2500 812 2546 ab
835 2500 958 2546 hoste
978 2511 1168 2546 externo
1189 2496 1471 2546 defenderet.
1538 2499 1675 2545 Hanc
1695 2497 1958 2546 inclinatio·
2027 2510 2037 2517 ”

187 2580 294 2612 nem
317 2563 578 2612 animorum
600 2582 707 2612 cum
730 2564 919 2627 reliqua:
958 2562 1113 2611 insulae
1135 2563 1350 2610 secuturae
1367 2564 1647 2615 viderentur,
1669 2563 1870 2626 Magnus
1891 2565 1949 2611 de
2028 2564 2031 2569 '

107 2643 109 2645 ·
187 2621 306 2693 pace
321 2631 496 2693 legatos
520 2629 638 2676 misit
660 2647 670 2674 τ
703 2645 840 2691 quam
865 2645 970 2674 cum
990 2627 1252 2674 Alexander
1272 2628 1353 2675 nifi
1376 2627 1583 2690 recaeptis
1606 2626 1805 2674 AEbudis
1829 2643 1960 2675 recu-

188 2694 318 2748 saret,
343 2693 529 2741 tandem
551 2692 917 2756 pacificatoribus
945 2693 1065 2738 ultro
1087 2691 1296 2754 citroque
1328 2690 1696 2738 commeantibus
1718 2692 1952 2748 convenit,

190 2771 241 2805 ut
254 2758 464 2806 AEbudas
483 2758 643 2805 Scotus
666 2769 839 2804 teneret
861 2775 870 2801 :
899 2759 971 2820 (3)
994 2756 1042 2802 in
1065 2755 1299 2818 praesentia
1319 2769 1516 2818 quatuor
1541 2755 1685 2816 millia
1702 2770 1956 2804 marcarum

165 2873 167 2878 .
188 2823 387 2889 argenti,
415 2822 462 2870 in
487 2822 685 2894 singulos
707 2833 859 2882 autem
882 2837 1024 2867 annos
1045 2832 1228 2866 centum
1252 2835 1422 2866 marcas
1446 2830 1718 2866 numeraret.
1785 2820 1956 2869 Praete·

188 2903 265 2934 rea
297 2901 349 2935 ut
370 2887 624 2951 Margarita
645 2885 897 2933 Alexandri
919 2885 1010 2931 filia
1031 2895 1228 2946 quatuor
1247 2898 1470 2930 annorum
1489 2884 1643 2945 puella
1662 2897 1767 2930 cum
1794 2898 1878 2947 per
1898 2902 1965 2932 ae-

190 2964 329 3001 tatem
347 2950 646 3000 commodum
666 2950 789 3004 effct,
805 2949 1101 3014 Hangonano
1122 2946 1288 3012 Mag-ni
1309 2947 1405 2996 filio
1426 2950 1633 2996 nuberet.

242 3089 309 3140 (1)
337 3090 405 3128 Al.
423 3090 599 3130 Donaldo
617 3091 734 3129 Bano.
1098 3088 1242 3126 Robert
1261 3089 1291 3126 1.
1319 3089 1389 3125 and
1415 3087 1500 3127 Erir
1518 3088 1588 3124 and
1605 3087 1732 3140 Jamee
1751 3088 1782 3124 1.
1803 3100 1841 3125 as
1868 3099 1956 3136 may

243 3143 577 3194 (e.)„Becausethey
593 3144 680 3193 lyin
699 3144 763 3181 the
777 3142 910 3181 mouth
925 3142 970 3180 of
981 3141 1046 3180 the
1100 3143 1144 3179 be
1168 3141 1249 3179 seen
1269 3150 1306 3178 at
1334 3141 1398 3179 the
1417 3143 1486 3178 end
1512 3142 1556 3178 of
1569 3140 1634 3178 the
1651 3141 1720 3190 μὴ
1749 3141 1897 3178 volume
1916 3139 1962 3179 of
2014 3163 2018 3167 ·

189 3196 321 3246 Clydffi
332 3195 398 3240 the
418 3199 506 3238 laud
522 3199 566 3236 of
580 3196 965 3245 mnatireinterjeeted
983 3195 1046 3235 be·
1100 3197 1259 3240 Fordon,
1278 3195 1310 3232 it
1324 3207 1486 3245 apperire,
1504 3193 1587 3232 that
1604 3194 1814 3232 Alexander
1826 3205 1899 3230 was
1915 3201 1959 3231 to

188 3257 311 3288 tween
329 3248 434 3286 them
452 3251 523 3290 and
540 3249 605 3289 the
622 3250 790 3289 out-isses
806 3264 817 3287 ε
845 3249 908 3287 sorv
925 3249 971 3286 os
985 3249 1048 3286 old
1102 3261 1168 3298 pay
1186 3257 1226 3286 to
1237 3248 1402 3295 Magnus
1418 3247 1477 3285 for
1490 3245 1582 3284 each
1595 3245 1712 3284 osche
1725 3246 1957 3295 yeare1267,
2005 3246 2010 3254 '

189 3300 279 3361 they
304 3301 390 3341 used
408 3310 448 3339 to
472 3302 531 3353 say
558 3304 610 3351 so,
629 3306 754 3342 Arma
776 3303 846 3340 and
868 3301 934 3339 the
957 3310 1042 3339 out·
1101 3302 1215 3348 1268,
1232 3300 1346 3352 1269,
1362 3312 1476 3347 1270,
1489 3313 1510 3337 a
1527 3298 1705 3359 thpusand
1723 3298 1865 3344 marks,
1878 3298 1965 3335 ands

187 3353 310 3459 misi)
326 3405 380 3455 By
393 3406 459 3445 the
471 3410 636 3446 eontra&
647 3409 870 3457 concerning
883 3406 1045 3446 thewe-
1099 3355 1365 3454 &5³:2¹¹ng
1372 3352 1520 3443 gifardi}
1530 3350 1606 3443 {agg
1617 3349 1967 3461 ἔηῗῖἷυιῖῖιωὲῗδο.

189 3456 287 3498 stem
300 3459 383 3500 inm
395 3459 563 3498 between
577 3459 965 3511 MagnusofNotway
975 3461 1047 3498 aad
1098 3459 1275 3509 annuauy
1291 3458 1375 3509 paid
1388 3458 1439 3508 by
1461 3456 1531 3516 the
1543 3457 1639 3507 king
1655 3456 1700 3517 of
1721 3455 1895 3510 Scotiand
1910 3457 1955 3493 td
1970 3454 1998 3487 *—

191 3513 405 3562 Alexander
415 3512 491 3550 111.
504 3513 548 3551 of
557 3513 746 3563 scotland,
758 3513 886 3553 which
898 3522 975 3551 was
986 3525 1048 3551 ra-
1099 3512 1166 3551 the
1183 3512 1278 3561 king
1291 3510 1336 3550 of
1345 3511 1509 3560 Norway
1522 3523 1564 3549 m
1581 3510 1631 3550 all
1644 3518 1755 3550 tunes
1771 3516 1813 3547 to
1828 3519 1957 3546 come.

191 3564 296 3607 tified
320 3561 375 3616 ιθ)
402 3563 708 3615 theirsuccessbn
734 3566 888 3618 neguin
902 3567 960 3608 V.
977 3567 1051 3608 and
1102 3566 1176 3607 See.
1191 3564 1259 3607 lib.
1281 3575 1346 3606 η.
1362 3574 1443 3615 cap.
1462 3574 1529 3613 ²7·

1782 3661 1975 3719 mv„
