2043 3864
554 139 886 206 L'IBER
977 140 1347 206 Nonus.
1709 166 1832 228 231

49 249 250 299 demum
270 242 468 290 mensem
489 240 693 304 capiunt.
735 239 999 285 Macduffus
1018 241 1131 287 Fifae
1143 236 1330 297 Comes,
1350 240 1432 304 qui
1453 241 1678 304 oppidum
1696 246 1838 293 Balli-

60 312 132 359 oli
152 309 339 357 nomine
363 315 568 355 tenuerat
592 320 695 351 cum
720 319 879 356 uxore,
895 308 942 351 &
965 304 1121 351 liberis
1145 306 1202 352 ad
1224 305 1534 354 Kildrumiarn
1555 308 1745 354 Marriae
1766 328 1837 357 ar—

45 387 163 423 ·2cem
177 375 226 421 in
250 371 496 419 custodiam
519 368 672 414 miffus
709 385 721 414 :
758 367 966 413 Andreas
1008 369 1246 417 Moravius
1270 370 1608 426 Tilibardinzm,
1649 373 1731 434 qui
1757 391 1838 420 va-

63 441 177 486 dum
201 440 344 484 Iernae
363 432 509 481 amnis
528 431 698 495 Anglis
721 432 1165 488 commonstraverat,
1189 434 1415 498 supplicio
1436 435 1640 482 affeelus.
1690 437 1839 484 Pafle-

68 503 200 550 tensis
218 502 336 561 liber
354 497 516 560 oppidi
540 513 694 543 muros
716 497 910 543 affirmat
931 495 1024 541 solo
1049 509 1265 559 aequatos.
1322 500 1376 546 Id
1393 499 1510 546 mihi
1530 497 1627 549 veri
1649 499 1837 549 similius

62 568 261 618 videtur,
281 563 423 625 quam
445 562 572 625 qnod
614 561 691 608 alii
713 561 932 613 scribunt,
955 561 1165 621 praefidio
1185 562 1399 624 impolito
1421 564 1634 611 custodiri
1650 565 1835 626 jussum,

56 630 118 678 ‘in
141 642 266 676 tanta
283 627 529 691 praesertim
549 625 753 673 fidelium
777 625 1047 679 amicorum,
1073 628 1122 675 δί
1140 626 1382 674 hominum
1401 627 1671 676 militarium
1695 647 1837 693 penu-

62 710 150 742 na.

130 759 215 805 IX.
251 756 426 804 Eodem
448 756 540 802 fere
560 748 767 816 tempore
785 753 1006 800 Balliolus
1027 754 1284 801 Annandiae
1302 769 1413 812 erat,
1439 757 1712 820 recipiendis
1731 776 1838 822 pro-

66 823 344 886 pinquarum
367 820 608 883 regionum
632 818 896 880 proceribus
915 817 1118 865 intentus
1144 839 1155 866 :
1181 836 1296 882 quos
1319 822 1382 868 ita
1396 822 1542 868 subita
1560 824 1752 870 mutatio
1768 842 1839 871 re-

60 904 166 934 rum
190 885 480 938 concusserat,
507 897 557 929 ut
578 883 714 929 etiam
738 884 810 945 (1)
830 883 1090 929 Alexander
1110 883 1304 930 Brussius
1325 887 1536 940 Carietae,
1561 894 1601 934 δε
1625 888 1840 935 Gallovi-

54 952 155 998 ’diae
177 949 389 996 dominus
407 948 656 1009 ¹desperatis
692 948 886 994 Davidis
918 946 1170 1011 propinqui
1209 949 1274 994 sui
1296 950 1449 1004 rebus,
1492 950 1536 996 ei
1570 952 1609 998 se
1634 954 1837 1002 dederet.

64 1016 207 1062 Hunc
231 1020 382 1060 rerum
404 1012 700 1061 secundarum
728 1013 969 1059 successum
994 1011 1182 1058 ‘secutus
1216 1014 1276 1059 est
1297 1015 1492 1061 hostium
1528 1031 1837 1079 contemptus,

66 1085 109 1126 8:
130 1095 186 1125 ex
208 1089 474 1139 contemptu
498 1077 799 1139 negligentia.
866 1078 921 1122 Id
947 1092 1050 1121 cum
1073 1093 1156 1137 per
1177 1078 1484 1137 exploratores
1503 1081 1669 1126 Prorex
1691 1083 1841 1127 rescis-

63 1143 127 1190 set
148 1159 202 1189 eo
226 1142 344 1189 misit
370 1144 439 1203 (z)
466 1141 763 1186 Areibaldum
788 1140 1075 1201 Duglaffium
1099 1140 1274 1194 Iacob-i,
1299 1143 1380 1203 qui
1401 1142 1448 1188 in
1473 1144 1696 1204 Hispania
1718 1146 1841 1208 peri-

60 1207 102 1254 it
123 1208 326 1260 fratrem,
342 1220 391 1252 ut
408 1206 439 1251 fi
460 1222 552 1268 qua
566 1205 608 1250 se
621 1206 804 1252 offerret
821 1205 1055 1250 occafioei
1074 1220 1130 1249 ne
1154 1204 1332 1251 deesset.
1371 1207 1454 1251 Ille
1477 1206 1625 1254 secum
1645 1210 1841 1271 'assump-

65 1271 126 1318 tis
152 1273 222 1335 (3)
245 1270 486 1318 Gulielmo
509 1269 744 1332 Duglaffio
770 1268 963 1316 Lidaliae
986 1268 1187 1332 Regulo,
1213 1270 1385 1315 Ioanne
1403 1269 1602 1316 Thomae
1625 1274 1840 1322 Randolfi

64 1336 180 1391 filio,
218 1341 258 1383 δε
282 1335 469 1382 SimOne
492 1336 525 1380 F
530 1335 690 1381 raserio
714 1333 843 1381 mille
874 1331 1120 1379 ‚comitatus
1146 1332 1378 1396 equitibus
1406 1335 1670 1392 Maufetum
1694 1339 1837 1386 venit.

67 1401 183 1448 Inde
200 1400 412 1447 omnibus
431 1398 532 1446 satis
551 1400 796 1461 exploratis
816 1398 874 1445 de
895 1399 1028 1444 noCte
1046 1413 1234 1443 movens
1256 1398 1502 1446 Balliolum
1526 1400 1720 1462 sopitum
1740 1415 1840 1450 tan-

65 1477 117 1512 'to
139 1481 242 1512 cum
263 1464 482 1519 tumultu,
508 1469 548 1509 δε
574 1463 881 1526 trepidatione
898 1461 1093 1508 hostiurn
1112 1461 1307 1516 invadit,
1333 1475 1383 1508 ut
1403 1462 1496 1524 ipse
1514 1464 1774 1513 seminudus
1792 1467 1842 1517 in

68 1545 190 1591 equo
213 1545 297 1576 nec
320 1528 528 1582 fraenato‚
554 1544 637 1574 nec
660 1530 793 1574 strato
816 1526 976 1589 fugere
999 1527 1052 1572 fit
1073 1529 1272 1573 coaffluS.
1341 1528 1629 1590 Complures
1653 1547 1710 1576 ex
1731 1531 1849 1579 inti=

69 1595 156 1641 mis
179 1594 275 1654 ejus
299 1592 457 1638 amicis
481 1593 631 1638 occifi.
686 1593 950 1638 Alexander
972 1590 1164 1638 Bruffius
1184 1603 1344 1654 captus
1368 1608 1449 1653 per
1472 1594 1691 1641 Ioannem
1715 1597 1841 1644 Ran-

69 1658 254 1704 dolfum
287 1656 600 1719 propinquum
622 1657 801 1701 veniam
823 1655 1103 1717 impetravit.
1170 1655 1402 1702 Henricus
1437 1657 1656 1720 Balliolua
1690 1675 1744 1705 eo
1767 1661 1842 1708 die

70 1738 287 1785 magnam
310 1719 595 1767 fortitudinis
614 1721 798 1766 laudem
820 1720 943 1781 apud
967 1718 1178 1782 utrosque
1207 1721 1268 1765 est
1290 1721 1505 1767 affeeutus
1532 1740 1542 1767 :
1576 1724 1656 1784 qui
1677 1723 1725 1771 in
1750 1737 1844 1774 tam

69 1785 251 1848 trepida
272 1785 383 1848 fuga
403 1785 516 1830 dum
536 1784 636 1830 suos
660 1784 718 1830 ab
739 1783 1006 1831 instantibus
1031 1796 1198 1838 tuetur,
1224 1785 1391 1831 multos
1415 1785 1608 1832 hostium
1631 1789 1843 1837 vulnera-

72 1849 140 1896 vit
164 1867 176 1896 :
210 1849 454 1897 nonnullos
476 1848 709 1894 interemit
734 1867 745 1896 :
780 1848 964 1894 tandem
988 1847 1220 1895 fortiffime
1241 1861 1452 1911 pugnans
1474 1850 1662 1898 occidit.
1751 1855 1843 1901 Ce-

66 1913 224 1960 cidere
254 1926 471 1976 praeterea
503 1912 713 1959 fastionis
737 1911 951 1974 Anglicae
977 1911 1065 1957 viri
1101 1911 1291 1960 illustres
1326 1914 1520 1960 Ioannes
1551 1916 1844 1978 Maubraius,

71 1978 288 2024 Valterus
323 1976 588 2031 Cuminiu3‚
625 1981 674 2025 ὃς
712 1976 969 2023 Richardus
1002 1975 1238 2023 Kircbius.
1317 1978 1435 2024 Haec
1457 1979 1579 2042 gesta
1600 1980 1701 2028 sunt
1733 1984 1791 2030 ad
1815 1989 1841 2032 8

67 2041 301 2088 Calendas
326 2040 541 2094 Ianuarii,
566 2057 686 2086 anno
717 2058 731 2088 1
753 2058 775 2103 3
794 2058 816 2103 3
836 2058 878 2087 z.

137 2107 197 2154 X.
235 2106 321 2153 His
344 2105 604 2151 succeffibus
643 2106 880 2152 Bruffianae
919 2105 1060 2167 partis
1083 2105 1292 2153 homines
1315 2107 1528 2155 nonnihil
1553 2110 1742 2157 recreati
1765 2128 1843 2160 co-

70 2184 184 2218 eunt
226 2170 484 2233 frequentes
511 2170 568 2216 ad
588 2171 832 2233 Proregem
857 2171 1091 2217 Andream
1122 2171 1403 2231 Moravium,
1431 2184 1482 2218 ut
1502 2175 1558 2220 de
1580 2174 1753 2222 summa
1774 2194 1843 2224 re-

72 2250 175 2282 rum
197 2235 432 2281 consulant
453 2252 465 2281 :
501 2233 674 2281 nemini
713 2234 921 2281 omnium
945 2247 1042 2281 erat
1062 2234 1274 2291 dubium,
1299 2235 1412 2299 quin
1436 2238 1654 2286 Balliolus
1678 2257 1770 2286 non
1790 2243 1845 2289 fi-

75 2298 140 2353 bi,
165 2299 239 2346 sed
262 2299 419 2362 Anglo
436 2315 629 2362 regnum
655 2312 830 2360 pararet
851 2318 861 2345 :
896 2299 1145 2361 omniaque
1167 2317 1223 2346 ex
1245 2300 1341 2360 ejus
1372 2303 1635 2365 praescripto
1657 2304 1845 2353 faceret.

75 2364 236 2425 Itaque.
255 2381 359 2411 eum
384 2362 463 2409 fibi
499 2364 670 2409 hostem
694 2363 948 2410 destinant:
982 2381 1130 2426 eoque
1164 2363 1431 2427 diligentius
1457 2368 1630 2422 omnia,
1671 2386 1778 2432 quae
1795 2371 1846 2418 in

0 2431 1 2436 ’
68 2421 203 2475 bello
227 2429 329 2474 usui
347 2429 430 2474 effe
465 2429 654 2489 possent,
691 2441 740 2473 ut
761 2427 969 2474 adversus
991 2428 1300 2490 potentiorem
1323 2430 1627 2478 adversarium
1657 2450 1845 2497 compa-

71 2504 191 2540 ffant.
260 2494 518 2546 Bmvicum,
562 2493 680 2539 unde
708 2493 915 2554 Anglum
941 2492 1050 2539 belli
1071 2492 1269 2550 initiunt
1290 2494 1599 2556 opinabantur
1620 2498 1846 2548 faasturum

63 2557 232 2605 'valido
254 2558 460 2619 praesidio
498 2557 729 2602 muniunt.
796 2556 919 2603 Urbi
942 2557 1259 2604 Alexandrum
1282 2558 1522 2606 Setonium
1548 2563 1754 2624 equitem
1787 2564 1848 2611 il-

54 2621 259 2671 (lustrem
283 2619 551 2682 praeficiunt.
602 2619 849 2666 Patricium
872 2621 1184 2682 Dumbarium
1208 2638 1357 2669 arcem
1380 2625 1513 2680 tueri,
1538 2642 1591 2671 ac
1613 2627 1768 2676 vicino
1790 2630 1848 2676 li-

80 2684 183 2731 miti
205 2685 385 2746 praeess‘e
399 2684 564 2743 jubent
587 2703 598 2730 :
633 2684 897 2732 Gulielmus
919 2685 1179 2749 Duglassius
1202 2686 1399 2734 Lidaliae
1428 2688 1651 2753 ReguluS,
1676 2693 1733 2740 de
1749 2702 1849 2755 quo

67 2748 174 2795 iilis
199 2748 479 2810 temporibus
501 2749 674 2795 summa
694 2762 805 2804 erat,
830 2755 878 2799 &e
901 2749 1203 2807 fortitudinis,
1227 2753 1275 2801 &
1294 2752 1551 2814 prudentiae
1572 2756 1732 2818 opinio
1750 2760 1851 2804 An·

5 2848 9 2849 γ
54 2811 297 2859 ‚1nandiam
321 2813 379 2858 ad
400 2811 595 2860 limitem
617 2814 949 2861 occidentalem
973 2816 1195 2863 tuendum
1222 2815 1390 2864 missus.
1460 2815 1667 2868 Andreas
1689 2820 1850 2868 Mora-

82 2877 186 2923 vius
209 2878 515 2939 Rolburgum,
554 2878 633 2924 ubi
667 2879 708 2933 se
731 2878 949 2926 Balliolus
973 2891 1070 2926 tum
1093 2880 1374 2936 continebat,
1399 2884 1710 2945 proficiscitur.
1777 2887 1852 2933 Ita

75 2941 328 2990 distributis
349 2941 553 3004 imperiis
576 2942 719 2998 domi,
744 2943 941 2990 mittitur
957 2944 1005 2990 in
1027 2946 1062 2991 F
1065 2946 1266 2994 ranciam
1289 2947 1483 2995 Ioannes
1501 2949 1775 3006 Randolfus,
1801 2962 1853 2999 ut

137 3071 199 3123 (1)
221 3071 325 3109 Slain
353 3079 389 3108 at
405 3070 682 3119 Halidon-hill,
703 3087 780 3123 cap.
802 3085 862 3122 14.
881 3073 942 3111 his
992 3075 1104 3113 'thern
1133 3075 1199 3112 the
1219 3076 1357 3126 barony
1385 3075 1429 3113 of
1443 3077 1589 3124 Calder,
1607 3077 1674 3128 (he
1693 3080 1854 3130 wearing

76 3125 236 3173 *brother
253 3125 435 3171 Thomas,
455 3137 532 3174 cap.
548 3135 612 3163 20.
627 3128 784 3164 married
798 3128 942 3164 Do'rna—
989 3128 1061 3165 *the
1074 3128 1229 3176 Duglass
1243 3129 1357 3177 arms)
1371 3130 1544 3179 whereby
1559 3131 1608 3168 he
1620 3140 1683 3180 got
1697 3142 1735 3170 to
1748 3133 1852 3172 him-

77 3179 178 3227 gilla
195 3179 371 3224 Cumine,
388 3179 520 3215 widow
535 3180 579 3219 of
593 3177 659 3216 the
677 3193 854 3228 governor
867 3184 943 3218 Ar·-
998 3181 1071 3219 self
1097 3181 1162 3218 the
1179 3190 1348 3230 property
1362 3182 1410 3227 ,of
1422 3182 1488 3220 the
1521 3184 1625 3225 lande
1649 3186 1695 3224 of
1719 3187 1855 3226 Sandi-

76 3232 236 3269 --chibald
257 3231 424 3279 Duglass‚
440 3231 619 3279 daughter
636 3235 706 3269 and
723 3233 809 3270 heir
825 3233 869 3272 of
882 3236 944 3271 red
998 3235 1101 3272 lands
1118 3234 1158 3271 in
1190 3234 1426 3282 Duglasdale,
1446 3237 1517 3273 and
1533 3236 1682 3276 affured.
1701 3239 1863 3279 himself

76 3284 189 3337 ,John
208 3283 386 3329 Cumine,
407 3283 493 3320 who
525 3285 607 3320 bare
626 3294 665 3322 to
684 3283 767 3322 him
792 3299 838 3323 an
857 3287 946 3336 only
998 3287 1044 3325 of
1064 3287 1130 3324 the
1158 3287 1316 3337 lordffiip
1347 3289 1392 3326 of
1417 3289 1613 3342 Galloway
1645 3295 1716 3331 and
1748 3294 1857 3334 other

72 3337 266 3386 daughter
294 3338 454 3375 Eleanor
470 3337 602 3382 Bruee,
624 3337 751 3375 whom
771 3340 843 3377 earl
863 3340 944 3376 Du·
998 3341 1118 3378 lands.

38 3391 181 3439 ¹·„glass
198 3391 266 3428 her
284 3390 427 3427 uterine
445 3390 595 3427 brother
622 3391 783 3439 (fearxng
801 3393 867 3428 lest
885 3392 945 3429 1he
1051 3393 1113 3442 (2)
1142 3394 1239 3431 Lord
1256 3393 1301 3431 of
1313 3395 1525 3446 Galloway,
1543 3397 1610 3437 lib.
1632 3399 1669 3437 8.
1689 3413 1722 3439 e.
1748 3413 1809 3445 17.

91 3444 217 3481 {hould
231 3444 343 3480 claim
357 3444 553 3491 Galloway
569 3444 613 3491 by
628 3443 694 3480 'ner
708 3442 826 3493 right)
837 3444 945 3481 wife·
1053 3445 1118 3495 (3)
1145 3445 1305 3491 Natural
1334 3448 1397 3485 son
1426 3458 1466 3487 to
1499 3455 1591 3498 good
1616 3454 1694 3490 lord
1715 3455 1858 3506 Jame9‚

86 3491 130 3544 ly
157 3497 334 3534 bestowed
364 3497 404 3533 in
433 3497 612 3543 marriage
643 3510 739 3546 upon
772 3497 830 3534 his
860 3508 946 3534 own
999 3497 1120 3536 killed
1139 3498 1177 3535 in
1197 3499 1324 3549 Spain,
1342 3502 1408 3539 lib.
1431 3503 1467 3541 8.
1488 3512 1573 3556 cap.'
1592 3518 1653 3555 17.
1671 3509 1716 3546 of
1729 3507 1858 3546 whom

90 3549 200 3588 vaffal
218 3551 277 3590 Sir
291 3551 421 3605 James
450 3550 681 3604 §melimela
702 3551 772 3599 and
799 3562 892 3607 gave
907 3557 946 3610 to
998 3552 1117 3599 mudz
1137 3551 1168 3594 is
1186 3551 1326 3606 spoken
1343 3553 1539 3621 hereafter,

1766 3664 1864 3713 Da-
