2106 3838
225 159 362 226 '10⁸6
566 159 930 225 RERUM
1020 135 1709 225 Sco‘rtcAnuM

239 258 495 307 obtinenda
513 257 654 307 diruit
678 274 690 303 z
727 263 767 302 δε
789 270 933 318 regno
961 266 1228 317 recuperato
1247 271 1352 304 cum
1376 256 1578 319 primum
1601 275 1681 320 per
1702 258 1811 306 anni
1832 270 2010 324 tempe-

243 326 398 371 statem
423 324 580 387 posset,
603 321 850 382 diligenter
870 318 1078 365 adversus
1100 319 1246 366 hostes
1261 320 1603 383 expeditionem
1627 335 1831 384 apparat.
1889 326 2010 372 Brit-

245 401 376 435 tones
397 389 569 436 interea
597 385 644 431 in
677 387 788 430 duas
809 381 1027 429 factiones
1050 395 1177 430 erant
1199 382 1345 431 divifi.
1412 386 1562 432 Alteri
1593 386 1818 434 libertatis
1851 389 2011 450 cupidi

235 458 288 500 ἃ
320 467 518 500 externa:
551 446 878 496 dominationis
911 448 1083 509 pertaesi
1114 463 1272 494 eorum
1308 448 1503 497 adventu
1557 451 1788 498 audebant
1822 469 1832 499 :
1879 451 2013 500 alteri

240 517 437 581 ,praesens
459 515 610 561 ocium
648 528 752 558 cum
776 509 988 559 maximis
1011 511 1319 558 incommodis
1339 467 1631 572 conjuntimn
1667 514 1852 562 incertae
1873 515 2013 564 liber-

245 582 346 635 tati,
363 588 401 628 &
417 592 539 626 certo
564 577 687 624 bello
710 575 1029 638 praeferebant.
1098 577 1263 639 Itaque
1282 581 1322 623 δε
1338 574 1534 638 periculi
1556 578 1840 627 imminentis
1862 594 2013 628 metu-

239 660 389 699 entes,
412 648 463 693 δε
485 642 570 688 suae
592 639 869 688 infirmitatis
892 640 1060 687 conscii
1077 641 1309 704 duplicem
1333 640 1612 702 legationem
1631 643 1885 694 decernunt
1911 664 1920 691 :
1946 645 2013 691 al·

245 723 387 757 teram
410 707 468 755 ad
492 706 657 759 Pictos,
679 721 784 768 quae
807 721 883 751 eos
906 704 1185 760 sollicitaret,
1209 723 1265 752 ne
1305 705 1460 752 relicta
1489 707 1806 754 Romanorum
1841 711 1891 758 &
1915 708 2015 756 Bri.

245 788 486 820 tannorum
508 769 711 817 amicitia
732 770 789 816 ad
809 784 982 816 veteres
1001 770 1100 817 suos
1122 770 1352 825 inimicos,
1377 770 1587 817 homines
1608 772 1699 819 sine
1717 788 1783 826 re,
1803 771 1894 819 fine
1916 773 2011 836 spe,

242 838 336 884 fine
359 836 531 882 viribus
553 835 815 882 deficerent.
883 833 1078 881 Addunt
1100 834 1457 889 admonitiones,
1493 834 1863 898 pollicitationes2
1894 842 1933 883 Sc
1969 837 2018 884 ni

243 915 470 965 pareatur,
496 916 653 963 graves
679 898 825 945 minas
846 915 873 944 a
895 898 1135 952 Romanis,
1161 898 1330 960 quibus
1355 915 1439 945 nec
1460 898 1631 963 integri
1652 900 1790 947 ambo
1812 917 2016 964 unquam

242 967 437 1015 resistere
457 976 722 1030 potuerunt,
743 963 913 1011 nedum
940 978 1062 1009 nunc
1084 962 1215 1010 alteri
1244 962 1496 1009 dclcflibus
1518 964 1737 1018 exhausti,
1761 964 1893 1012 alteri
1915 980 2016 1011 om-

236 1031 294 1077 ni
312 1048 477 1094 genere
500 1029 723 1076 malorum
746 1027 892 1074 attriti
909 1044 1038 1091 pares
1056 1028 1141 1074 ess'e
1162 1027 1353 1090 possent.
1421 1026 1687 1090 Legationis
1704 1028 1764 1075 ad
1782 1030 2017 1077 Romanos

240 1094 415 1144 summa
436 1097 532 1142 haec
553 1110 665 1149 erar,
701 1105 750 1139 ut
781 1091 827 1139 in
854 1106 1079 1155 tempore,
1103 1092 1213 1139 dum
1235 1090 1412 1153 aliquid
1440 1091 1498 1138 ab
1520 1090 1714 1139 hostium
1736 1091 2012 1143 immanium

241 1161 510 1208 crudelitate
532 1159 768 1222 supereffet
788 1158 916 1221 quod
949 1156 1291 1211 defenderetur,
1312 1155 1482 1202 auxilia
1503 1155 1754 1204 mitterent.
1817 1158 1870 1204 Id
1896 1157 1925 1203 si
1950 1156 2018 1203 fa.

243 1240 418 1278 cerem,
439 1223 723 1273 Britanniam
743 1222 791 1269 in
827 1239 983 1269 eorum
1010 1235 1230 1284 perpetua
1261 1220 1348 1267 fide
1371 1221 1626 1268 constanter
1641 1221 1976 1285 permansuram
2005 1240 2016 1268 :

245 1291 310 1338 fin
345 1291 516 1345 minus,
555 1287 688 1336 satius
728 1286 826 1333 fore
863 1286 1056 1350 patriam
1100 1286 1376 1348 relinquere,
1400 1301 1539 1349 quam
1573 1284 1781 1349 gentium
1818 1286 2015 1333 ferarum

243 1369 393 1403 morte
415 1352 671 1418 graviorem
690 1351 948 1399 servitutem
973 1351 1182 1397 tolerare.
1217 1351 1513 1397 Romanietfi
1535 1349 1737 1414 undique
1761 1350 1866 1414 ipfis
1887 1350 2019 1397 insta.

244 1432 348 1467 rent
371 1419 508 1473 bella,
530 1432 682 1465 tamen
706 1416 938 1480 legionem
964 1431 1099 1462 unam
1119 1415 1174 1461 ad
1196 1413 1482 1478 provinciam
1505 1414 1837 1478 protegendam
1856 1415 1881 1462 ὲ
1903 1415 2019 1462 Gal-

244 1484 322 1532 liis
369 1484 594 1531 mittunt:
632 1481 707 1529 sed
745 1481 880 1528 rebus
918 1480 985 1526 ibi
1018 1495 1103 1542 pro
1125 1493 1332 1542 tempore
1355 1479 1616 1542 compositis
1648 1480 1812 1527 reverti
1839 1478 2017 1540 jussam.

245 1549 310 1595 lis
329 1547 473 1611 copiis
498 1547 725 1594 Brittones
749 1544 851 1592 sreti
875 1544 1116 1607 repentino
1138 1545 1336 1591 adventu
1360 1560 1520 1590 manus
1544 1543 1834 1605 praedatorias
1862 1542 2020 1590 incau-

244 1613 340 1659 tius
362 1624 578 1684 vagantcs
603 1626 769 1673 magna
789 1625 895 1656 cum
919 1610 1045 1655 caede
1072 1608 1353 1670 repulerunt.
1424 1610 1495 1669 (ι)
1521 1607 1642 1654 Socii
1666 1610 1815 1671 Reges
1833 1608 2023 1654 instruc-

246 1690 297 1724 t)
318 1690 518 1724 exercitu
538 1691 647 1722 cum
668 1674 726 1721 ad
748 1674 921 1720 vallum
944 1673 1098 1719 Severi
1120 1673 1340 1719 venissent
1359 1671 1415 1718 ad
1439 1673 1708 1718 Carrontem
1729 1688 1910 1718 amnem
1939 1672 2020 1718 ho-

246 1741 382 1789 ssium
408 1739 553 1804 copiis
587 1751 897 1786 occurrerunt.
964 1736 1037 1783 lbi
1073 1750 1202 1783 atrox
1232 1736 1518 1783 commissum
1552 1736 1777 1798 praelium.
1847 1736 2023 1800 Magna

248 1805 464 1868 utrinque
490 1803 615 1851 caede
636 1803 761 1851 edita
782 1801 980 1851 Romani
1003 1800 1252 1863 superiores
1278 1803 1348 1862 (2)
1374 1800 1453 1864 qui
1475 1800 1603 1847 brevi
1625 1799 1669 1847 in
1693 1799 1871 1848 Gallias
1891 1814 2022 1849 erant

246 1869 456 1922 redituri,
479 1867 684 1916 contenti
719 1868 864 1914 hostes
902 1866 1139 1929 repreffiss‘e
1167 1866 1339 1912 vallum
1370 1864 1523 1912 Severi
1548 1865 1755 1927 pluribus
1792 1865 1907 1913 locis
1949 1866 2022 1912 di·

246 1948 404 1983 rutum
429 1933 667 1981 restituunt
703 1949 713 1977 ε
759 1948 908 1994 eoque
929 1931 1188 1985 instaurato,
1214 1945 1265 1976 ac
1304 1929 1562 1977 Brittonum
1586 1929 1806 1991 praefidiis
1844 1931 2024 1978 firmato

240 1999 488 2047 discedunt
508 2016 519 2044 z
555 2001 605 2048 &
624 1995 731 2044 socii
747 1998 898 2061 Reges
920 1996 1000 2042 etsi
1017 1995 1266 2047 celeritate,
1292 1999 1331 2041 &
1354 1995 1564 2042 laborum
1589 1993 1830 2040 tolerantia
1852 1993 2023 2056 superi·
2079 2019 2082 2030 ·

243 2080 368 2117 ores,
393 2061 691 2110 multitudine
714 2076 884 2114 tamen,
913 2065 953 2107 δι
976 2059 1142 2123 opibus
1163 2057 1277 2106 hosti
1299 2057 1513 2122 impares,
1537 2057 1832 2105 decreverant
1854 2058 2024 2121 praeliis

248 2129 488 2181 abstinere,
512 2126 680 2174 crebris
715 2124 1048 2173 incursionibus
1064 2124 1240 2171 hostem
1262 2140 1445 2177 vexare,
1465 2124 1685 2169 summam
1721 2122 1786 2169 rei
1817 2123 2021 2171 nondum

248 2192 417 2240 adultis
440 2191 612 2239 viribus
634 2190 681 2238 in
705 2190 943 2237 discrimen
967 2188 1101 2236 unius
1121 2188 1383 2235 certaminis
1407 2204 1496 2234 non
1520 2185 1827 2234 committere.

313 2258 405 2305 111.
426 2258 601 2304 Verum
625 2253 704 2303 ubi
722 2257 956 2302 Romanos
974 2253 999 2301 ὲ
1021 2253 1256 2320 Britannia
1277 2251 1513 2300 abscefliss'e
1535 2251 1802 2299 nunciatum
1824 2252 1903 2306 est,
1921 2267 2021 2298 mu·

245 2334 346 2371 tata
365 2320 587 2369 sententia
607 2319 714 2368 totis
733 2319 909 2367 viribus
943 2317 990 2366 in
1028 2334 1170 2366 unum
1193 2317 1396 2365 collectis
1428 2318 1601 2364 vallum
1631 2315 1821 2364 militari
1843 2328 2022 2366 tantum

248 2402 391 2451 opere
409 2387 734 2440 constructum,
759 2390 798 2432 &
822 2381 1019 2457 segniter
1039 2399 1066 2430 a
1081 2381 1366 2431 Brittonibus
1387 2381 1662 2429 custoditum
1683 2380 1888 2428 diruunt.
1945 2382 2023 2428 ln-

246 2453 310 2498 de
330 2450 545 2498 liberiore
554 2450 650 2512 jam
674 2448 974 2513 populatione
993 2463 1156 2512 agrum
1180 2447 1299 2493 ultra
1319 2446 1512 2502 vallum,
1535 2461 1676 2509 quern
1692 2444 1758 2492 ob
1771 2443 2025 2493 'hominum

249 2514 456 2579 inopiam
487 2527 641 2562 tenere
674 2530 766 2561 non
790 2525 1019 2576 poterant,
1054 2512 1112 2559 ad
1136 2512 1282 2558 multa
1318 2510 1467 2558 millia
1504 2507 1788 2558 Brittonibus
1810 2508 2022 2558 inutilem

248 2579 567 2641 reddiderunt.
634 2577 894 2650 Principem
915 2577 964 2624 in
987 2576 1244 2624 munitione
1263 2575 1489 2624 diruenda
1526 2574 1768 2622 Graenmm
1791 2574 2022 2638 quendam

247 2644 380 2692 suiffe
401 2643 563 2692 dieunt
599 2663 610 2691 2
645 2641 726 2706 qui
747 2642 894 2690 milite
917 2641 1109 2689 navibus
1131 2654 1252 2689 trans
1286 2640 1460 2688 vallum
1492 2639 1699 2702 expofito
1719 2637 1924 2686 custodes
1952 2638 2024 2685 in·

247 2721 409 2756 cautos
430 2707 661 2771 oppreflit,
697 2723 748 2754 ac
782 2706 869 2754 suis
890 2706 1067 2754 aditum
1104 2704 1340 2770 patefecit.
1408 2702 1505 2751 Hic
1539 2702 1774 2758 Scotusae,
1797 2719 1854 2750 an
1877 2701 2025 2758 Britto

251 2773 392 2821 fuerit
411 2771 494 2820 scri
531 2784 649 2820 tores
670 2771 718 2818 in
729 2771 958 2835 ambiguo
978 2771 1264 2833 relinquunt.
1313 2768 1471 2831 Major
1490 2784 1594 2832 pars
1611 2768 1868 2816 Brittonem
1894 2766 2022 2815 suiss‘e

252 2839 279 2887 ὲ
300 2835 478 2885 familia
496 2790 811 2901 issulgentiana
830 2834 1059 2898 imprimis
1096 2833 1144 2882 in
1166 2833 1250 2882 illa
1282 2845 1419 2898 gente
1440 2830 1590 2880 nobili
1620 2829 1888 2887 oriundum,
1911 2848 2026 2879 eun·
2092 2851 2098 2854 ⁶

249 2903 451 2968 demque
463 2899 673 2965 -Fergufii
691 2900 894 2948 socerum
927 2898 1182 2947 contendit.
1248 2899 1340 2946 Eos
1375 2908 1426 2944 ut
1454 2895 1612 2960 sequar
1648 2895 1796 2960 magis
1833 2894 2026 2944 inclinat

248 2967 448 3016 animus.
506 2965 656 3014 ‘Vallo
671 2962 818 3029 igitur
835 2961 990 3011 diruto
1011 2979 1116 3011 cum
1141 2962 1267 3010 Scoti
1289 2965 1330 3009 δι
1353 2960 1469 3009 Ρίἂί
1490 2960 1742 3008 inhumana
1777 2958 2027 3008 crudelita-

247 3045 295 3080 te
317 3031 364 3085 in
386 3031 617 3080 Brittones
637 3033 711 3094 (ut
730 3041 829 3077 tum
850 3045 921 3076 res
941 3029 1090 3088 erant)
1114 3042 1344 3075 armorum
1365 3024 1661 3074 desuetudine
1690 3022 1901 3072 imbelles
1935 3024 2027 3072 fine

247 3094 511 3144 discrimine
535 3094 694 3151 -sexus,
728 3098 771 3142 δι
807 3092 952 3140 aetatis
1023 3091 1305 3148 rassarentur,
1327 3089 1401 3138 illi
1421 3089 1723 3138 miserabilem
1745 3087 2026 3152 legationem

230 3160 450 3208 =Romam
491 3158 700 3216 mittunt,
719 3175 827 3223 quae
862 3157 1003 3206 ineffa
1036 3157 1145 3204 ilem
1213 3155 1330 3203 entis
1361 3153 1671 3203 calamitatem
1703 3151 1944 3209 indicaret,
1984 3158 2027 3201 &

216 3264 219 3268 .
250 3220 515 3289 suppliciter
530 3223 757 3273 auxilium
842 3221 996 3270 sceret.
1063 3221 1172 3284 Qo
1223 3220 1253 3267 fi
1273 3218 1537 3269 Brittomim
1553 3217 1752 3272 cladem,
1770 3220 1821 3266 δε
1837 3216 2026 3280 provin·
2087 3263 2092 3268 ,

251 3287 336 3333 ciae
359 3305 505 3351 nuper
524 3301 618 3336 tam
641 3287 765 3352 splen
804 3286 969 3334 'daene
1025 3285 1203 3350 'gerent
1222 3284 1478 3339 interitum,
1500 3295 1655 3331 tamen
1677 3280 1734 3328 ad
1748 3279 2029 3354 dignitatem

214 3384 221 3389 -
251 3351 417 3414 Populi
440 3351 907 3416 Romani-pertinere,
931 3367 988 3399 ne
1010 3366 1178 3398 nomen
1201 3365 1361 3397 eorum
1379 3348 1504 3412 apud
1524 3345 1784 3396 barbariem
1803 3345 1933 3393 illam
1955 3344 2027 3392 in-

249 3415 422 3463 cultam
440 3415 692 3465 vilesceret.
756 3415 929 3478 Rursus
944 3415 1096 3482 igitur
1116 3414 1243 3462 missa
1264 3412 1412 3479 legio,
1435 3428 1541 3476 quae
1563 3415 1638 3476 (ut
1656 3410 1725 3462 ait
1743 3408 1888 3472 Beda)
1923 3408 2024 3459 ino·

302 3544 371 3595 (r)
415 3543 504 3582 The
539 3545 773 3588 consederate
809 3547 922 3599 kings
956 3547 1002 3591 of
1036 3546 1103 3591 the
1229 3543 1293 3600 (2)
1319 3543 1416 3584 MS·
1448 3541 1549 3595 quia.

251 3598 357 3639 Scots
385 3599 455 3636 and
483 3599 598 3639 Picis.

1960 3665 2042 3736 1³³⁴
