2006 3858
452 115 864 193 APUD
989 111 1545 186 schOS.
1867 125 1951 203 <9x

141 225 334 278 ¹cesserit,
360 223 705 270 similitudinem
729 219 957 281 quandam
983 218 1028 264 in
1053 236 1108 265 eo
1133 217 1226 273 veri
1251 215 1389 278 Regis
1413 211 1630 275 amplexi,
1662 213 1794 259 etiarn
1823 217 1915 262 Re-

140 308 248 352 gem
273 289 624 351 appellabimus.
694 285 761 330 M.
792 284 1092 345 Appelleenus
1117 282 1146 328 fi
1166 283 1229 328 ita
1252 281 1446 327 videtur.
1519 283 1574 326 B.
1614 280 1671 323 Et
1695 281 1916 340 quoniam

136 354 349 400 adversus
377 349 813 400 animiaffeciiones,
837 362 940 408 quae
964 348 1142 409 possunt
1176 352 1214 392 &
1239 346 1510 406 plerumque
1529 341 1688 394 solent,
1715 356 1916 390 avertere

133 435 160 463 a
187 435 292 465 vero
319 434 373 463 ne
402 416 504 461 satis
526 415 677 460 firmus
705 413 754 457 sit
775 412 1010 465 timemw,
1037 412 1187 473 legem
1211 411 1251 456 ei
1276 411 1402 454 velut
1423 408 1669 469 collegam,
1694 416 1772 451 aut
1796 407 1919 467 poti·

137 499 185 527 us
224 479 570 528 moderatricem
590 476 834 522 libidinum
861 475 1143 534 adjiciemus.
1215 476 1282 520 M.
1310 474 1420 519 Non
1438 469 1744 532 censes-‚igitur
1768 487 1916 517 rerum

134 546 344 591 omnium
369 542 606 588 arbitrium
637 555 774 602 penes
800 540 975 601 Regem
1000 540 1084 584 effe
1108 538 1274 585 debere
1299 541 1316 584 ?
1374 543 1426 585 Β.
1451 534 1666 581 Minime.
1720 534 1845 581 Nam
1870 551 1919 580 e-

122 615 214 655 'um
256 623 348 654 non
373 607 517 652 solum
543 607 718 667 Regem
759 603 833 648 sed
861 604 997 649 etiam
1040 603 1275 649 hominem
1320 603 1404 648 esse
1433 597 1640 651 memini,
1675 599 1821 645 multa
1840 617 1920 660 per

98 665 101 675 ¹
123 669 444 735 'ignorantiam
461 682 703 721 errantem,
727 668 871 713 multa
889 667 1048 728 sponte
1068 680 1351 729 peccantem,
1369 667 1512 711 rnulta
1535 673 1674 724 prope
1698 663 1919 721 invitum;

121 736 310 798 ‘quippe
355 735 524 781 animal
569 733 627 779 ad
657 741 842 777 omnem
867 731 1034 777 favoris
1082 735 1128 779 ὃς
1168 731 1263 778 odii
1293 742 1449 776 auram
1495 728 1630 774 facile
1675 729 1916 776 mutabile.

132 801 280 861 Qod
305 799 468 846 vitium
495 809 666 844 naturae
692 795 975 858 magistratus
995 812 1161 857 augere
1180 795 1316 842 etiam
1340 794 1451 840 solet
1474 811 1485 840 ι
1520 793 1634 839 adeo
1665 803 1711 836 ut
1736 792 1811 839 hic
1834 809 1920 856 po·-

125 863 350 910 tissimum
370 863 636 909 sententiam
658 861 786 906 illam
820 876 876 905 ex
897 860 1128 906 comoedia
1149 876 1300 906 veram
1325 859 1409 904 effe
1431 857 1732 919 comperiam,
1771 859 1925 904 Omnes-2

122 927 307 975 'licentia
325 928 667 990 deterioresfieri.
705 925 1020 985 Qamobrem
1044 926 1194 986 legem
1220 926 1257 970 ei
1285 923 1626 986 adjungendam
1645 920 1917 969 censuerunt

139 992 352 1040 homines
377 988 725 1054 prudentissimi,
764 1005 868 1051 quae
899 988 978 1033 vel'
1008 988 1244 1050 'ignoranti
1263 988 1389 1035 'viam
1427 987 1647 1040 ostendat,
1695 987 1764 1032 vel
1790 987 1922 1033 aber-

138 1069 317 1105 rantem
359 1056 408 1103 in
450 1056 571 1102 viam
613 1055 813 1101 reducat.
882 1053 952 1098 Ex
994 1053 1082 1107 his,
1128 1053 1310 1115 opinor,
1361 1050 1603 1113 intelligis,
1643 1053 1692 1105 ὡς
1733 1053 1768 1099 ἐν
1797 1054 1920 1117 τόπῳ

129 1127 371 1190 *quodnam
415 1142 505 1189 ego
534 1142 612 1171 ver
651 1123 794 1187 Regis
821 1123 1022 1169 officium
1048 1123 1131 1168 effe
1154 1136 1265 1168 rear.
1335 1116 1403 1168 M.
1452 1123 1526 1168 De
1550 1122 1679 1167 causa
1701 1124 1923 1169 creando-

128 1207 243 1238 >rum
265 1193 464 1253 Regum,
491 1191 547 1236 de
572 1188 775 1241 nomine,
800 1188 950 1249 deque
977 1186 1146 1241 officio,
1193 1187 1326 1248 plane
1351 1185 1465 1232 mihi
1489 1185 1751 1233 satisfecisti.
1820 1188 1923 1235 Ne-

125 1268 403 1318 ‘que‘tamen
425 1256 455 1300 fi
479 1253 590 1316 quid
626 1253 822 1312 adjicere
845 1251 956 1297 velis
983 1251 1271 1313 repugnabo.
1338 1251 1431 1296 Etsi
1456 1266 1565 1296 vero
1590 1250 1765 1297 animus
1791 1254 1847 1298 ad
1870 1270 1924 1300 ea

128 1323 242 1382 k'quae
264 1321 423 1366 restare
449 1318 660 1364 videntur
681 1328 912 1378 properat,
942 1327 1082 1360 unum
1110 1328 1260 1361 tamen
1283 1315 1408 1376 quod
1432 1314 1480 1360 in
1502 1326 1596 1360 tota
1618 1315 1821 1362 oratione
1846 1330 1924 1364 tua

138 1379 349 1430 nonnihil
375 1383 654 1432 offendebat,
691 1396 782 1426 non
808 1392 920 1441 puto
945 1377 1124 1425 silentio
1159 1380 1531 1441 praetereundum
1560 1396 1570 1424 :
1605 1380 1730 1441 quod
1757 1381 1920 1426 videli-

130 1452 215 1494 ‘cet
238 1448 506 1510 subiniquus
531 1444 739 1508 Regibus
765 1444 878 1489 mihi
911 1442 1124 1489 videaris.
1193 1445 1340 1504 quue
1374 1443 1521 1505 ipsum
1545 1439 1682 1489 etiam
1712 1458 1843 1490 antea
1867 1447 1925 1491 de

129 1517 195 1559 '‘te·
213 1513 492 1574 frequenter,
518 1524 643 1556 eram
667 1508 909 1570 suspicatus
953 1527 966 1563 ;
1004 1524 1107 1554 cum
1131 1519 1173 1553 te
1199 1507 1495 1569 Respublicas
1514 1506 1743 1565 anti-quas,
1770 1511 1925 1557 Vene⁶

149 1590 397 1639 torumque
419 1576 650 1622 civitatem
675 1573 789 1619 adeo
808 1572 987 1634 profuse
1005 1572 1269 1618 laudantem
1292 1571 1405 1634 saepe
1427 1571 1708 1619 auditiffem.

210 1643 340 1690 XIX.
385 1647 433 1689 Β.
464 1641 577 1686 Non
602 1653 649 1684 tu
672 1640 789 1684 recle
813 1637 887 1683 hic
905 1638 962 1682 de
987 1653 1060 1683 me
1075 1635 1295 1682 sentiebas
1328 1651 1341 1680 t
1376 1652 1522 1699 neque
1543 1639 1666 1683 enim
1690 1654 1779 1701 ego
1801 1641 1926 1702 apud

143 1706 405 1759 Romanos,
451 1701 761 1757 Maffilienses,
807 1703 1030 1754 Venet05‚
1071 1706 1112 1747 &
1154 1701 1183 1746 si
1207 1701 1288 1763 qui
1312 1700 1389 1746 alii
1412 1701 1613 1756 fuerunt,
1662 1705 1781 1762 apud
1807 1722 1924 1767 quos

141 1769 404 1832 potentiora
429 1768 604 1815 fuerint
642 1767 799 1829 legum
838 1766 978 1828 quam
1003 1764 1242 1812 hominum
1265 1764 1474 1827 imperia,
1519 1776 1612 1812 ta'm
1643 1766 1832 1830 suspicio
1853 1769 1926 1816 dia.

136 1836 316 1881 'versam
337 1833 534 1880 civitatis
566 1831 931 1878 administrandae
954 1831 1194 1883 rationem,
1222 1828 1360 1891 quam
1406 1830 1670 1892 aequitatem
1716 1851 1727 1879 :
1774 1852 1925 1897 neque

143 1900 344 1945 multum
369 1897 536 1944 referre
561 1909 671 1959 puto
697 1897 812 1948 Rex,
841 1896 968 1951 Dux,
994 1897 1270 1956 Imperator,
1309 1908 1365 1941 an
1392 1893 1581 1950 Consul,
1611 1910 1817 1953 vocetur,
1843 1901 1926 1963 qui

139 1964 307 2026 praesit,
336 1963 472 2010 modo
493 1962 607 2008 illud
632 1972 854 2013 teneatur,
876 1975 980 2005 eum
1006 1958 1234 2022 aequitatis
1257 1960 1439 2005 tuendae
1462 1960 1591 2006 cansa
1613 1960 1660 2007 in
1687 1965 1924 2026 magistra-

138 2041 194 2075 tu
218 2030 303 2074 effe
326 2028 622 2073 collocatum.
691 2024 943 2086 Imperium
968 2024 1091 2070 enim
1132 2024 1273 2069 modo
1317 2024 1368 2069 sit
1410 2023 1690 2087 legitimum,
1731 2040 1822 2075 non
1864 2032 1926 2077 est

144 2093 276 2154 quod
302 2093 358 2139 de
385 2092 570 2138 nomine
593 2090 689 2150 ejus
713 2089 1060 2136 contendamus.
1130 2089 1255 2134 Nam
1282 2090 1330 2137 8<
1353 2100 1491 2151 quem
1527 2089 1610 2136 hos
1637 2092 1926 2142 Venetorum

145 2157 329 2204 Ducem
353 2168 589 2209 vocainim,
612 2155 649 2201 is
676 2153 792 2200 nihil
815 2155 938 2200 aliud
962 2155 1038 2207 est,
1057 2153 1198 2215 quam
1223 2154 1321 2198 Rex
1344 2153 1578 2216 legitimus
1604 2171 1616 2201 ε
1651 2160 1687 2200 δι
1705 2157 1925 2206 Consules

140 2221 284 2284 'primi
328 2237 418 2267 non
444 2219 589 2267 modo
624 2222 807 2282 Regum
838 2218 1050 2280 insignia,
1075 2216 1424 2278 sedimperium
1459 2219 1597 2264 etiam
1621 2220 1922 2272 retinuerunt.

143 2287 200 2333 I'd
226 2287 363 2332 modo
401 2285 639 2339 intererat,
676 2282 803 2344 quod
826 2300 915 2328 non
946 2299 1077 2335 unus,
1102 2281 1175 2327 sed
1199 2282 1292 2328 duo
1315 2290 1540 2342 praeeran‘t
1572 2301 1582 2329 :
1621 2287 1767 2346 (quod
1786 2287 1927 2336 etiam

142 2349 190 2396 'in
218 2349 449 2413 perpetuis
474 2347 930 2396 Lacedaemoniorum
980 2346 1185 2408 Regibus
1224 2346 1319 2391 fieri
1361 2347 1542 2393 solitum
1583 2365 1675 2395 non
1718 2349 1924 2413 ignoras)

146 2417 225 2475 qui
255 2431 346 2461 non
374 2412 420 2459 in
446 2422 738 2476 perpetuum,
765 2410 908 2456 sedin
932 2427 1102 2456 annum
1131 2410 1415 2457 creabantur.
1487 2413 1610 2460 Illud
1633 2413 1777 2476 igitur
1798 2419 1923 2478 quod

144 2478 281 2525 initio
307 2478 526 2531 diximus,
555 2491 710 2523 tenere
734 2475 909 2538 semper
929 2487 1128 2537 oportet,
1174 2476 1325 2538 Reges
1352 2476 1551 2536 primum
1577 2479 1759 2525 tu‘endae
1784 2482 1931 2542 atqui·

134 2543 233 2589 'tati
259 2543 384 2589 fuisse
410 2542 692 2587 constitutos,
761 2540 815 2585 id
856 2539 929 2586 illi
968 2540 997 2585 fi
1031 2551 1183 2586 tenere
1212 2539 1472 2600 potuissent,
1517 2541 1764 2606 imperium
1788 2547 1925 2607 quale

144 2618 433 2668 acceperant,
459 2613 613 2652 tenere
640 2616 863 2667 perpetuo
886 2602 1162 2666 potuiffent3
1188 2603 1277 2650 hoc
1295 2605 1355 2650 est
1378 2605 1575 2652 liberum
1599 2607 1835 2671 &legibus
1859 2611 1931 2657 so-

145 2674 314 2720 lutum.
386 2671 474 2717 Sed
501 2673 572 2730 (ut
593 2669 794 2715 humana
815 2669 916 2715 sunt
946 2668 1120 2727 omnia)
1150 2669 1262 2716 statu
1284 2684 1435 2716 rerum
1457 2669 1506 2717 in
1530 2670 1659 2734 pejus
1683 2674 1928 2736 prolaben-

145 2750 209 2792 te,
236 2735 362 2799 quod
388 2734 584 2797 publicae
608 2733 819 2780 utilitatis
845 2732 975 2779 causa
1005 2732 1154 2779 fuerat
1175 2734 1467 2781 constitutum
1493 2735 1758 2798 imperium,
1783 2737 1829 2785 in
1856 2740 1928 2786 su-

143 2801 337 2865 perbam
361 2798 726 2846 dominationem
747 2796 905 2845 vertit.
974 2798 1096 2844 Nam
1120 2812 1227 2845 cum
1250 2798 1398 2845 libido
1422 2800 1605 2864 Regum
1638 2817 1721 2863 pro
1745 2803 1929 2866 legibus

144 2866 267 2920 effer,
313 2862 612 2926 hominesque
636 2862 684 2910 in
725 2861 940 2925 >potestate
965 2861 1144 2909 infinita
1194 2869 1234 2909 δε
1265 2863 1570 2911 immoderata
1592 2865 1807 2913 collocati
1847 2867 1931 2916 fibi

147 2947 243 2976 non
270 2940 592 2990 temperarent,
616 2926 691 2973 sed
717 2926 1060 2990 multa‘gratiae‚
1087 2927 1230 2974 multa
1251 2927 1389 2988 odiis,
1418 2931 1564 2975 multa
1587 2929 1776 2991 privatis
1801 2947 1931 2980 com.

149 2993 452 3040 moditatibus
475 2992 787 3053 indulgerent,
836 2992 1019 3055 Regum
1050 2991 1291 3038 insolentia
1327 2993 1482 3055 legum
1507 2992 1617 3040 fecit
1639 2994 1930 3046 defiderium

150 3059 302 3121 Leges
327 3057 473 3120 igitur
496 3056 582 3102 hac
601 3058 658 3102 de
680 3057 809 3102 causa
850 3056 1048 3103 inventae
1072 3056 1175 3103 sunt
1198 3072 1225 3103 a
1262 3056 1464 3119 populis,
1509 3057 1749 3121 Regesque
1784 3061 1934 3112 coacti

148 3136 241 3168 non
266 3121 342 3167 sua
364 3121 411 3167 in
431 3120 622 3180 judiciis
645 3119 847 3174 licentia,
889 3121 965 3167 sed
999 3120 1125 3184 quod
1159 3121 1358 3183 populus
1380 3121 1429 3168 in
1453 3121 1494 3169 se
1516 3122 1823 3183 dediffetjure
1847 3127 1931 3177 uti.

146 3184 318 3247 Muitis
347 3185 482 3237 ‚enim
504 3184 653 3231 edoffl
699 3196 828 3250 erant
857 3184 1203 3246 experimentis,
1246 3185 1409 3231 melius
1451 3186 1710 3234 libertatem
1747 3188 1932 3253 legibus

145 3266 286 3312 quam
314 3249 521 3311 Regibus
545 3247 672 3294 credi
697 3260 723 3295 ε·
741 3259 847 3300 'cum
872 3249 1000 3295 alteri
1025 3248 1182 3295 multis
1204 3249 1262 3296 de
1280 3250 1422 3296 causis
1443 3249 1471 3297 a
1491 3266 1599 3298 vero
1623 3251 1804 3301 deflecti
1827 3256 1935 3318 pos.

149 3314 264 3369 sent,
289 3313 442 3359 alterae
464 3313 671 3360 adversus
693 3329 847 3374 preces
872 3319 912 3360 ἂν
936 3311 1080 3359 minas
1104 3312 1246 3359 surdae
1273 3329 1416 3359 unum
1444 3320 1484 3362 δι
1507 3323 1780 3380 perpetuum
1801 3330 1934 3368 tene-

151 3394 251 3424 rem
278 3377 519 3424 servarent.
588 3377 795 3440 Regibus
817 3376 961 3440 igitur
984 3390 1148 3424 caetera
1189 3377 1344 3424 liberis
1366 3378 1443 3425 hic
1475 3396 1590 3428 unus
1613 3380 1809 3445 imperio
1832 3400 1933 3431 mo..

150 3442 235 3488 dus
259 3442 318 3488 est
341 3441 608 3504 praefinitus,
636 3454 683 3488 ut
706 3441 802 3488 suas
824 3442 1041 3496 ac'tiones,
1067 3447 1106 3488 δι
1122 3441 1376 3489 orationem
1399 3443 1457 3490 ad
1485 3445 1930 3510 legumrpraescripta

143 3506 528 3554 conformarent:
561 3509 610 3556 δὲ
653 3505 1125 3568 praemia'poenasque‚
1160 3506 1360 3553 maxima
1391 3501 1931 3559 societa'tis'‘continendae

138 3570 351 3626 vincula,
376 3582 434 3620 ex
454 3587 610 3620 earum
628 3569 935 3622 sandiionibus
954 3571 1231 3619 dividerent.
1301 3571 1519 3635 Denique
1539 3568 1934 3636 quemadmodum

1618 3669 1619 3673 =
1871 3655 1935 3689 ait
