2055 3828
203 130 334 216 '272
538 130 1668 200 RERUMffScochn--um

199 231 377 287 Percio‚
391 225 473 296 oui
492 232 550 277 ab
571 246 656 277 avo
674 226 803 274 victis
826 226 1027 289 partibus
1045 243 1103 274 ex
1117 226 1290 290 Anglia
1304 227 1525 274 adductus
1541 227 1591 275 in
1609 230 1804 279 Scotiam
1827 231 1951 296 apud

202 296 569 342 Gubernatorem
591 292 772 339 relictus
794 290 967 338 fuerat:
989 306 1042 337 ac
1064 305 1162 339 tum
1186 291 1213 337 a
1234 290 1583 355 novoRege.(1)
1608 294 1827 354 majorum
1848 297 1953 360 dig-

198 359 334 407 nitati
355 358 593 406 restitutus.
660 356 706 401 Is
738 369 1002 418 quanquam
1031 355 1134 416 jure
1157 355 1267 402 belli
1293 355 1498 418 captivus
1531 371 1634 403 non·
1653 358 1774 412 ciret,
1803 373 1954 407 tamen

198 424 360 488 injusta
389 419 591 468 detentio
615 418 773 466 Iacobi
794 418 877 466 filii
898 419 1040 491 Regis
1058 420 1296 467 Scotorum
1319 418 1445 474 feeit,
1468 436 1525 466 ue
1545 420 1690 484 Angli
1712 419 1769 468 de
1789 421 1955 484 injuria

198 488 329 550 queri
349 485 536 548 poss'ent.
604 483 702 546 lpse
724 496 845 531 certe
866 484 1046 530 Percius
1069 483 1183 531 adeo
1206 499 1296 531 non
1319 484 1380 530 est
1400 484 1611 540 offensus,
1634 497 1684 532 ut
1703 484 1812 532 dum
1843 486 1955 534 *ixit

199 552 438 596 Scotorum
457 552 567 610 erga
594 547 636 594 se
663 547 992 595 humanitatem
1026 548 1079 595 fit
1106 546 1234 595 omni
1264 546 1516 594 officiorum
1555 564 1720 612 genere
1755 551 1955 598 testatus.

202 619 272 675 (2)
292 613 463 659 Eodem
497 627 682 674 quoque
718 628 838 659 anno
856 612 996 659 altera
1025 611 1196 676 legatio
1212 613 1340 658 venit
1357 611 1593 659 aconcilio
1606 613 1953 668 Constantienfi‚

198 678 323 737 cujus
348 676 556 738 princeps
573 688 669 737 erat
690 676 848 722 Abbas
867 673 1123 723 Pontiniaci
1143 693 1155 722 ε
1179 677 1320 723 altera
1342 674 1369 722 ὲ
1383 677 1523 723 Petro
1542 677 1688 730 Luna,
1708 677 1788 740 qui
1809 679 1954 740 Papa-

188 755 295 787 ¹tum
313 739 445 786 semel
468 752 697 802 arreptum
720 739 1011 802 pertinaciter
1032 741 1270 787 retinebat.
1289 764 1291 769 ’
1339 741 1382 786 ls
1406 757 1486 802 per
1503 740 1757 788 Henricurn
1782 741 1955 788 Hardi-

197 821 306 852 num
337 805 542 867 Angluin
571 803 915 850 Franciscanum
938 803 987 851 in
1009 804 1132 851 suam
1154 804 1419 852 sententiam
1443 816 1637 851 traxerat
1658 804 1954 852 Gubernato-

194 885 288 915 rem
312 886 323 915 :
360 868 432 915 sed
457 867 645 914 frustra:
680 883 786 915 curn
814 867 1040 916 universus
1068 868 1349 916 sacerdotum
1382 868 1496 915 ordo
1529 881 1688 916 contra
1718 869 1955 915 niteretur.

197 932 291 995 Qi
311 930 637 980 Constantienfi
659 930 857 980 concilio
877 933 1045 988 affenfi,
1068 932 1280 980 electioni
1303 931 1496 980 Martini
1516 933 1668 996 quinti
1690 932 1955 998 subscripse-

196 1009 317 1044 runt.
1040 1023 1044 1029 ·

259 1063 366 1108 XX.
399 1062 574 1109 Interea
597 1063 695 1109 Rex
718 1062 992 1109 Francorum
1017 1078 1121 1109 cum
1146 1077 1203 1109 ex
1227 1061 1388 1108 morbo
1405 1077 1566 1125 parum
1593 1061 1656 1108 sui
1678 1078 1866 1125 compos
1888 1061 1954 1108 es·

196 1126 274 1181 set,
318 1142 369 1172 ac
402 1142 484 1188 per
506 1126 762 1173 MonaC'hos
784 1141 936 1173 curam
959 1127 1057 1188 ejus
1096 1126 1311 1190 professos
1329 1127 1381 1172 id
1421 1127 1592 1173 malum
1625 1128 1806 1174 auctum
1846 1125 1955 1172 fuis-

195 1192 274 1245 set,
296 1190 453 1238 Gallia
482 1189 529 1236 in
554 1190 665 1236 duas
684 1189 903 1236 fassiones
936 1191 1086 1237 abiit:
1123 1190 1307 1238 alterius
1344 1191 1557 1253 princeps
1593 1204 1688 1238 erat
1725 1191 1818 1238 dux
1841 1192 1955 1237 Bur-

196 1255 398 1319 gundiae,
422 1253 503 1317 qui
528 1254 641 1300 caeso
664 1254 805 1318 Regis
827 1253 963 1302 fratre
985 1255 1130 1318 ipsum
1152 1254 1199 1301 in
1224 1268 1371 1317 partes
1408 1255 1669 1318 Anglorum
1696 1256 1903 1302 trahebat
1939 1270 1953 1300 ε

195 1319 379 1366 alterius
399 1330 538 1381 caput
563 1330 658 1365 erat
680 1318 820 1381 Regis
864 1319 999 1374 filius,
1030 1319 1112 1382 qui
1145 1319 1173 1365 a
1195 1331 1321 1381 patre
1347 1318 1492 1366 deliro
1513 1319 1841 1373 exhaeredatus,
1873 1334 1955 1382 per

194 1382 446 1431 ludibrium
469 1382 526 1428 ab
556 1381 756 1429 inimicis
791 1384 862 1444 (3)
885 1384 984 1430 Rex
1011 1382 1269 1445 Biturigum
1309 1384 1656 1446 appellabatur;
1681 1385 1807 1446 quod
1830 1385 1954 1430 Ava-

196 1447 280 1494 rici
309 1445 567 1508 Biturigum
611 1446 652 1493 se
673 1445 955 1494 continebat.
1002 1448 1067 1493 ·Is
1089 1446 1116 1492 Ξι
1151 1447 1319 1507 majore
1360 1459 1487 1509 parte
1508 1447 1706 1502 suorum,
1731 1453 1770 1494 δι
1804 1447 1955 1495 omni·

195 1512 279 1558 bus
314 1510 509 1557 externis
534 1510 693 1556 amicis
726 1511 960 1558 destitutus
983 1527 1104 1557 anno
1142 1527 1157 1558 1
1177 1526 1238 1574 4¹
1257 1529 1287 1575 9
1313 1511 1545 1558 Comitem
1570 1510 1954 1560 Vindocinensem

194 1576 398 1638 legatum
421 1575 478 1620 ad
501 1577 659 1620 Scotos
682 1574 818 1627 misit,
836 1575 919 1637 qui
934 1591 990 1622 ex
1014 1574 1184 1621 foedcre
1207 1576 1429 1621 auxilium
1460 1588 1633 1636 peteret
1665 1578 1773 1638 (4).⁴
1812 1576 1866 1623 Ei
1905 1576 1954 1622 in

195 1651 424 1685 conventu
458 1638 673 1685 ordinum
706 1637 876 1700 septem
907 1639 1109 1685 virorum
1141 1638 1286 1685 millia
1307 1640 1488 1684 decreta
1524 1657 1534 1684 :
1577 1656 1725 1711 neque
1748 1652 1844 1685 tum
1878 1641 1953 1700 ju-

195 1715 382 1750 ventute
405 1718 486 1764 per
506 1701 692 1765 longam
714 1703 772 1748 ab
810 1701 975 1766 Anglis
1001 1718 1159 1765 pacem
1193 1701 1501 1766 multiplicata
1521 1703 1707 1749 difficile
1741 1704 1830 1750 tuit
1852 1719 1951 1750 eam

192 1767 556 1813 voluntariorum
594 1782 779 1813 manum
818 1767 1055 1814 conficere.-
1139 1766 1373 1813 Omnibus
1412 1766 1558 1829 copiis
1603 1767 1842 1829 praefectus
1895 1770 1956 1816 est

194 1830 387 1878 Ioannes
425 1830 670 1878 Buchaniae
703 1832 873 1877 Comes
896 1829 1231 1878 Gubernatoris
1270 1830 1402 1878 filius.
1464 1832 1583 1877 Eum
1621 1830 1755 1878 multi
1788 1846 1954 1895 genere

195 1894 305 1941 clari
340 1894 440 1940 sunt
477 1894 615 1941 secuti
667 1913 677 1940 :
725 1894 800 1942 sed
847 1894 985 1958 longe
1023 1895 1154 1958 supra
1193 1907 1381 1942 caetcros
1419 1895 1650 1942 eminebat
1679 1895 1953 1944 Arcibaldus

196 1957 428 2006 Victoniae
448 1958 635 2013 Comes,
663 1960 734 2022 (ς)
760 1958 1001 2005 Arcibaldi
1038 1958 1221 2006 secundi
1258 1958 1594 2022 Duglaffiorum
1628 1959 1825 2006 Comitis
1867 1961 1955 2008 fili-

195 2041 265 2070 us.
331 2022 399 2069 Hi
438 2038 543 2068 curn
577 2023 623 2068 in
662 2023 867 2069 Galliam
898 2023 1133 2075 venissent,
1169 2021 1196 2068 31
1231 2023 1416 2070 Delfino
1441 2028 1556 2086 (quo
1587 2026 1771 2071 nomine
1801 2025 1954 2087 Reges

196 2086 439 2134 Gallorum
471 2086 586 2133 filios
608 2086 939 2149 primogenitos
960 2088 1214 2150 appellant)
1238 2088 1286 2134 in
1321 2105 1478 2151 agrurn
1505 2088 1815 2135 Turonensem
1842 2088 1952 2136 missi

194 2151 430 2214 regionem
460 2149 664 2198 omnium
689 2166 836 2203 rerum
868 2149 1002 2213 copia
1027 2150 1257 2213 in'primis
1291 2151 1617 2205 abundantem,
1642 2158 1682 2198 &
1705 2151 1818 2199 hosti
1839 2153 1954 2200 vici·
1982 2183 1994 2189 —
2015 2194 2024 2208 ,

194 2231 317 2262 nam.
386 2214 530 2279 Angli
553 2214 674 2262 enim
699 2214 836 2261 frater
852 2214 946 2262 dux
968 2213 1232 2267 Clarentiae,
1251 2215 1330 2278 qui
1353 2214 1400 2262 in
1420 2215 1579 2262 Gallia
1602 2228 1699 2263 tum
1719 2233 1800 2279 pro·
1823 2218 1954 2281 Rege

193 2291 306 2334 erat,
329 2277 828 2342 Andegavenfium‚qui
850 2279 898 2326 in
918 2278 1058 2342 Regis
1081 2278 1325 2326 Gallorum
1345 2279 1434 2326 fide
1451 2280 1799 2342 permanserant,
1819 2297 1953 2346 agros

198 2342 508 2405 populabatur
535 2360 545 2389 :
580 2358 636 2393 ‚ac
657 2343 715 2390 ad
732 2343 961 2407 Baugium
984 2342 1139 2390 vicum
1160 2355 1374 2391 venturus
1396 2343 1679 2391 credebatur.
1746 2346 1863 2392 Haec
1884 2345 1953 2392 bi·

194 2407 337 2454 duum
363 2419 467 2454 ante
488 2407 654 2455 Pascha
677 2406 967 2467 gerebantur.
1022 2406 1174 2470 Igitur
1186 2406 1312 2455 Scoti
1331 2407 1403 2454 vel
1426 2408 1588 2454 ducem
1607 2409 1692 2456 rati
1720 2412 1736 2470 (
1744 2422 1792 2455 ut
1813 2410 1953 2456 moris
2024 2414 2036 2473 ζ·

194 2473 313 2531 erat)
333 2470 426 2518 illis
444 2470 598 2534 paucis
621 2471 781 2519 diebus
803 2470 862 2518 ab
875 2470 1002 2520 omni
1023 2470 1244 2519 violentia
1261 2471 1371 2519 belli
1391 2472 1672 2528 efflaturum,
1693 2478 1732 2518 &
1751 2487 1952 2520 ceremo·
2015 2479 2037 2492 '‘

250 2598 310 2649 (1)
337 2599 471 2638 Bower
487 2600 570 2638 tells
586 2613 643 2647 us,
677 2600 761 2639 that
794 2601 834 2640 in
863 2612 960 2653 ¹4¹5
982 2601 1048 2638 she

196 2651 294 2690 same
310 2665 396 2702 year
414 2653 495 2691 that
521 2652 586 2690 the
617 2655 767 2702 Englissi
785 2654 896 2692 burnt
925 2655 1047 2692 Dum-

195 2705 284 2743 frics
315 2706 401 2743 and·
418 2704 483 2743 the
514 2707 588 2749 carl
619 2705 663 2743 of
686 2705 864 2755 Doug‘lass
886 2707 1048 2752 Penner,

191 2755 299 2797 there
317 2770 391 2796 was
407 2771 428 2795 a
447 2758 524 2796 free
546 2758 733 2807 exchange
757 2761 832 2796 and
857 2759 990 2797 release
1008 2759 1054 2796 of

196 2810 383 2853 Murdoch
416 2812 574 2855 Srewart
608 2811 669 2848 son
704 2814 774 2849 and
804 2812 889 2850 heir
911 2820 951 2849 to
982 2813 1048 2850 the

195 2864 298 2903 duke
326 2864 372 2902 of
394 2864 545 2913 Albany
574 2876 753 2912 governor
784 2865 830 2902 of
859 2865 1047 2911 Scotland,

196 2918 268 2955 and
283 2918 414 2966 ‚Henry
432 2917 562 2966 Piercy
580 2918 626 2968 3d
653 2916 698 2955 of
715 2917 800 2965 that
817 2929 940 2964 name,
972 2918 1046 2955 carl

193 2969 242 3008 os
264 2969 622 3012 Northumberland.
695 2970 740 3008 In
767 2970 912 3020 Rymer
932 2972 1049 3008 under

195 3021 291 3072 May
312 3034 327 3061 r
339 3033 373 3061 ι.
396 3033 511 3075 ¹4¹5»
527 3021 847 3074 exemplification-
864 3023 923 3061 for
939 3023 1047 3060 Hen-

192 3088 238 3124 η
266 3075 396 3125 Pierty
411 3077 487 3113 carl
504 3075 551 3114 of
560 3074 904 3114 Northurnberland
920 3077 964 3114 de
977 3075 1046 3113 ha-

198 3127 358 3174 bilitate,
387 3129 540 3166 restored
563 3137 603 3166 to
619 3127 685 3167 the
705 3141 828 3175 name,
851 3129 960 3166 estate
976 3130 1047 3166 and

198 3178 364 3228 heritage
381 3181 427 3219 of
438 3181 503 3219 the
520 3181 615 3219 earls
626 3181 674 3220 of
687 3182 1048 3228 Northumberland,

148 3272 151 3275 K
197 3233 528 3283 notwithstanding
555 3232 620 3272 the
646 3232 847 3274 rebellions
873 3236 944 3272 and
968 3234 1048 3273 for·

146 3299 148 3303 r
199 3282 353 3322 feitures
363 3286 408 3326 of
413 3285 475 3323 his
482 3285 607 3325 father
621 3288 691 3325 and
705 3286 1050 3335 grandfather-‚both

196 3335 346 3384 nenrys
357 3339 428 3376 and
442 3338 531 3376 both
540 3338 634 3390 carle
644 3339 1049 3378 ofNorthumberland.

198 3387 303 3435 Aug.
321 3399 382 3437 ¹4·
399 3400 469 3439 ¹4¹
477 3405 512 3442 5.
526 3391 591 3429 the
609 3391 705 3441 kin‘g
720 3393 941 3441 ofEngland
960 3393 1050 3431 cans

198 3438 284 3477 him
300 3452 368 3478 our
382 3441 518 3479 dearest
534 3444 657 3482 cousin
683 3444 749 3482 the
780 3446 855 3483 earl
884 3445 931 3483 of
948 3447 1047 3484 Nor·

197 3490 463 3531 t‘bumberland
478 3497 624 3534 warden
650 3497 697 3535 of
707 3497 863 3536 our'east
880 3497 1049 3537 marcnes

198 3545 358 3587 towards
373 3545 562 3604 scotland.
592 3549 630 3593 It
647 3548 678 3589 iz
694 3549 857 3594 truethc
868 3550 1049 3609 <mist
1058 3578 1068 3585 -

1100 2601 1175 2640 sion
1191 2601 1299 2650 given
1312 2602 1360 2652 by
1372 2600 1438 2640 the
1449 2601 1543 2651 king
1554 2602 1599 2640 of
1622 2603 1790 2652 England
1803 2612 1842 2641 to
1859 2612 1954 2642 trea:

1101 2655 1210 2692 about
1221 2654 1280 2693 his
1293 2657 1360 2693 and
1375 2655 1700 2694 duchurdoch's
1713 2657 1952 2698 liberationis

1101 2710 1207 2745 dated
1227 2708 1434 2747 Dec'ernber
1455 2720 1515 2746 Π.
1541 2721 1652 2760 ¹4¹5·
1685 2710 1755 2746 and
1772 2709 1813 2747 in
1836 2710 1949 2758 1416,
2013 2727 2021 2729 ·“

1100 2764 1176 2810 lays
1195 2761 1397 2813 Coo-divin,
1415 2762 1542 2809 Henry
1561 2760 1689 2811 Pici-cy
1707 2763 1768 2799 did
1795 2761 1954 2811 homage
2001 2791 2022 2803 ,.

1101 2813 1141 2850 in
1158 2812 1224 2850 the
1236 2813 1352 2852 'house
1369 2814 1414 2851 of
1427 2815 1541 2852 Lords
1570 2822 1610 2851 to
1635 2814 1700 2853 the
1718 2814 1812 2863 king
1828 2814 1953 2865 fitting
1995 2814 2007 2851 '.

1101 2865 1141 2903 in
1159 2865 1219 2904 his
1236 2865 1342 2903 cheir
1358 2866 1404 2903 of
1416 2866 1528 2914 state;
1559 2867 1604 2917 by
1622 2867 1748 2905 which
1763 2866 1821 2904 his
1840 2870 1950 2906 resto-

1101 2915 1222 2956 ration
1253 2931 1326 2957 was
1347 2920 1575 2969 compleated
1602 2921 1674 2958 and
1689 2919 1892 2959 confirmed
1912 2921 1952 2959 in
1992 2931 2006 2940 ’·

1098 2970 1164 3009 the
1182 2970 1417 3021 parliament.

1152 3021 1219 3071 (2)
1249 3025 1361 3073 1416.

1153 3075 1217 3129 (3)
1245 3077 1298 3114 Le
1315 3078 1401 3128 Roy
1417 3080 1462 3116 de
1480 3077 1638 3128 Bourge.
1805 3117 1807 3121 Α
1976 3121 1983 3129 ,

1154 3130 1216 3180 (4)
1244 3130 1414 3169 Mezerai
1431 3132 1546 3169 under
1560 3130 1626 3170 the
1639 3144 1725 3182 year
1743 3143 1843 3183 1420
1870 3144 1954 3185 per-

1101 3181 1216 3232 feffly
1233 3194 1356 3231 agrees
1373 3183 1467 3222 with
1483 3193 1554 3221 our
1571 3185 1718 3223 author.
1817 3221 1841 3236 ,
1892 3210 1903 3217 -
1940 3182 1941 3185 “

1157 3235 1219 3287 (5)
1247 3236 1388 3274 Second
1406 3236 1453 3274 of
1457 3236 1541 3274 that
1557 3249 1681 3285 name,
1695 3237 1842 3288 but4th
1861 3238 1951 3278 eati.

1104 3289 1191 3326 Earn
1212 3288 1387 3327 William
1399 3288 1472 3326 ‘the
1490 3289 1579 3336 first,
1598 3291 1647 3328 ad
1664 3291 1739 3329 earl
1755 3289 1954 3346 Jameshis
1986 3294 1998 3343 'g
2013 3318 2044 3341 ,5

1106 3339 1184 3387 son,
1207 3342 1253 3392 3d
1270 3341 1345 3379 carl
1367 3341 1571 3380 Archibald
1588 3341 1655 3381 the
1675 3343 1787 3382 Grim
1806 3345 1974 3399 brotltei'-
1993 3345 2041 3388 '15

1102 3395 1523 3494 {2232221222522
1541 3394 1950 3488 tetrameter:
1989 3397 2044 3488 εξ»

1095 3498 1198 3542 bald.
1221 3504 1227 3511 ”
1393 3518 1396 3522 ’
1463 3534 1471 3542 .

2016 3571 2023 3588 1

1876 3600 1969 3651 niis
