2043 3864
597 195 922 263 Luam
1016 192 1383 260 NONUS.
1744 211 1873 278 237

178 304 289 352 XX.
328 300 401 348 Ad
424 299 545 346 hunc
564 308 793 343 rumorem
822 291 1113 354 divulgatum
1139 293 1212 355 (1)
1235 292 1442 338 Thomas
1465 286 1658 338 Bruflius
1681 289 1879 336 Carietae

114 369 287 418 Comes
301 382 401 414 cum
419 358 734 426 popularibus,
749 363 789 404 Sc
804 355 966 402 vicinis
982 355 1005 401 ἐ
1022 356 1176 412 Co'ila‚
1190 363 1235 406 Sc
1255 353 1550 419 Cunigamia,
1565 352 1676 401 item
1692 353 1878 400 Guliel-

111 450 217 481 mus
232 427 509 479 Carruderus
532 421 882 474 Annandianus,
904 418 987 482 qui
1007 419 1180 481 semper
1202 421 1460 483 Anglorum
1479 417 1724 481 imperium
1747 432 1879 464 recu-

113 497 301 550 saverat,
328 507 432 539 cum
453 489 630 543 amicis,
667 490 719 540 δε
743 482 1013 549 propinquis
1032 486 1055 531 e
1076 483 1280 531 latibulis
1303 484 1388 530 suis
1407 482 1621 546 prodiens
1645 482 1702 528 ad
1725 481 1877 527 Stuar-

63 558 67 561 ’
114 573 215 608 tum
237 556 377 605 venit.
438 556 557 602 Item
580 554 771 599 Ioannes
789 546 1045 596 Randolfus
1068 548 1289 595 Moraviae
1312 550 1478 595 Comes
1493 547 1519 595 ὲ
1541 545 1709 594 Galliis
1731 561 1881 591 rever—

113 623 185 670 sus
208 624 334 684 spem
354 630 647 666 externorum
671 614 944 662 auxiliorum
966 612 1134 658 attulit.
1168 612 1316 675 Igitur
1338 612 1499 659 animis
1523 612 1581 658 ad
1605 611 1775 672 maj9ra
1795 608 1884 655 sus-

112 686 328 750 cipienda
348 683 505 732 creetis
526 680 728 730 exercitu
750 677 977 730 confectO,
1004 691 1055 722 ac
1072 676 1260 737 juvante
1279 689 1464 724 conatus
1489 692 1646 723 eorum
1669 672 1884 721 Gotofri·
1920 703 1925 705 -

116 751 178 797 do
201 751 352 797 Roffio
375 747 592 813 praefeEto
619 743 822 805 juridico
848 744 917 804 (2)
945 740 1132 787 Aerenfi
1154 740 1280 786 brevi
1315 753 1458 787 totam
1484 740 1730 793 Cafiftam,
1772 737 1886 785 Coi-

55 832 57 834 ·
116 816 229 869 lam,
254 820 303 865 δε
327 809 652 875 Cunigamiam
678 808 727 854 in
749 806 845 854 suas
869 816 1018 869 partes
1036 816 1283 852 traxerunt.
1350 805 1602 852 Renfroani
1623 819 1807 868 quoque
1829 803 1889 849 ad

119 881 324 941 Stuartos
344 889 514 924 veteres
536 873 749 921 dominos
770 871 968 918 libenter
989 870 1278 916 accesserunt.
1346 871 1518 916 Eorum
1541 869 1806 930 exemplum
1824 867 1900 925 se-J.

117 942 216 991 cuti
241 947 257 1004 (
263 945 310 1005 3)
340 941 538 988 Andreae
560 936 763 985 Moravii
787 936 977 983 clientes
1003 935 1209 997 reliquos
1250 933 1518 981 Glottianos
1543 933 1709 996 partim
1731 932 1892 978 v'olen-

120 1020 206 1061 tes,
230 1005 397 1070 partim
416 1003 584 1052 invitos
607 1004 664 1050 ad
687 1001 864 1049 causam
891 1000 1251 1061 conjunxerunt.'
1312 1000 1388 1046 Ab
1406 998 1476 1045 his
1501 1012 1592 1044 tarn
1615 996 1729 1044 laetis
1748 995 1893 1044 initiis

116 1073 254 1118 aneta
275 1069 457 1124 fiducia,
483 1081 532 1115 ut
550 1069 682 1115 status
702 1064 880 1130 publici
901 1065 1005 1111 esset
1022 1064 1177 1126 aliqua
1196 1063 1353 1126 imago
1371 1056 1574 1110 colleftis
1595 1061 1772 1108 suarum
1791 1077 1894 1123 par-

123 1135 243 1183 tium
264 1133 549 1198 principibus
574 1134 792 1194 Proteges
814 1140 969 1176 creant
990 1128 1245 1174 Robertum
1269 1129 1501 1174 Stuartum
1536 1127 1613 1173 etfi
1638 1125 1894 1173 adolescen-

123 1211 236 1255 tem,
261 1212 412 1246 tamen
435 1197 514 1261 qui
536 1195 851 1259 expeditiones
874 1194 952 1238 has
970 1190 1163 1238 leviores
1181 1191 1410 1237 animixsui
1432 1191 1609 1238 obsides
1627 1206 1736 1253 erga
1752 1190 1897 1252 patri-

125 1281 202 1312 am
217 1263 418 1311 'dediffet
443 1281 454 1309 :
490 1267 530 1309 &
553 1263 772 1308 Ioannem
794 1255 1080 1305 Randolfum
1103 1267 1247 1320 patre,
1289 1270 1341 1300 ac
1364 1254 1500 1302 fratre
1523 1254 1629 1300 viris
1653 1254 1898 1301 clarissimis

127 1329 340 1392 dignum.
408 1329 452 1374 Is
467 1343 572 1374 cum
590 1325 691 1373 satis
709 1323 861 1372 valida
883 1337 1020 1368 manu
1038 1321 1095 1367 ad
1118 1319 1325 1384 regiones
1349 1319 1397 1366 in
1415 1319 1736 1382 septentriones
1755 1318 1899 1364 versas

107 1394 279 1449 ,miffus
317 1390 690 1439 concurrentibus
720 1388 779 1435 ad
807 1403 913 1434 eum
951 1401 1066 1448 quos
1097 1384 1390 1432 immoderati
1424 1385 1684 1447 Anglorum
1718 1381 1903 1445 imperii

129 1491 133 1496 -
166 1457 370 1506 ertaesuvm
388 1468 500 1512 erat,
521 1453 751 1503 Davidem
776 1450 1050 1499 Cuminium
1073 1450 1220 1497 subita
1247 1448 1504 1496 animorum
1527 1445 1828 1499 inclinatione
1846 1446 1904 1493 il·

85 1541 93 1543 ⁴
153 1539 178 1569 a
195 1520 482 1586 perterritum
501 1521 549 1567 in
573 1518 766 1566 Abriam
788 1517 926 1579 usque
946 1515 1241 1579 persequitur.
1297 1513 1371 1560 Ibi
1392 1513 1440 1561 in
1462 1512 1676 1577 angustiis
1698 1512 1904 1558 locorum

132 1584 481 1650 deprehensum,
507 1591 547 1634 δε
569 1583 778 1631 omnium
801 1597 953 1628 rerum
976 1580 1185 1642 poenuria
1205 1577 1571 1625 circumventum
1611 1578 1670 1624 ad
1708 1574 1906 1623 deditio-

135 1668 243 1698 nem
265 1651 490 1714 compulit
514 1667 526 1695 :
564 1654 603 1695 δι
637 1647 686 1693 in
708 1647 846 1695 verba
879 1644 1264 1704 Brussiifficoa&um
1280 1644 1432 1705 jurare
1455 1642 1625 1689 dimifit
1651 1659 1662 1688 :
1702 1641 1911 1703 adeoque

136 1714 552 1778 pollicitationibus
575 1712 672 1772 ejus
690 1712 827 1757 fidem
849 1709 1028 1762 habuit,
1070 1721 1120 1755 ut
1141 1707 1374 1754 discedens
1392 1706 1614 1754 vicarium
1633 1721 1739 1752 eum
1759 1721 1846 1767 pro
1868 1704 1910 1752 se

141 1779 392 1843 reliquerit.
435 1779 538 1825 Nec
552 1777 630 1823 ille
649 1775 843 1838 segniter
865 1773 1191 1820 Brussianarum
1211 1771 1408 1835 partium
1429 1771 1626 1820 studium
1650 1770 1907 1817 simulabat..

208 1844 338 1890 XXI.
370 1845 549 1890 Interea
579 1839 834 1887 Randolfus
855 1838 903 1884 in
926 1837 1200 1884 Lothianam
1220 1836 1417 1884 reversus
1440 1852 1545 1882 cum
1580 1846 1732 1882 vetere
1764 1833 1913 1881 amic:-

145 1906 386 1954 Gulielmo
408 1905 660 1969 Duglassio,
682 1904 765 1966 qui
785 1918 932 1964 nuper
959 1918 1016 1947 ex
1050 1900 1224 1964 Anglia
1243 1901 1439 1947 reversus
1461 1901 1715 1962 squalorem
1736 1897 1915 1945 diutur-

143 1987 254 2017 num
275 1971 462 2018 carceris
478 1969 656 2034 magnis
678 1967 870 2015 hostium
885 1966 1090 2013 cladibus
1114 1965 1428 2019 ulciscebatur,
1453 1963 1494 2011 se
1517 1963 1770 2027 conjunxit.
1817 1963 1919 2008 An<-

145 2035 275 2082 dreas
297 2034 550 2088 Moravius‚
576 2032 658 2096 qui
679 2032 736 2079 ad
759 2032 1046 2095 Rosbergum
1068 2042 1227 2092 captus
1249 2029 1396 2076 fuerat
1416 2029 1579 2076 itidem
1603 2028 1754 2077 rediit.
1821 2026 1919 2090 Igi-

147 2111 220 2146 tur
236 2116 338 2146 cum
358 2099 528 2146 ducum
545 2097 727 2145 abunde
745 2097 866 2149 effer,
886 2098 1102 2158 Proreges
1120 2107 1398 2141 conventum
1417 2095 1684 2141 indixerunt
1704 2091 1924 2141 Perthum

146 2163 196 2210 in
217 2164 442 2211 Calendas
462 2161 636 2226 Aprilis
660 2163 750 2225 (4).
817 2162 886 2208 Εὸ
908 2162 1014 2207 cum
1032 2160 1246 2222 frequens
1263 2158 1476 2206 nobilitas
1493 2159 1785 2214 convenisset,
1808 2155 1925 2204 nihil

98 2252 100 2254 v
150 2239 316 2275 tamen·
340 2226 507 2275 confici
538 2227 708 2290 potuit,
744 2229 930 2289 propter
962 2225 1236 2271 simultatem
1282 2223 1504 2280 nobilem,
1540 2241 1644 2288 quae
1677 2238 1772 2272 erat
1804 2222 1926 2268 inter

151 2292 445 2340 Gulielmum
463 2291 766 2355 Duglaffiu'rm
792 2295 831 2336 δε
854 2290 1084 2337 Davidem
1108 2288 1394 2336 Cuminium.
1446 2289 1593 2336 Causa
1612 2285 1927 2352 praetendeba-

152 2368 243 2412 tur,
267 2356 391 2420 quod
417 2356 625 2403 Cuminii
645 2372 784 2419 opera
805 2355 1060 2418 Duglaffius
1084 2352 1256 2400 fanum
1276 2366 1501 2417 argueret,
1525 2353 1655 2417 quod
1676 2354 1846 2401 tardius
1867 2349 1927 2397 ab

154 2423 323 2485 Anglis
344 2423 449 2467 effet
469 2421 686 2467 dimissus.
719 2419 939 2467 Cuminio
960 2418 1143 2465 favebat
1162 2420 1366 2465 Stuartus
1392 2435 1404 2464 ε
1428 2418 1664 2481 Duglaflio
1685 2416 1836 2466 caeteri
1858 2415 1927 2462 fe·

154 2500 203 2531 re
225 2501 400 2533 omnes.
461 2484 706 2532 Cuminius
723 2499 831 2530 vero
848 2483 975 2545 quod
992 2481 1251 2529 comitatior
1267 2482 1324 2528 ad
1341 2496 1619 2530 conventum
1636 2483 1837 2537 venisset,
1852 2497 1928 2532 eas

155 2549 419 2596 inimicitias
440 2549 703 2596 causabatur
727 2566 737 2594 :
763 2547 1012 2595 adduxerat
1030 2547 1154 2593 enim
1176 2559 1354 2593 tantum
1379 2545 1648 2604 amicorum,
1672 2551 1724 2599 ὃς
1750 2546 1930 2596 clienti-

150 2630 238 2660 um
260 2631 518 2668 numerum,
544 2627 592 2661 ut
613 2611 785 2659 caeteris
803 2611 1014 2658 omnibus
1037 2610 1355 2665 formidolosus
1375 2612 1481 2658 ess‘et
1504 2631 1515 2658 ε
1538 2613 1738 2678 augebat
1757 2613 1932 2676 suspiti-

56 2697 65 2701 ·
92 2720 94 2723 ,
156 2694 266 2724 ones
286 2679 521 2741 ingenium
540 2678 634 2738 ejus
657 2677 849 2731 varium,
870 2681 909 2722 &
928 2676 1151 2722 mutabile
1171 2694 1182 2723 z
1203 2675 1380 2736 animus
1401 2677 1563 2733 vastus,
1585 2684 1625 2725 δε
1650 2678 1762 2725 certi
1776 2695 1933 2727 rumo-

157 2757 225 2788 res
249 2743 534 2789 de'adventu
559 2741 835 2803 Anglorum,
867 2757 974 2786 cum
993 2740 1159 2802 quibus
1183 2756 1318 2787 nemo
1340 2739 1433 2787 fere
1468 2742 1726 2797 dubitabat,
1758 2745 1867 2808 quin
1886 2743 1932 2790 se

158 2805 373 2853 Atholius
395 2809 710 2869 conjungeret.
778 2807 881 2852 Nec
903 2804 1049 2852 multo
1071 2806 1165 2866 post
1186 2805 1367 2868 Anglus
1391 2806 1638 2854 Balliolum
1666 2807 1814 2857 secum
1844 2809 1930 2855 du-

155 2885 262 2917 cens
291 2871 469 2934 magnis
492 2871 636 2934 copiis
666 2882 784 2918 terra
811 2869 1016 2932 marique
1046 2869 1248 2917 Scotiam
1274 2869 1437 2918 invasit
1476 2889 1487 2917 ε
1523 2871 1661 2919 classis
1683 2885 1866 2923 centum
1889 2877 1932 2920 δε

211 3013 231 3077 ζ
237 3015 274 3064 1)
289 3015 662 3065 Brotherto'Robert,
677 3020 746 3057 and
760 3009 1016 3058 toAlexander
1067 3017 1203 3066 quhair
1219 3031 1316 3056 were
1335 3017 1473 3056 ffieriffs
1490 3018 1536 3056 of
1550 3013 1741 3057 Dumfries
1770 3020 1818 3061 of
1829 3023 1891 3061 old
1918 3021 1934 3069 ζ

159 3069 303 3106 sszunat
316 3071 590 3108 Halidon—hill.
1069 3072 1196 3109 which
1215 3073 1324 3108 estate
1343 3074 1413 3108 and
1430 3071 1537 3109 office
1555 3071 1622 3109 fell
1641 3081 1680 3110 to
1702 3074 1766 3112 the
1785 3075 1924 3113 crich-

215 3123 276 3173 (2)
296 3122 434 3169 Others
450 3126 569 3161 would
582 3125 674 3162 have
692 3125 723 3162 it
740 3123 1013 3174 Dumfrifiensi3
1070 3135 1153 3163 tons
1173 3126 1214 3162 in
1244 3125 1310 3161 the
1337 3126 1419 3173 days
1436 3125 1481 3161 of
1493 3108 1598 3171 'king
1614 3125 1741 3176 James
1769 3127 1836 3165 the
1868 3134 1932 3176 ad,

164 3175 326 3220 because,
359 3175 416 3224 say
433 3176 534 3235 they,
566 3177 637 3236 the·
650 3177 847 3227 sherifflhip
864 3180 908 3215 os
922 3179 1015 3216 Aire
1072 3179 1117 3227 by
1153 3177 1334 3224 marriage
1369 3177 1414 3213 of
1443 3176 1507 3213 the
1542 3177 1642 3214 elder
1675 3180 1856 3229 daughter
1892 3191 1933 3220 to

163 3229 658 3319 ἓιζῐῒῖοζῗετὸοέῗὲῗάἑξῗὸ
685 3230 1026 3331 ξὲοῗξὲἀόξζεῒῖῗ
1075 3284 1153 3320 lord
1183 3229 1932 3326 crichgrghffighcz‘hoffnoffosymlllgssssnf

165 3333 261 3382 king
279 3335 420 3372 Robert
439 3334 570 3381 Bruce,
587 3335 631 3371 sir
648 3335 793 3372 Donald
806 3337 1019 3384 Campbeil,
1075 3335 1201 3383 which
1217 3335 1324 3372 office
1342 3335 1404 3372 the
1432 3336 1511 3372 lord
1528 3337 1740 3386 Sanquhair
1756 3343 1828 3378 and
1855 3317 1933 3380 earl³

169 3387 316 3425 brother
334 3397 372 3424 to
388 3386 452 3424 the
473 3387 612 3434 knight
630 3388 673 3423 of
688 3388 865 3434 Lochow,
885 3390 1019 3425 marri·
1074 3390 1118 3425 of
1133 3388 1324 3425 Dumfries
1336 3387 1516 3425 demitted
1532 3389 1572 3426 in
1587 3391 1651 3428 the
1668 3393 1736 3430 last
1747 3403 1916 3446 century.

167 3441 211 3476 ed
228 3440 291 3476 the
310 3440 471 3478 heretrix
485 3442 528 3477 of
540 3442 718 3485 Lowdon,
735 3444 804 3477 and
821 3442 1021 3482 continued
1129 3441 1189 3491 (3)
1218 3442 1315 3478 Lord
1334 3441 1537 3479 Bothwell.
1579 3444 1646 3482 See
1666 3445 1731 3484 the
1761 3457 1869 3487 notes
1885 3463 1934 3488 on

170 3492 308 3538 {heriffi
328 3493 376 3530 he
394 3495 463 3530 and
480 3494 537 3530 his
552 3494 650 3530 heirs
668 3503 706 3529 to
719 3493 801 3530 that
815 3495 892 3530 lord
910 3496 1021 3530 Low·
1076 3506 1155 3542 cap.
1174 3495 1210 3532 8.
1228 3496 1298 3531 and
1319 3493 1388 3532 lib.
1411 3495 1448 3535 8.
1468 3508 1532 3547 cap
1550 3507 1617 3537 20.

172 3547 257 3590 don,
275 3545 362 3582 who
380 3547 558 3583 demitted
577 3545 641 3582 the
660 3546 756 3582 same
775 3546 881 3583 office
899 3546 938 3583 in
957 3546 1021 3583 the
1132 3548 1192 3598 (4)
1219 3558 1236 3584 x
1252 3561 1270 3601 3
1286 3560 1304 3600 3
1318 3560 1354 3600 5.

172 3597 237 3660 last
262 3608 426 3651 century.
482 3601 578 3639 Now
605 3599 677 3639 the.
699 3600 826 3638 Rofl'es
855 3599 899 3638 of
929 3601 1021 3640 San-
1280 3638 1283 3639 ⁷
1334 3602 1336 3604 ’

1822 3714 1944 3765 sexa-
