2006 3858
394 122 692 190 Lrnssn
770 122 1568 192 Decrmusnonns.
1704 148 1831 210 573

71 221 257 272 nornine
280 220 500 284 imperata
518 237 628 278 erat,
646 224 976 285 repraesentata,
1003 229 1042 268 &r
1067 225 1126 270 ab
1142 223 1241 270 aliis
1262 223 1433 286 praedes
1453 223 1563 269 dati.
1591 221 1664 267 Ab
1686 223 1843 270 Hunt-

74 289 178 341 iaeo,
220 290 266 336 &
290 286 514 341 tribuum,
544 304 595 333 ac
619 305 888 350 magnarum
913 288 1225 335 clientelarum
1251 287 1535 350 principibus
1559 286 1734 333 obsides
1759 290 1841 332 ab·

74 352 216 399 ducti.
290 352 362 397 Ita
397 350 675 405 nationibus,
713 367 816 413 quae
840 353 896 398 ad
920 352 1245 413 septentriones
1272 366 1484 415 vergunt,
1503 351 1694 414 pacatis,
1732 367 1847 404 cum,

75 418 246 463 summa
270 415 494 461 bonorum
518 416 723 462 omnium
751 433 830 477 per
853 429 1000 463 totum
1024 416 1110 463 iter
1127 416 1433 480 gratulatione
1450 417 1665 463 Perthum
1693 417 1753 461 est
1775 433 1846 461 re·

49 483 242 527 ditum.
311 480 377 525 Eo
401 492 652 526 conventus
687 480 939 527 nobilitatis
971 496 1064 526 erat
1087 481 1284 529 indiffitus
1309 481 1379 528 ob*
1397 481 1566 536 literas,
1606 497 1717 542 quas
1749 481 1847 526 Ro-

76 546 229 592 bertus
253 543 422 590 Bodius
445 544 661 606 Elginam
687 560 743 589 ex
764 546 935 608 Anglia
959 546 1013 590 ad
1039 547 1289 609 Protegem-
1307 546 1535 592 attulerat.
1603 546 1746 592 Erant
1766 561 1849 590 au·

75 622 167 656 tem
194 609 337 655 literae
362 610 547 670 perlatae
578 611 728 655 alteras
752 609 958 668 privatae,
981 610 1135 656 alterae
1158 611 1373 673 publicae.
1411 663 1416 667 ι
1441 611 1636 671 Privatae
1657 610 1846 672 quidem

75 673 316 719 ab-aulicis
339 674 613 734 quibusdam
638 673 803 735 Anglis
840 674 896 719 de
921 675 1116 721 Hauarti
1139 674 1470 736 conjuratione.
1517 682 1575 704 '“
1605 675 1718 721 Eam
1744 687 1848 720 tan-

76 751 121 783 ta
143 738 356 800 potentia
372 738 626 792 subnixam,
667 750 793 783 tanta
815 738 1059 799 prudentia
1091 738 1373 801 dispositam,
1403 752 1541 802 atque
1569 740 1847 794 instruCtarn,

75 816 126 848 ut
147 801 316 848 nullius
335 802 529 856 viribus,
556 801 724 848 nullius
747 802 936 865 ingenio
959 804 1001 849 ei
1024 803 1159 850 resisti
1183 801 1340 866 posset,
1364 821 1421 850 ne
1443 805 1473 849 fi
1496 805 1684 866 reliquae
1707 804 1843 851 totius

75 866 323 913 Britanni'ae
346 868 462 912 vires
486 867 694 913 adversus
718 882 819 913 eam
843 871 1022 914 coeant.
1092 869 1409 914 Hortabantur
1432 882 1585 915 autern
1610 869 1763 922 amici,
1790 885 1848 915 ne

74 930 308 979 fortunam
331 932 451 978 suam
476 931 713 979 florentem
746 947 850 978 cum
873 933 1006 978 rebus
1030 932 1221 979 aliorum
1247 932 1436 994 perditis
1460 932 1664 979 misceret
1686 952 1697 979 :
1739 934 1848 980 fibi-
1888 937 1893 947 ‘

74 1012 165 1058 que
190 995 373 1057 pariter,
399 1012 451 1041 ac
473 997 606 1043 rebus
631 996 715 1042 suis
737 997 887 1042 adhuc
910 996 1099 1060 integris
1121 998 1388 1044 consuleret.

139 1061 362 1106 XXXIX.
397 1062 549 1107 Status
588 1077 736 1108 rerum
761 1061 1062 1124 Anglicarum
1099 1064 1172 1123 (1)
1214 1062 1284 1107 his
1307 1078 1389 1108 nos
1411 1060 1601 1123 paulum
1625 1060 1851 1109 divertere

0 1176 6 1177 ⁷
73 1125 219 1186 cogit,
240 1125 364 1186 quod
386 1141 440 1171 eo
464 1138 670 1188 tempore
689 1126 803 1172 adeo
824 1126 1053 1188 utriusque
1068 1142 1199 1189 regni
1213 1125 1441 1188 prospera,
1467 1130 1515 1175 &
1537 1126 1723 1171 adversa
1738 1143 1848 1173 con·

72 1189 232 1250 junCta
253 1203 396 1243 erant,
424 1203 471 1235 ut
498 1192 639 1236 altera
671 1190 760 1237 sine
783 1190 934 1236 alteris
959 1190 1178 1252 explicari
1200 1191 1459 1252 nequirent,
1528 1191 1654 1237 Scoti
1673 1197 1780 1237 'ante
1803 1209 1850 1237 a·

75 1253 224 1315 liquot
248 1269 388 1299 annos
416 1254 674 1318 Angloruxn
696 1255 879 1301 auxiliis
915 1256 939 1301 ὲ
963 1255 1178 1301 ser-vitute
1202 1255 1392 1301 Gallica
1409 1253 1590 1300 liberati
1614 1255 1850 1317 religionis

74 1317 239 1371 cultui,
265 1324 303 1364 δε
324 1318 486 1364 ritibus
511 1334 617 1370 cum
643 1320 809 1381 Anglis
832 1319 1155 1365 communibus
1179 1319 1545 1382 {ubl‘eripserune
1613 1321 1681 1365 Ea
1705 1321 1849 1368 subita

77 1398 227 1430 rerum
265 1383 461 1430 mutatio
494 1383 715 1445 spondere
737 1383 995 1438 videbat-ur,
1041 1383 1330 1431 Britanniam
1357 1382 1609 1430 universam
1643 1384 1701 1429 ab
1724 1386 1853 1432 omni

76 1446 324 1494 domestico
358 1449 558 1494 tumultu
592 1448 957 1509 conquIeturarn.
1025 1449 1063 1496 E
1086 1447 1341 1495 continenti
1379 1464 1488 1494 vero
1517 1447 1733 1494 Pontifex
1754 1451 1853 1495 Ro-

76 1512 535 1567 m‘anuS,Gallorum,
552 1518 591 1558 &
613 1512 922 1574 Hispanorum
944 1514 1095 1575 Reges
1120 1514 1290 1559 bellum
1314 1512 1620 1566 minabantur,
1641 1518 1687 1562 δί
1706 1516 1853 1561 confi-

76 1575 144 1626 lia.
162 1592 381 1623 novarum
417 1594 568 1623 rerum
607 1576 726 1624 inter
765 1577 805 1624 se
839 1578 957 1624 clam
982 1578 1250 1624 tractabant.
1328 1579 1388 1624 Et
1425 1576 1640 1624 Pontifex
1662 1579 1851 1640 quidem

78 1641 325 1696 hortando,
350 1645 399 1691 ὅς
426 1642 690 1703 pollicendo
709 1642 882 1689 strenue
906 1642 1025 1689 faces
1045 1641 1212 1688 animis
1236 1642 1302 1688 ira
1326 1641 1609 1689 tumentibus
1631 1645 1853 1692 admove-

80 1705 173 1752 bat.
243 1706 623 1769 Regibusautem
643 1706 762 1752 inter
778 1707 819 1753 se
844 1723 933 1756 non
958 1706 1060 1753 satis
1083 1706 1212 1752 domi
1233 1706 1558 1761 concordibuS,
1584 1707 1648 1753 ita
1670 1723 1780 1771 opes
1804 1727 1853 1757 e·

77 1781 179 1816 rant
200 1770 442 1824 exhaustae,
465 1784 514 1817 ut
534 1770 678 1833 magis
702 1786 885 1832 cupere,
903 1787 1043 1834 quam
1061 1770 1281 1834 suscipere
1304 1772 1424 1818 bella
1449 1770 1725 1824 viderentur.
1765 1775 1853 1819 Su-

86 1834 214 1881 berat
235 1840 274 1880 &
297 1830 380 1880 illa
416 1834 665 1890 aemulati0‚
691 1838 818 1897 quod
859 1850 1018 1883 neuter
1051 1823 1281 1883 videretur
1322 1851 1455 1897 aequo
1493 1836 1647 1882 animo
1681 1837 1852 1885 laturus

45 1928 51 1929 ν
79 1911 258 1945 tantum
285 1900 413 1945 alteri
429 1900 590 1945 virium
613 1901 878 1956 accrescere,
898 1913 1120 1964 quantum
1138 1901 1311 1964 Anglia
1332 1900 1512 1947 devicta
1533 1901 1763 1959 adjectura
1784 1906 1854 1949 vi-

81 1962 280 2010 deretur.
352 1965 476 2010 Inter
494 1980 569 2011 eos
592 1965 783 2020 interea,
807 1969 856 2015 &
879 1966 978 2012 suos
996 1966 1117 2012 cives
1140 1965 1210 2010 hae
1234 1964 1551 2011 contentiones
1573 1965 1853 2023 inciderunt,

78 2044 182 2089 quae
221 2027 397 2074 animos
433 2045 459 2075 a
481 2045 631 2077 rerum
671 2043 961 2077 externarum
983 2029 1344 2092 cogitationibus
1366 2026 1652 2077 averterent:
1708 2049 1857 2094 quan-

54 2107 218 2154 'quarn
244 2099 282 2140 &
303 2094 484 2142 novitas
516 2094 665 2157 regni,
705 2095 835 2155 quod
858 2094 1116 2141 adolescens
1138 2094 1333 2141 foemjna
1352 2094 1520 2158 absque
1544 2095 1642 2141 viro
1670 2096 1855 2144 summae

79 2173 232 2211 terum
251 2158 557 2220 apudAnglos
581 2160 1051 2223 praeeffe‹t(quam‚qui
1065 2160 1108 2205 ei
1129 2158 1384 2222 iniquiores
1407 2173 1552 2215 erant,
1585 2176 1642 2206 ex
1663 2160 1857 2226 illegiti-

83 2221 168 2268 mis
194 2222 366 2285 nuptiis
391 2222 597 2269 Henrico
620 2225 781 2270 octavo
800 2224 1006 2287 genitam
1030 2225 1354 2283 affeverabant)
1381 2230 1420 2270 8:
1444 2224 1747 2286 superioribus
1765 2241 1857 2275 tam

82 2286 139 2332 de
161 2303 322 2350 regno,
346 2304 484 2350 qnam
508 2288 566 2336 de
587 2287 811 2350 religione
834 2288 1018 2335 diffidiis
1041 2288 1188 2352 magis
1219 2288 1439 2351 repressis,
1462 2306 1598 2352 quam
1623 2291 1855 2347 extinctis,

81 2350 294 2405 odiorum
318 2366 468 2401 tamen
488 2352 696 2406 scintillae
717 2353 868 2399 adhuc
886 2354 934 2399 in
956 2354 1121 2400 animis
1146 2353 1376 2407 vivebant,
1403 2370 1505 2415 quae
1528 2369 1638 2402 mox
1658 2354 1706 2400 in
1728 2373 1858 2420 mag·
1918 2404 1921 2405 ⁷

80 2431 192 2461 num
215 2416 479 2464 incendium
503 2429 731 2479 erupturae
753 2418 1059 2464 crederentur.
1130 2417 1297 2463 Multis
1332 2417 1518 2463 interim
1552 2420 1791 2467 conatibus
1832 2439 1858 2468 a

81 2480 276 2543 Papanis
303 2480 466 2543 Anglis
492 2494 660 2531 temere
683 2480 891 2543 sumptiS,
917 2487 966 2529 δε
989 2482 1082 2528 cito
1106 2482 1296 2544 pacatis,
1336 2497 1439 2528 cum
1471 2481 1646 2544 semper
1672 2484 1765 2531 fere
1787 2503 1856 2534 res

81 2543 330 2593 infeliciter
367 2546 645 2600 succederet,
676 2546 840 2592 exteris
863 2543 1029 2592 affidue
1050 2545 1175 2608 spem
1199 2546 1495 2607 quantumvis
1518 2547 1687 2594 variam
1712 2552 1859 2597 osten-

81 2609 304 2665 tantibus,
346 2625 429 2656 nec
459 2609 632 2657 auxilia
670 2610 764 2656 ulla
781 2608 1049 2665 ferentibus,
1075 2608 1373 2673 pervicaciter
1395 2625 1545 2658 tamen
1586 2611 1635 2658 in
1667 2610 1858 2662 consilio

81 2673 286 2737 suscepto
309 2675 598 2738 perfistebant
622 2691 634 2722 :
671 2673 906 2738 magisque
928 2675 1022 2721 dux
1041 2674 1348 2736 multisudini,
1373 2692 1513 2738 quam
1536 2692 1665 2740 opes,
1698 2685 1737 2726 δι
1759 2680 1860 2727 ani-

14 2779 18 2786 ,
83 2739 149 2795 mi
173 2739 317 2786 deeffe
340 2740 647 2787 videbantur.

147 2805 251 2851 XL.
287 2804 698 2867 Circumspiciebat
737 2804 902 2868 vulgus
940 2819 1020 2850 ora
1042 2820 1281 2866 procerum
1308 2823 1319 2853 ε
1355 2821 1439 2852 nec
1464 2805 1566 2854 satis
1589 2809 1858 2860 occurrebat

84 2868 323 2932 quisquam
345 2869 553 2924 idoneus,
574 2871 703 2932 cujus
729 2870 834 2916 fidei
858 2870 917 2923 se,
948 2869 1133 2930 suasque
1166 2886 1324 2918 omnes
1360 2871 1563 2918 fortunas
1597 2874 1862 2922 committe-

83 2944 201 2980 rent.
239 2934 652 2991 Tyrbulentiorum
678 2934 800 2981 enim
825 2950 949 2980 arma
969 2932 1126 2980 civilia
1146 2935 1316 2982 multos
1339 2935 1676 2997 absumpserant
1700 2955 1712 2984 :
1741 2940 1862 2986 mul-

0 3001 5 3006 '
29 3053 33 3056 Δ
87 2997 122 3044 ti
140 2997 187 3044 in
211 2998 433 3045 diversam
454 2998 616 3050 sectam
640 2999 919 3045 transierant.
987 2997 1253 3046 Nonnullos
1274 3013 1352 3046 aut
1371 2998 1556 3046 vivendi
1578 3003 1812 3049 maturitas
1834 3021 1862 3051 a

86 3061 374 3124 gravioribus
399 3062 596 3126 negotiis
619 3062 844 3110 obeundis
867 3062 1159 3118 subduxerat,
1183 3077 1265 3111 aut
1284 3063 1415 3110 simul
1437 3079 1543 3110 cum
1565 3067 1768 3127 corporis
1791 3070 1863 3120 vi-

86 3125 211 3172 ribus
234 3126 474 3174 frastisita
493 3127 670 3174 animos
694 3128 968 3181 molliverat,
996 3138 1045 3173 ut
1076 3143 1237 3189 pacem
1255 3129 1403 3175 modo
1421 3143 1512 3174 non
1535 3128 1730 3192 iniquissi
1741 3149 1861 3181 mam

85 3191 182 3252 pati
206 3192 395 3253 possent.
433 3192 568 3238 Unus
591 3193 824 3238 eminebat
845 3192 963 3257 inter
989 3203 1177 3238 caeteros
1199 3193 1409 3238 Thomas
1433 3193 1686 3250 Hauartus‚
1712 3195 1788 3246 cui
1812 3204 1863 3249 oc

87 3253 286 3310 animus,
311 3262 348 3302 δι
372 3272 484 3316 opes
510 3257 665 3310 essent,
691 3269 740 3302 ut
763 3268 934 3304 tantam
960 3257 1207 3317 procellam
1232 3255 1440 3304 sustinere
1463 3259 1619 3319 poffet.
1673 3261 1732 3307 Et
1752 3277 1864 3315 cau-

10 3360 13 3361 .
74 3318 144 3364 vsae
178 3318 405 3376 suberant,
445 3334 548 3380 quae
586 3320 791 3367 animum
815 3319 992 3381 alioqui
1029 3320 1240 3382 quietum
1280 3321 1338 3368 ad
1372 3337 1524 3368 rerum
1546 3326 1861 3375 novandarum

11 3444 13 3447 ι
88 3380 212 3443 spem
250 3382 558 3445 impellerent.
627 3386 757 3431 Avus
790 3383 914 3431 enim
938 3383 1051 3445 ejuS,
1076 3388 1127 3434 δε
1149 3401 1346 3448 proavus
1383 3387 1455 3450 (z)
1488 3389 1622 3435 rebus
1643 3392 1860 3452 praeclare

135 3511 198 3557 (ι.)
219 3511 308 3548 Stil.
330 3512 435 3550 rebus
453 3512 622 3552 Scoticis.
674 3513 724 3551 al.
745 3510 826 3552 hic.
994 3514 1201 3557 minebant.

136 3566 199 3616 (2)
230 3568 363 3619 supple
392 3579 455 3616 per
473 3566 631 3617 ellipsin,
661 3579 873 3617 quanquam
898 3580 937 3608 e-

1760 3624 1859 3673 bel·
