2106 3838
188 166 284 227 24·
501 147 864 214 RERUM
955 146 1643 217 ScoTICARUM

185 263 248 294 na
267 244 365 311 pari
382 244 410 291 s
402 245 694 310 patio'Colla
714 244 963 294 duodecim
988 245 1135 292 minia
1159 245 1318 311 longa,
1337 247 1431 295 duo
1454 249 1563 304 lata,
1588 248 1816 312 imprimis
1841 253 1970 303 ferti·

186 310 259 358 lis.
328 311 434 358 Nec
454 313 618 374 procul
639 312 747 359 hinc
781 312 840 357 est
864 308 1016 364 Calfa,
1054 322 1150 355 tota
1188 326 1332 374 prope
1356 312 1475 360 silvis
1501 327 1675 377 operta.
1746 316 1846 364 Post
1867 320 1973 366 duae

185 375 344 423 insulae
365 376 705 438 cognominatae
726 375 930 428 Virides,
949 375 1110 435 major,
1137 378 1177 419 δι
1200 373 1367 423 minor.
1436 378 1566 426 Idem
1588 379 1779 427 totidem
1806 380 1975 430 eisdem

185 439 543 504 cognominibus
566 457 622 487 ex
644 439 829 486 adverso
865 436 1170 501 promontorii
1193 439 1374 485 Mullae.
1442 442 1603 503 Jacent
1635 460 1725 490 non
1751 445 1891 509 longe
1913 447 1972 493 ab

183 521 238 551 ea
254 505 360 552 duae
394 503 552 551 insulae
591 502 927 568 cognominatae
949 502 1134 557 Glaffae,
1160 502 1249 549 hoc
1274 503 1334 549 est
1358 506 1587 555 caeruleae.
1659 507 1844 557 Deinde
1866 510 1967 558 Ard

184 585 244 616 an
266 567 397 624 ridir,
420 568 469 616 id
491 571 552 615 est
573 569 663 615 alta
684 567 829 614 insula
850 565 1034 630 equitis.
1104 567 1290 614 Deinde
1313 568 1534 631 Luparia‚
1559 571 1646 618 five
1665 572 1811 620 insula
1834 577 1972 638 lupo·

183 649 304 682 rum.
326 682 330 688 ,
373 634 474 681 Post
496 650 596 679 eam
618 631 762 678 insula
784 632 977 695 Magna.
1047 631 1091 678 A
1118 632 1254 679 Colla
1274 631 1420 680 insula
1441 632 1796 696 septentrionem
1821 639 1975 686 versus

183 698 476 761 protenditur
497 697 554 743 ab
576 695 752 742 oriente
773 695 821 743 in
860 695 1149 744 occidentem
1176 696 1373 744 sedecim
1397 697 1542 744 millia
1573 698 1737 763 longa‚‘
1777 701 1850 749 sex
1887 704 1979 751 lata

185 762 421 809 montibus
444 760 612 812 arduis,
638 766 678 806 δε
714 760 884 807 filvofis
905 761 1132 825 assurgens
1166 762 1337 818 Ruma,
1362 767 1403 809 δε
1426 761 1536 825 quia
1558 763 1667 810 raris
1689 763 1736 810 in
1760 764 1874 811 locis
1897 766 1978 813 ha-

183 826 330 874 bitata
351 827 427 878 est,
454 841 556 870 aves
582 824 769 872 marina:
791 826 946 888 passim
985 824 1034 871 in
1065 826 1242 889 campis
1263 843 1352 872 ova
1373 840 1572 888 ponunt,
1598 845 1796 890 quorum
1831 845 1979 892 quan-

186 905 284 937 tum
307 890 422 936 libet
444 888 594 950 quivis
615 906 722 936 vere
743 890 903 936 adulto
927 888 1136 951 colliget.
1207 891 1263 936 In
1284 890 1476 952 rupibus
1498 893 1683 939 excelsis
1709 893 1874 941 marini
1895 911 1976 942 an-

182 955 296 1002 seres
324 954 401 1015 (de
431 953 600 1016 quibus
636 966 741 1001 ante
772 953 799 1000 ἐι
830 955 964 1001 nobis
987 953 1160 999 dietum
1184 955 1264 1014 est)
1291 954 1473 1000 abunde
1497 956 1755 1018 capiuntur.
1827 959 1979 1006 Ab-ea

184 1031 382 1081 quatuor
402 1017 549 1065 millia
569 1018 626 1064 ad
660 1018 885 1065 orientem
910 1018 1155 1066 hibernum
1180 1019 1241 1064 est
1271 1017 1417 1065 insula
1451 1020 1689 1081 Equorum
1716 1039 1726 1067 z
1764 1026 1803 1068 δι
1839 1023 1897 1068 ab
1926 1041 1981 1070 ca

182 1082 462 1146 quingentos
498 1084 642 1145 passus
673 1084 901 1137 Porcaria,
925 1100 1009 1146 pro
1042 1082 1360 1146 magnitudine
1384 1100 1534 1130 rerum
1558 1084 1902 1132 necessariarum
1931 1104 1979 1133 a·

184 1148 412 1195 bundans.
480 1146 705 1195 Nidificat
728 1148 775 1194 in
815 1165 868 1194 ea
892 1148 1013 1194 falco
1040 1165 1050 1192 t
1088 1147 1227 1194 habet
1249 1153 1290 1194 δε
1313 1160 1496 1211 portum
1521 1148 1624 1195 satis
1659 1150 1975 1199 commodum.

181 1212 294 1259 Non
317 1213 457 1276 longe
478 1212 535 1259 ab
558 1212 643 1259 hac
664 1212 766 1260 sunt
780 1214 959 1268 Canna,
983 1218 1022 1259 δι
1045 1213 1180 1276 Egga
1202 1213 1397 1259 modica:
1419 1211 1576 1260 insulae
1604 1213 1704 1260 satis
1730 1214 1978 1271 soecundae,

181 1277 401 1339 posterior
421 1276 559 1323 etiarn
583 1277 812 1324 anseribus
836 1277 1041 1331 marinis,
1069 1294 1182 1339 quas
1207 1277 1393 1324 Solanas
1426 1290 1612 1335 vocant.
1684 1278 1870 1326 Deinde
1894 1281 1977 1328 So-

182 1342 410 1397 abrefilla,
435 1342 620 1388 venatui
646 1359 783 1404 quam
808 1341 909 1389 aliis
933 1343 1040 1389 vitae
1067 1341 1325 1389 commodis
1358 1341 1524 1405 aptior.

247 1407 473 1454 XXXIX.
508 1407 638 1453 Hinc
660 1424 687 1452 a
730 1406 1034 1470 septentrione
1057 1407 1103 1454 in
1141 1406 1383 1453 meridiem
1409 1406 1663 1471 porrigitur
1688 1407 1800 1455 Skia
1820 1408 1974 1456 omni-

183 1487 259 1518 um
283 1472 354 1533 (1)
377 1470 625 1518 insularum
649 1471 770 1519 circa
809 1471 1010 1519 Scotiam
1060 1471 1261 1518 maxima
1298 1487 1314 1522 ι
1356 1471 1664 1537 quadraginta
1699 1472 1984 1521 duo-millia

180 1537 386 1600 passuum
405 1536 562 1599 longa,
587 1536 698 1583 alibi
720 1538 841 1591 οξὶο,
883 1536 993 1583 alibi
1022 1535 1267 1583 duodecim
1303 1536 1411 1591 lata,
1456 1537 1503 1584 in
1546 1551 1726 1585 montes
1766 1537 1976 1601 pluribus

181 1600 296 1647 locis
329 1600 371 1648 se
406 1603 639 1652 attollens,
680 1601 763 1664 ipsi
787 1600 925 1655 filvis‚
960 1601 1078 1647 silvae
1117 1600 1293 1664 pascuis
1316 1600 1571 1657 abundant,
1612 1602 1767 1666 campi
1789 1603 1979 1665 frugum

182 1671 224 1712 δε
261 1680 483 1728 pecorum
521 1665 692 1712 fertiles
735 1683 747 1712 ε
795 1665 842 1711 in
882 1665 953 1711 his
992 1679 1159 1728 praeter
1201 1663 1291 1711 alia
1328 1682 1495 1728 pecora
1533 1683 1697 1730 greges
1738 1684 1978 1730 equarum.

182 1730 404 1794 Qinque
425 1747 582 1777 amnes
606 1730 745 1777 habet
778 1730 991 1792 majores,
1030 1729 1283 1777 salmonum
1307 1729 1548 1776 foecundos
1577 1750 1587 1777 :
1624 1731 1794 1778 multos
1838 1731 1979 1777 etiam

181 1795 401 1850 minores,
428 1811 511 1842 nec
536 1811 614 1842 eos
638 1795 890 1842 salmonum
914 1793 1098 1841 steriles.
1168 1795 1301 1841 Mare
1325 1795 1383 1841 ab
1404 1794 1533 1842 omni
1572 1809 1700 1859 parte
1736 1796 1782 1842 in
1807 1807 1977 1843 terram

179 1870 423 1921 penetrans
444 1860 614 1906 multos
631 1876 763 1923 aquae
782 1858 898 1905 salsae
921 1859 1040 1906 finus
1063 1858 1190 1915 facit,
1218 1872 1306 1906 tres
1321 1859 1597 1922 praecipuos,
1615 1859 1833 1907 tredecim
1863 1863 1973 1908 item

180 1923 314 1978 alios,
325 1940 485 1972 omnes
502 1924 711 1971 halecum
731 1923 988 1971 foecundoe.
1005 1923 1163 1971 Habet
1178 1929 1217 1971 δι
1230 1923 1379 1970 lacum
1399 1940 1531 1987 aquae
1545 1924 1712 1979 dulcis,
1728 1924 1982 1987 &quinque

180 2004 321 2036 arces.
391 1989 542 2036 Insula
564 1988 813 2051 priscorum
851 1990 1094 2036 Scotorum
1134 1988 1338 2035 sermone
1358 1987 1633 2044 Skianacha,
1655 1990 1743 2035 hoc
1777 1990 1838 2036 est
1861 1990 1981 2037 alata

182 2066 392 2109 vocatur,
419 2052 547 2118 quod
572 2052 907 2117 promontoria,
933 2053 1055 2100 inter
1077 2071 1179 2117 qua:
1204 2069 1329 2100 mare
1352 2052 1394 2099 se
1418 2052 1643 2108 infundit,
1684 2054 1810 2100 velut
1833 2053 1915 2100 alae
1939 2054 1981 2101 se

181 2117 459 2170 obtendunt.
511 2118 630 2166 Usus
650 2132 803 2166 tamen
827 2117 1051 2174 obtinuit,
1077 2131 1126 2164 ut
1146 2117 1275 2174 Skia,
1302 2116 1353 2164 id
1372 2119 1432 2165 est
1459 2117 1549 2164 Ala
1570 2119 1715 2182 vulgo
1734 2117 1980 2166 diceretur.

183 2181 323 2229 Circa
344 2182 463 2230 hanc
486 2183 642 2246 sparsa:
676 2184 830 2244 jacent
861 2180 1020 2230 insulae
1045 2182 1244 2230 minores
1281 2182 1457 2229 Oransa
1481 2182 1693 2247 frugibus
1718 2188 1759 2229 δι
1795 2198 1979 2246 pecore,

183 2247 489 2296 Cunicularia
510 2249 774 2295 nemoribus
793 2253 834 2295 δε
860 2247 1085 2295 cuniculis
1109 2248 1364 2294 abundans.
1441 2247 1565 2294 Paba
1588 2246 1839 2295 latrociniis
1861 2247 1979 2295 infa-

181 2311 287 2368 mis,
308 2314 437 2376 quod
462 2313 510 2360 in
535 2313 632 2374 ejus
652 2313 772 2360 filvis
796 2313 1036 2375 praedones
1060 2312 1398 2360 transeuntibus
1421 2311 1605 2358 infidias
1625 2313 1794 2360 locant.
1865 2312 1981 2359 Inde

184 2377 351 2440 Scalpa
372 2379 476 2425 octo
501 2377 649 2424 millia
666 2378 724 2425 ad
747 2378 950 2424 aestivum
974 2378 1263 2425 occidentem
1288 2378 1383 2424 sita.
1452 2378 1622 2424 Praeter
1643 2376 1735 2423 alia
1772 2393 1980 2424 commo·

180 2441 243 2488 da
265 2456 458 2506 magnos
480 2458 721 2489 cervorum
740 2460 904 2506 greges
924 2443 972 2489 in
994 2443 1113 2489 silvis
1138 2443 1234 2490 alit.
1286 2444 1414 2489 Inter
1434 2441 1601 2489 ostium
1623 2440 1817 2488 Caronis
1841 2442 1978 2496 sinus,

182 2508 234 2553 δε
257 2506 473 2554 Raarsam
490 2508 613 2569 jacet
637 2507 864 2570 Crulinga
887 2506 1015 2554 statio
1039 2507 1230 2554 navibus
1255 2520 1368 2554 tuta.
1438 2507 1498 2553 Et
1519 2522 1547 2552 a
1568 2506 1734 2569 Scalpa
1755 2506 1849 2552 duo
1873 2505 1979 2553 mil-

180 2569 244 2616 lia
267 2571 316 2618 in
337 2571 667 2634 septentriones
691 2572 944 2635 porrigitur
975 2572 1143 2619 Raarsa
1173 2572 1344 2636 septem
1377 2570 1526 2618 millia
1547 2571 1706 2634 longa,
1733 2588 1825 2617 ouo
1848 2570 1942 2617 lata
1965 2587 1978 2617 :

180 2633 312 2682 filvas
334 2636 475 2683 habet
508 2637 737 2692 Betuleas‚
759 2637 870 2684 &in
893 2637 958 2684 eis
983 2653 1160 2684 cervos.
1231 2636 1527 2699 Qingentos
1558 2635 1616 2682 ab
1655 2652 1707 2681 ea
1742 2636 1887 2698 passus
1920 2635 1981 2682 est

179 2699 320 2747 Rona
342 2700 461 2748 silvis
485 2707 526 2748 δε
550 2700 673 2748 erica
695 2715 871 2763 operta.
942 2703 1133 2749 Portum
1165 2701 1212 2748 in
1235 2701 1402 2749 intimo
1425 2700 1522 2747 finu
1552 2699 1692 2747 habet
1727 2698 1981 2746 latrociniis

180 2762 396 2812 infestum
419 2766 821 2828 praetereuntibus,
844 2765 1019 2814 insidiis
1054 2765 1267 2830 tegendis
1287 2777 1460 2829 ‚aptum
1489 2782 1501 2810 ε
1539 2769 1579 2811 δι
1605 2763 1651 2810 in
1676 2764 1794 2811 finus
1831 2763 1932 2825 (qui
1955 2778 1983 2808 a

179 2828 406 2876 brevitate
425 2831 631 2876 Gerloch
654 2832 861 2891 vocatur)
886 2847 966 2879 ore
987 2832 1048 2878 est
1070 2830 1272 2891 ejusdem
1291 2828 1492 2877 nominis
1514 2827 1675 2875 insula.
1717 2829 1777 2875 Et
1799 2844 1826 2874 a
1846 2829 1981 2874 Rona

178 2891 254 2941 sex
269 2893 419 2942 millia
437 2894 794 2957 septentrionem
817 2895 967 2943 versus
990 2895 1148 2951 Flada,
1172 2900 1212 2942 &
1232 2911 1259 2941 a
1298 2893 1441 2941 Flada
1465 2893 1561 2939 duo
1584 2891 1733 2939 millia
1755 2890 1977 2939 Tuilme-

179 2974 258 3012 na,
292 2966 333 3006 ἅς
354 2959 414 3006 ad
432 2960 618 3007 australe
641 2958 764 3007 Skiae
786 2961 904 3007 latus
924 2959 1116 3014 Oransa‚
1141 2964 1182 3007 δι
1205 2958 1336 3006 mille
1357 2957 1503 3020 passus
1532 2957 1591 3004 ab
1609 2974 1664 3003 ea
1685 2955 1799 3004 Buia
1821 2973 1977 3020 parva,

181 3021 348 3070 deinde
370 3023 484 3072 Buia
508 3025 669 3085 major,
694 3041 757 3072 ae
770 3024 989 3088 deinceps
1015 3023 1224 3088 quinque
1241 3039 1395 3087 parva:
1417 3021 1577 3068 insula:
1599 3020 1857 3084 ignobiles:
1883 3022 1981 3082 post

179 3102 294 3149 quas
319 3088 387 3134 Isa
409 3089 572 3136 fertilis
596 3089 782 3154 frugum
807 3109 817 3136 :
858 3090 1047 3151 &juxta
1068 3104 1169 3134 eam
1195 3088 1336 3142 Ovia,
1357 3085 1528 3134 deinde
1551 3087 1787 3139 Askerma,
1803 3090 1844 3132 δι
1864 3085 1978 3132 Lin-

179 3149 311 3206 dina,
336 3158 376 3198 δε
398 3153 457 3200 ad
478 3153 715 3217 octoginta
737 3154 885 3201 millia
908 3170 935 3199 a
971 3152 1100 3208 Skia,
1125 3153 1185 3200 ad
1219 3151 1515 3199 occidentem
1551 3151 1751 3210 aestivum
1778 3150 1982 3212 projecta
2052 3211 2056 3214 -

178 3213 349 3278 Linga,
373 3221 414 3263 δι
438 3217 741 3280 Gigarmena,
780 3224 820 3266 δι
860 3219 1075 3271 Bernera,
1112 3221 1161 3265 ὃς
1203 3217 1411 3280 Megala,
1434 3220 1482 3265 Sc
1512 3216 1652 3269 I’aba,
1672 3217 1722 3264 St
1747 3215 1904 3267 mana,
1930 3215 1983 3261 ὃς

180 3279 354 3342 Scarpa
372 3297 639 3333 vervecum,
676 3288 716 3329 ἂν
743 3283 969 3336 Sandera,
988 3287 1033 3331 ὃ(
1059 3280 1267 3335 Vatersa,
1307 3298 1412 3344 quae
1435 3295 1605 3344 praeter
1627 3278 1718 3337 alia
1734 3276 1984 3325 commoda

104 3358 121 3375 ⁸-
176 3343 382 3404 plurima
403 3345 642 3392 stationem
664 3347 805 3394 habet
846 3352 1115 3399 multarum,
1144 3350 1192 3395 ὃς
1229 3360 1505 3408 magnarum
1531 3342 1716 3390 navium
1742 3356 1980 3405 capacem,

176 3405 226 3454 in
250 3423 391 3470 quam
419 3425 477 3455 ex
497 3410 714 3456 omnibus
757 3411 1193 3472 circumjacentibus
1228 3409 1501 3472 regionibus
1537 3407 1659 3454 statis
1692 3403 1980 3469 temporibus

177 3487 349 3535 magna
368 3471 645 3534 piscatorum
669 3474 928 3538 frequentia
950 3474 1197 3521 convenire
1218 3475 1347 3521 solet.
1369 3516 1376 3523 ,
1417 3474 1508 3520 Ha:
1544 3487 1709 3518 novem
1742 3471 1981 3534 postremae

175 3533 437 3601 insule-sub
458 3537 700 3584 dominatu
721 3539 831 3585 sunt‘
845 3538 1060 3602 Episcopi
1083 3538 1348 3586 insularum.
2059 3584 2066 3590 .

242 3599 346 3648 XL.
383 3602 425 3647 A
448 3601 638 3649 Vatersa
659 3604 755 3650 duo
775 3603 925 3651 millia
945 3603 1068 3652 abest
1089 3603 1230 3653 Barra
1258 3602 1433 3666 septem
1456 3599 1606 3650 millia
1626 3599 1783 3666 longa,
1813 3597 1871 3646 ab
1898 3611 1980 3644 oc·

211 3683 293 3739 ,ω
319 3683 564 3723 AEbudamm
584 3683 662 3724 scil.
1910 3659 1978 3708 ci-
