1994 3833
98 120 227 188 606
476 115 1601 187 RERU'MS'COTICARUM

101 250 104 251 ν
160 210 385 269 XLVI‘H.
418 220 535 265 Haec
560 232 663 262 cum
685 213 870 262 Stcrlini
888 211 1180 263 inconvento
1202 233 1438 279 procerum
1462 215 1648 261 recitata
1665 213 1864 271 fuissent,

98 302 358 350 magnoque
388 283 595 330 omnium
621 279 831 326 consensu
854 278 1110 341 diligentia,
1140 280 1338 342 fidesque
1360 283 1615 342 legatorum
1641 279 1869 340 approba-

101 364 166 404 ta,
190 350 384 411 reliquas
410 344 711 408 cogitationes
733 344 778 389 in
796 343 1025 390 Calendas
1046 344 1193 392 Maias
1213 346 1457 406 intendunt
1482 361 1493 390 z
1527 342 1732 405 inrquem
1747 342 1868 388 diem

101 414 287 462 comitia
310 426 437 459 erant
465 409 636 455 indicta
721 408 912 456 Interim
949 409 1131 471 utrique
1166 410 1208 456 se
1231 409 1477 473 diligenter
1499 418 1659 471 parant
1685 425 1696 452 :
1741 405 1872 452 alteri

101 481 159 526 ad
182 495 234 525 ea
258 476 481 527 habenda,
508 472 639 519 alteri
662 472 716 518 ad
746 471 1057 534 impedienda.
1126 475 1245 520 Haec
1268 474 1360 520 fere
1383 474 1534 536 palam
1558 469 1874 535 prudentiores

102 541 435 592 existimabant,
463 538 664 603 Anglarn
687 539 815 583 nulla
836 537 1012 583 ratione
1036 538 1158 584 velle
1180 540 1362 585 Scotam
1394 537 1625 589 dimit-tere
1652 555 1661 581 :
1699 533 1873 598 quippe

103 624 208 669 quae
228 606 404 650 videret
427 616 647 664 quantum
670 618 724 648 ex
748 618 800 647 ea
817 618 864 647 re
888 602 1139 662 periculum
1167 602 1381 649 universae
1403 603 1464 648 rei
1486 600 1760 647 Britannicae
1781 599 1870 648 im-

105 672 315 718 mineret.
386 669 556 729 Injtha
589 666 773 714 interim
799 666 970 711 mentio
993 679 1089 713 erat
1122 667 1178 712 de
1205 668 1332 730 Rege
1369 668 1506 713 Scoto
1529 681 1611 727 pro
1636 675 1776 711 matre
1800 677 1880 723 pe·
1953 705 1956 709 .

108 735 248 780 tendo
270 732 442 785 obside,
470 732 614 794 magis
641 731 712 794 spe
734 730 994 777 concordiae
1033 731 1357 793 impediendae‚
1399 748 1537 794 quam
1576 728 1877 776 restituendae.

108 801 269 846 Scotos
293 797 416 843 enim
452 812 742 858 nequaquam
772 793 1059 842 consensuros
1089 807 1213 842 certo
1239 795 1422 842 sciebat.
1490 796 1666 842 Verum
1691 794 1880 840 aderant

106 863 157 908 in
181 861 369 908 consilio
391 861 486 921 eju>
510 861 730 923 plaerique
752 859 961 906 homines
986 874 1214 922 potentes,
1260 861 1340 924 qui
1362 861 1542 908 occulte
1567 855 1883 927 Norfolcianae·

111 926 299 982 factioni
323 925 575 972 studebant.
620 927 623 936 '
646 925 715 970 Hi
740 931 776 969 Sc
806 926 988 970 Scotam
1019 924 1188 971 restitui
1236 926 1467 979 volebant,
1511 930 1549 970 δι
1574 923 1817 970 factionem
1841 935 1886 967 el

110 990 338 1038 adversam
365 989 580 1052 temporis
605 987 904 1035 diuturnitate
927 988 1095 1054 frangi,
1122 993 1166 1038 St
1193 988 1443 1042 debilitari,
1481 1001 1530 1035 ut
1553 988 1803 1035 necessitate
1825 984 1884 1033 ab

111 1073 168 1102 ea
186 1055 534 1117 exprimeretur,
556 1054 681 1116 quod
701 1071 725 1099 a
750 1053 1307 1116 volentibusimpetraturi
1332 1071 1421 1100 non
1445 1053 1733 1100 videbantur.
1779 1050 1912 1097 Nec·
1944 1106 1956 1114 l

113 1120 389 1166 dubitabant
411 1121 467 1165 eo
491 1135 585 1164 rem
610 1130 843 1164 venturam
871 1136 882 1164 :
917 1135 1023 1164 curn
1048 1118 1237 1164 reb'elles
1272 1118 1483 1181 pecunia,
1520 1118 1780 1180 bellicoque
1804 1132 1885 1176 ap-

113 1197 272 1248 paratu
296 1201 322 1230 a
344 1184 484 1230 Gallo
501 1183 798 1244 juvarentur:
841 1183 981 1247 Regii
1003 1195 1163 1230 contra
1199 1183 1246 1230 in
1288 1200 1424 1230 unam
1450 1181 1631 1246 Angliae
1655 1181 1885 1243 Reginam

114 1250 253 1296 effent
273 1248 439 1295 intenti
481 1265 492 1294 :
544 1263 647 1311 quae
687 1247 886 1311 benigne
926 1248 984 1294 ab
1025 1247 1159 1294 initio
1181 1247 1246 1294 eis
1268 1246 1501 1295 intelleclo
1525 1246 1717 1310 Reginae
1741 1246 1889 1291 Scotae

116 1314 301 1367 scelere,
330 1311 535 1375 pollicita
556 1324 651 1358 erat
673 1329 884 1375 regnum,
914 1313 1183 1375 Regemque
1205 1329 1362 1359 eorum
1390 1312 1470 1361 fibi
1491 1328 1610 1358 curae
1633 1311 1746 1357 fore.
1800 1308 1890 1354 Sed

120 1395 204 1426 nec
228 1378 393 1424 Gallus
428 1377 503 1424 sua
524 1376 711 1423 consilia
742 1376 841 1423 satis
865 1377 1080 1439 expedire
1104 1390 1296 1438 poterat.
1367 1377 1592 1440 Reginam
1624 1377 1745 1422 enim
1770 1373 1894 1420 resti-

121 1443 192 1490 tui
217 1442 416 1489 volebat.
460 1442 637 1503 Regem
661 1441 825 1503 Anglis
851 1442 957 1488 dedi
981 1440 1179 1487 nolebat.
1212 1443 1335 1489 Cum
1358 1454 1506 1487 autem
1533 1456 1623 1487 non
1646 1440 1906 1504 ignoraret,

124 1524 264 1571 quam
288 1507 443 1552 valida
463 1506 569 1551 efflet
592 1505 895 1552 Norfolciana
918 1504 1071 1562 factio,
1097 1522 1198 1569 quae
1226 1524 1294 1553 res
1318 1522 1457 1552 novas
1481 1505 1773 1558 moliebatur,
1799 1520 1892 1550 non

125 1572 391 1634 desperabat
414 1570 528 1623 fore,
568 1582 617 1615 ut
638 1569 820 1630 Regina
841 1571 978 1615 Scota
999 1569 1024 1616 ὲ
1048 1570 1248 1616 custodia
1269 1572 1342 1617 vel
1375 1560 1495 1618 clam
1518 1570 1786 1622 elaberetur,
1822 1566 1908 1614 vel.

124 1653 208 1700 per
232 1636 322 1681 vim
345 1635 631 1681 educeretur.
699 1634 795 1680 Hic
820 1632 910 1679 fere
937 1645 1034 1679 tum
1057 1651 1206 1680 rerum
1231 1637 1364 1680 status
1389 1635 1437 1680 in
1460 1633 1695 1681 Britannia
1719 1645 1830 1678 erat.

191 1701 363 1747 XLIX.
400 1698 663 1745 Mortonius
698 1714 802 1743 eum
828 1698 873 1743 in
909 1712 1137 1744 conventu
1173 1700 1360 1746 Sterlini
1395 1699 1480 1744 suae
1519 1696 1764 1760 legationis
1800 1698 1908 1743 acia,

124 1765 389 1827 proceribus
413 1762 653 1825 probasset,
686 1762 874 1809 domum
898 1763 1114 1818 reversus,
1148 1781 1250 1827 quae
1273 1775 1468 1826 quatuor
1491 1762 1636 1808 millia
1658 1762 1713 1807 ab
1737 1761 1899 1807 Edim-
1922 1787 1926 1790 -

126 1831 275 1892 burgo
298 1829 470 1882 aberat,
505 1827 740 1873 cohortem
765 1828 976 1888 pediturn
1006 1828 1312 1875 centenariam
1336 1844 1439 1875 cum
1478 1827 1636 1888 paucis
1669 1826 1901 1889 equitibus

127 1895 344 1947 habebat,
369 1906 417 1938 ut
441 1898 477 1938 &
503 1891 561 1945 se,
603 1892 633 1937 st
656 1890 768 1954 quid
791 1891 1012 1954 oppidani
1035 1905 1323 1946 attentarent,
1365 1910 1416 1939 ea
1441 1909 1574 1938 manu
1599 1905 1815 1945 tueretur,
1857 1896 1898 1937 δε
1938 1898 1950 1920 '⁴

131 1975 289 2015 eorum
314 1957 595 2002 excursiones
620 1955 901 2017 prohiberet,
924 1955 1035 2002 dum
1060 1958 1250 2018 majores
1273 1957 1418 2020 copiae
1440 1969 1727 2020 cogerentur.
1780 1957 1906 2002 Inte-
1935 1960 1940 1965 ⁴
1979 1974 1985 2009 ζ

132 2024 221 2070 rim
247 2021 437 2084 Reginae
460 2020 613 2073 fac‘tio,
647 2029 750 2082 quae
772 2021 996 2083 oppidum
1020 2023 1221 2076 tenebat,
1258 2022 1426 2068 milites
1450 2019 1713 2076 conscribit,
1747 2031 1845 2066 loca
1867 2021 1907 2066 i-

132 2088 280 2134 donea
306 2086 523 2148 praesidiis
546 2098 740 2146 occupat
765 2102 776 2130 :
803 2098 938 2148 atque
959 2085 1006 2130 in
1029 2085 1079 2131 id
1103 2103 1242 2132 unum
1261 2087 1415 2132 omnia
1438 2085 1621 2134 consilia
1642 2085 1834 2139 confert,
1861 2094 1925 2139 ut
1979 2113 1994 2135 r„

133 2151 315 2198 excluso
338 2153 534 2213 Prorege
564 2148 769 2203 comitia,
803 2166 906 2211 quae
928 2149 1266 2215 Edimburgum
1290 2163 1418 2198 erant
1450 2148 1624 2197 inditia
1643 2148 1920 2211 impediret:

135 2216 209 2263 Ad
236 2217 335 2262 haec
357 2214 638 2268 Mortonius,
676 2213 740 2260 uti
764 2230 789 2259 a
811 2215 1007 2278 Prorege
1030 2213 1177 2261 fuerat
1202 2220 1483 2270 mandatum,
1522 2214 1686 2278 viginti
1709 2213 1907 2276 equites,
1965 2260 1967 2262 .

141 2286 179 2327 a&
207 2281 232 2327 ὲ
254 2279 457 2325 centuria
482 2277 707 2339 pediturn,
732 2295 869 2341 quam
893 2279 1223 2326 commeatibus
1245 2279 1580 2342 infrequentem
1601 2279 1749 2325 secum
1772 2278 1912 2328 habe·

141 2345 245 2399 bat,
262 2344 441 2390 circiter
463 2342 748 2405 septuaginta
769 2343 963 2390 Letham
1001 2343 1137 2398 misit,
1172 2345 1255 2408 qui
1276 2345 1425 2392 edicto
1448 2343 1634 2408 publice
1663 2343 1914 2389 denuncia-

140 2424 259 2464 rent,
284 2412 413 2468 (nam
436 2407 772 2469 Edirnburgum
792 2407 886 2468 jam
912 2407 1119 2471 praesidio
1144 2411 1400 2470 tenebatur)
1444 2406 1498 2456 ne
1531 2407 1632 2471 quis
1658 2420 1790 2461 terra,
1817 2423 1914 2453 ma·
1967 2414 1991 2468 „²

136 2475 236 2523 sive
258 2474 449 2519 rebelles
473 2471 822 2527 commeatibus,
848 2472 1000 2526 armis,
1025 2471 1172 2519 aliove
1195 2474 1355 2537 quovis
1380 2475 1546 2521 bellico
1566 2486 1784 2536 apparatu
1808 2471 1913 2519 sub,-
1981 2498 1994 2538 ’Ἴ

144 2540 315 2584 levaret
352 2556 363 2583 :
418 2536 499 2598 qui
523 2550 681 2582 cc—ntra
703 2536 919 2591 fecissent,
945 2537 1131 2592 eisdem,
1171 2538 1336 2601 quibus
1376 2539 1568 2586 rebelles
1609 2537 1755 2599 poenis
1779 2537 1918 2583 essent
1978 2539 1987 2543 ”

144 2601 354 2649 obnoxii.
422 2602 505 2653 Hi,
532 2600 642 2662 quia
666 2601 847 2648 urbanis
872 2602 912 2648 se
935 2601 1080 2664 copiis
1104 2603 1307 2664 impares,
1325 2602 1740 2665 sciebant‚·pedites
1763 2601 1914 2664 longi,-

145 2683 225 2714 ore
248 2665 338 2719 via,
383 2663 486 2728 quae'
510 2678 684 2719 monte,
709 2681 846 2725 quem
873 2665 1055 2712 A1·‹‘.luri
1094 2666 1242 2714 sedem
1279 2670 1443 2732 vulgus
1466 2667 1685 2730 appellat,
1712 2667 1769 2712 ab
1794 2666 1916 2714 urbia

148 2730 389 2794 conspectu
414 2728 602 2791 tegitur,
625 2730 803 2791 equites
828 2747 968 2793 prope
992 2747 1162 2785 muros,
1206 2731 1326 2779 urbis
1349 2746 1499 2796 portas
1521 2729 1702 2779 nemine
1724 2731 1917 2777 hostium

149 2795 536 2842 secommovente
573 2793 858 2841 transierunt.
938 2795 1135 2842 Peractis
1181 2809 1332 2843 autern
1357 2814 1437 2843 cur
1458 2798 1651 2844 Letham
1685 2807 1917 2848 venerant,
1973 2845 1989 2854 ,.

151 2875 244 2906 non
268 2860 428 2905 eadem
453 2857 785 2904 revertentibus
812 2856 993 2905 fortuna
1015 2859 1132 2906 fuit..
1173 2861 1352 2908 Pedites
1374 2862 1498 2909 enirn
1522 2877 1626 2907 cum
1650 2859 1919 2916 recusarent,
1954 2865 1994 2965 ἡ

153 2942 246 2987 qua
267 2934 487 2970 venerant
509 2922 673 2976 redire,
717 2927 755 2969 aa
800 2934 847 2970 ut
869 2924 950 2978 sui,
992 2929 1031 2971 δε
1063 2921 1256 2971 hostium
1279 2925 1535 2989 periculum
1560 2924 1758 2971 facerent
1782 2939 1923 2986 prope
1990 2975 1994 2982 .

154 2988 280 3035 urbis
302 3000 455 3050 portas
479 2985 637 3033 invitis
659 2986 909 3049 equitibus,
954 3004 1042 3034 una
1080 3001 1231 3037 tamen
1271 3006 1374 3037 cum
1399 2990 1464 3036 eis
1488 2990 1671 3050 subjecti
1696 2989 1925 3036 moenibus
1986 3014 1990 3021 >

152 3053 400 3100 transibant
422 3071 433 3099 :
484 3068 587 3097 cum
611 3065 798 3113 repente
820 3052 995 3099 duabus
1040 3054 1182 3114 portis
1206 3054 1251 3101 in
1275 3071 1351 3102 eos
1391 3054 1508 3101 facta
1528 3059 1590 3101 est
1611 3055 1808 3117 eruptio·
1877 3053 1925 3098 I-

154 3117 271 3164 nitio
293 3115 560 3162 concursum
583 3118 643 3162 est
666 3115 765 3162 latis
788 3117 968 3163 acriter.
1021 3119 1260 3180 Oppidani
1286 3119 1468 3166 tandem
1498 3119 1761 3166 tumultuosi
1779 3118 1826 3164 in
1851 3132 1926 3162 ur-
1952 3127 1955 3132 ’

155 3181 258 3228 bem
283 3180 453 3240 rejecti,
479 3181 568 3226 levi
602 3180 789 3244 quidem
814 3197 918 3227 cum
936 3182 1126 3242 jaelura,
1152 3183 1224 3229 sed
1251 3197 1403 3230 tamen
1435 3196 1483 3231 ut
1516 3184 1649 3230 facile
1671 3194 1936 3246 appareret,

153 3244 395 3291 inferiores
431 3243 600 3291 virtute
637 3261 714 3290 eos
737 3245 838 3299 effe,
863 3247 940 3292 etsi
976 3262 1167 3293 numero
1201 3247 1477 3311 superarent.
1794 3288 1797 3291 .
1926 3270 1945 3298 ς
1979 3274 1986 3282 ·

219 3310 275 3356 L.
302 3309 475 3355 Contra
489 3310 657 3355 Prorex
681 3310 782 3356 cnm
805 3309 918 3355 nihxl
943 3310 1130 3357 haberet
1152 3312 1208 3357 ad
1230 3312 1454 3376 oppidum
1469 3311 1829 3377 oppugnandum
1847 3324 1925 3372 pa·
1981 3347 1986 3352 .

155 3373 261 3425 rati,
282 3372 644 3420 necinstantibus
659 3373 858 3420 comitiis
881 3375 941 3420 ob
965 3389 1053 3421 tem
1064 3392 1182 3436 poris
1218 3379 1468 3440 angustiam
1494 3376 1715 3424 machinae
1737 3377 1794 3422 eo
1815 3389 1928 3420 con·

167 3435 279 3501 dcci
299 3436 486 3495 possent,
507 3454 532 3483 a
555 3438 599 3482 vi
622 3438 934 3488 abstinendum
962 3440 1292 3495 1>att3,comitia
1314 3451 1412 3488 tum
1437 3454 1563 3489 extra
1579 3454 1756 3504 portam
1768 3437 1933 3484 habere

138 3500 322 3549 (statuit.
347 3499 469 3546 Nam
489 3501 714 3564 oppidum
727 3517 833 3556 curn
851 3503 900 3556 in
917 3503 1259 3590 longitudinem
1276 3507 1593 3570 exporrectum
1611 3501 1945 3573 effeuquimqm
1967 3546 1972 3555 ,

996 3596 1000 3599 ,
1422 3597 1425 3602 s
1870 3579 1932 3612 ns
1947 3604 1958 3617 ,,

1075 3649 1083 3675 l
