2085 3864
50 3595 52 3597 ,
116 3553 280 3596 soldiers.

452 153 832 219 -Lrssnn
923 146 1422 234 QUINTUS.
1730 167 1844 215 111

78 255 199 304 Haec
220 268 325 300 eum
346 251 631 300 disserentem
653 249 826 295 clamor
851 246 908 292 ab
928 245 1135 292 universa
1154 244 1375 292 concione
1397 242 1596 293 sublatus
1618 259 1853 298 conterru-

75 321 131 367 it.
201 318 504 366 Occlamabat
524 314 651 360 enirn
685 309 1030 359 seditiofiffimus
1051 309 1242 373 quisque
1269 311 1441 357 nullam
1467 310 1714 359 utilitatem
1733 317 1854 377 pub-

80 384 219 432 iicam
242 399 342 430 eum
370 381 568 444 spectare
593 398 604 426 :
637 376 712 424 sed
743 392 938 439 regnum
961 374 1058 428 fibi,
1096 375 1265 422 fretum
1302 374 1500 423 externis
1535 377 1715 425 auxiliis
1737 382 1858 427 velle

77 465 251 511 parare.
321 447 443 492 Cum
462 444 541 489 ille
563 443 588 489 ἐ
611 442 799 489 confilio
821 439 1054 486 discedens
1073 440 1229 486 Deum
1248 441 1478 488 testaretur
1494 439 1536 486 se
1560 443 1687 490 nulla
1702 445 1856 507 priva-

79 513 114 559 ti
133 509 434 559 emolumenti
456 508 531 571 spe
566 502 727 570 pacem
753 505 954 559 suadere,
974 516 1134 550 exorto
1155 505 1356 552 tumultu
1378 521 1403 551 a
1425 505 1723 555 multitudine
1745 526 1856 557 con-

77 578 212 623 fofl‘us
252 576 328 622 est.
396 574 508 635 Ejus
546 573 779 619 calamitas
813 568 982 623 effecit,
1022 585 1080 615 ne
1112 569 1460 631 prudentiorum
1495 570 1754 634 quisquam,
1779 576 1859 622 etfi

76 642 236 702 patriae
265 639 690 701 interitutn‘aperte
712 635 904 690 videret,
928 648 1090 680 vocem
1125 646 1279 681 tamen
1311 634 1500 683 auderet
1531 635 1726 685 liberam
1748 640 1858 688 mit-

80 719 191 752 tere.

145 771 253 816 XII.
288 769 454 833 Legati
471 770 576 815 cum
598 766 729 812 illinc
762 766 953 812 domum
979 780 1027 811 re
1057 762 1226 811 infe&a
1250 764 1478 821 redissent,
1508 766 1650 823 Scoti,
1678 773 1718 815 Sc
1741 767 1858 816 Picti

80 834 179 881 aliis
202 834 321 880 curis
344 833 506 881 omiffis
528 831 577 878 in
598 830 710 877 belli
729 842 998 893 apparatum
1017 842 1146 876 erant
1166 828 1348 877 intenti.
1419 831 1860 896 Brittonesquoque
1881 870 1888 875 .

80 899 145 945 ita
180 899 385 944 futurum
405 897 511 950 rati,
534 898 774 960 postquam
794 896 997 958 impetus
1015 893 1095 940 irae
1130 894 1321 956 paulum
1344 895 1566 943 resederat
1603 898 1778 960 legatos
1802 900 1862 946 ad

82 966 242 1010 Scotos
261 965 529 1015 decernunt,
543 960 926 1023 quifimulatione
945 958 1068 1022 pacis
1088 958 1385 1006 conficiendae
1407 976 1582 1006 moram
1602 961 1714 1008 belli
1737 964 1864 1010 redi-

83 1040 278 1082 merent,
302 1026 640 1090 pecuniamque
663 1026 879 1072 offerrent
904 1043 914 1071 ε
964 1040 1016 1070 ac
1038 1023 1160 1085 spem
1184 1022 1427 1084 injicerent
1446 1025 1551 1087 plus
1573 1041 1710 1087 qnam
1736 1028 1863 1076 bello

85 1105 332 1155 peteretur,
358 1092 477 1154 poss‘e
500 1090 753 1143 trastandm
779 1102 915 1151 atque
938 1087 1145 1134 cedendo
1165 1087 1417 1149 impetrari.
1487 1091 1606 1136 Belli
1630 1092 1753 1139 casus
1777 1095 1864 1141 effe

83 1157 268 1211 dubios,
292 1160 342 1206 ὃς
363 1155 539 1202 exitum
559 1154 788 1203 incertum
814 1173 825 1201 :
860 1153 1064 1200 virorum
1088 1151 1389 1213 prudentium
1409 1170 1502 1200 non
1526 1156 1627 1209 effe,
1654 1173 1758 1219 quae
1780 1174 1862 1206 an-

87 1234 128 1267 te
147 1222 301 1267 oculos
321 1220 425 1268 esset
449 1219 694 1266 utilitatem
718 1218 973 1282 negligere,
993 1228 1039 1263 et
1062 1228 1187 1262 certo
1207 1217 1412 1279 periculo
1429 1217 1479 1265 in
1497 1218 1622 1281 spem
1642 1221 1866 1270 incertam

84 1286 364 1333 incumbere.
417 1285 555 1332 Nihil
578 1284 890 1345 impetratum.
953 1280 1189 1344 Eugenius
1212 1279 1337 1328 enim
1361 1299 1443 1345 per
1463 1284 1773 1346 exploratores
1796 1306 1866 1335 re-

85 1350 274 1398 sciverat
307 1367 465 1412 pacem
489 1348 598 1396 foris
623 1348 844 1401 fimulari,
870 1347 997 1394 domi
1021 1347 1197 1392 bellum
1221 1345 1255 1401 a,
1271 1345 1554 1394 Brittonibus
1574 1347 1866 1400 intentiflima

86 1433 195 1462 cura
216 1415 378 1476 parari.
449 1414 597 1478 Igitur
619 1431 724 1460 cum
750 1413 810 1459 ob
833 1413 950 1459 hanc
972 1410 1168 1464 causam,
1208 1424 1306 1459 tum
1337 1424 1491 1458 vetere
1513 1412 1623 1463 odio
1643 1415 1786 1472 Scoti,
1825 1424 1866 1465 δε

85 1474 410 1534 Ρῐὶὶὶἰηεεηίῐ,
445 1485 485 1526 δε
510 1479 772 1531 Brittonusn
796 1475 1134 1524 calamitatibus
1157 1474 1361 1531 invitati,
1401 1480 1452 1527 &
1493 1494 1646 1525 rerum
1667 1479 1867 1530 successu

87 1545 195 1592 elati
217 1544 352 1598 nihil,
377 1544 458 1590 nist
477 1543 632 1590 omnia
653 1541 1028 1606 permittentibus
1047 1541 1378 1588 concedebant.
1447 1543 1740 1592 Exercitibus
1757 1563 1868 1611 ergo

88 1611 147 1656 ad
168 1609 377 1655 ultimam
407 1607 756 1655 dimicationem
780 1606 966 1671 paratis,
991 1605 1102 1652 socii
1123 1606 1274 1668 Reges
1297 1622 1380 1667 per
1400 1606 1582 1669 aliquot
1603 1625 1745 1657 annos
1764 1612 1868 1658 vin·

89 1691 190 1720 cere
212 1672 335 1719 soliti
356 1673 404 1719 in
426 1672 551 1734 spem
585 1672 786 1719 victoriae
810 1671 994 1732 majoris
1016 1668 1154 1716 erecti
1175 1683 1304 1717 erant
1329 1689 1340 1717 ε
1378 1671 1715 1735 Brittonesque‚
1737 1676 1868 1739 quic-

91 1738 206 1800 quid
226 1730 358 1786 viftis
377 1736 583 1784 accidere
603 1737 662 1783 ab
683 1737 806 1783 hoste
826 1733 1035 1782 infenfiffi
1044 1750 1117 1785 mo
1134 1735 1292 1796 poss‘et,
1313 1748 1418 1782 ante
1436 1737 1597 1783 oculos
1619 1738 1870 1789 habebant,

91 1804 146 1849 In
170 1803 258 1848 hoc
276 1818 444 1856 rerum,
465 1814 603 1864 atque
622 1801 881 1847 animorum
899 1801 1011 1846 statu
1032 1797 1110 1845 ubi
1128 1798 1542 1864 primum'uterque
1561 1804 1786 1851 exercitus
1806 1807 1874 1852 al·

88 1867 179 1913 teri
209 1866 255 1912 in
279 1867 570 1929 conspeaestum
591 1867 736 1920 venit,
777 1863 989 1928 praelium
1015 1863 1186 1910 factum
1210 1865 1287 1918 est,
1328 1865 1465 1925 quale
1487 1879 1592 1912 ante
1616 1883 1721 1914 eum
1745 1869 1871 1918 diem

93 1930 320 1979 Britannis
341 1930 459 1976 inter
480 1930 598 1992 ipsos
622 1932 801 1977 nullum
824 1929 973 1975 fuerat
998 1947 1009 1974 z
1046 1941 1263 1990 tantaque
1286 1928 1589 1977 obstinatione
1612 1932 1875 1984 animorum

92 1997 154 2042 est
175 2007 449 2058 pugnatum,
489 2007 538 2041 ut
566 1994 644 2040 vix
683 1995 779 2057 post
812 1995 1001 2057 longam
1023 1992 1372 2039 dimicationem
1395 1996 1638 2042 Scotorum
1660 1998 1874 2046 dextrum

85 2076 243 2106 ‘cornu
269 2059 491 2119 inclinare
514 2059 755 2123 inciperet.
801 2059 857 2105 Id
878 2056 1163 2120 conspicatus
1181 2059 1418 2121 Eugenius
1436 2060 1533 2121 jam
1557 2061 1771 2111 omnibus
1790 2066 1873 2111 ali-

93 2125 132 2170 is
172 2123 375 2170 subsidiis
397 2124 444 2171 in
468 2142 673 2187 pugnam
699 2123 921 2186 promotis
947 2124 1017 2185 (1)
1044 2122 1283 2168 cohortem
1306 2123 1364 2170 ad
1385 2123 1720 2188 impedimenta
1740 2130 1876 2177 relic-

93 2203 188 2235 tam
206 2184 253 2235 in
284 2188 430 2235 aciem
453 2189 602 2236 duxit.
672 2189 749 2235 Ab
770 2189 844 2242 iis,
870 2201 919 2234 ut
940 2186 1132 2250 integris
1151 2187 1319 2242 adhuc,
1342 2189 1590 2246 BrittoneS,
1613 2192 1693 2255 qui
1716 2209 1773 2240 ex
1794 2196 1875 2242 ad-

93 2253 220 2300 verso
243 2253 432 2309 stabant,
458 2254 563 2300 loco
594 2253 710 2300 moti
735 2272 745 2300 ε
779 2265 916 2316 atque
937 2252 1126 2300 initium
1147 2251 1350 2299 victoriae
1364 2252 1454 2300 fuit
1469 2256 1528 2301 ab
1550 2272 1603 2302 ea
1620 2270 1765 2320 parte,
1793 2277 1878 2314 une

94 2319 153 2364 de
176 2318 371 2373 cladem,
397 2323 446 2367 ὃς
469 2318 721 2381 perniciem
745 2318 1120 2365 formidaverant.
1178 2317 1308 2364 Illius
1331 2317 1446 2365 aciei
1469 2320 1700 2368 fortunam
1723 2325 1878 2373 caeteri

95 2381 324 2430 Brittones
343 2383 481 2430 secuti
499 2397 628 2447 terga
646 2395 881 2430 verterunt
901 2401 912 2429 t
950 2392 1058 2429 cum·
1079 2392 1231 2428 autem
1255 2383 1302 2430 in
1326 2382 1474 2439 silvas,
1516 2389 1567 2434 &
1585 2388 1778 2449 paludes
1804 2391 1879 2437 10-

94 2464 172 2503 co,
188 2448 264 2494 ubi
283 2460 542 2512 pugnatum
558 2449 721 2503 fuerat,
738 2448 1024 2511 propinquas
1040 2446 1360 2510 confugissent,
1377 2465 1454 2496 eos
1469 2451 1744 2513 palantes,&
1758 2454 1874 2518 spar-

99 2513 185 2566 sos,
211 2518 252 2558 &
273 2511 470 2560 inermes
493 2515 562 2577 (z)
584 2514 765 2560 calones
789 2512 985 2559 hostium
1008 2511 1129 2559 natti
1152 2528 1368 2575 magnam
1392 2514 1586 2578 stragem
1607 2517 1872 2567 ediderunt.

93 2576 321 2624 Cecidere
342 2578 392 2624 in
424 2595 478 2624 ea
504 2595 663 2643 pugna
696 2576 960 2626 Brittonum
989 2578 1048 2624 ad
1069 2577 1423 2640 quatuordecim
1445 2580 1595 2628 millia
1620 2600 1633 2630 ε
1682 2583 1879 2632 hostium

101 2657 211 2687 vero
228 2655 442 2703 quatuor.

162 2707 298 2752 XIII.
331 2707 594 2754 Secundum
615 2707 733 2755 hanc
756 2707 1213 2773 pugnam‘Brittones
1236 2708 1390 2758 amissa
1407 2727 1553 2775 prope
1574 2712 1703 2761 omni
1714 2714 1883 2776 juven·

93 2783 198 2817 tute
231 2769 421 2818 militari
442 2772 617 2836 legatos
640 2774 850 2826 mittunt,
891 2773 975 2836 qui
1001 2773 1149 2820 nullas
1171 2774 1461 2824 conditiones
1495 2778 1619 2841 pacis
1655 2780 1879 2827 recusent.

99 2838 253 2899 Reges
275 2835 579 2884 confoederati
600 2855 707 2885 cum
729 2837 887 2885 omnia
915 2837 999 2885 fibi
1020 2838 1232 2901 permissa
1250 2839 1478 2897 viderent,
1503 2844 1694 2906 paulum
1717 2844 1773 2891 ad
1797 2844 1885 2891 mi-

87 2899 393 2948 sericordiam
409 2902 524 2949 verfi
541 2902 666 2965 pacis
689 2902 978 2951 conditiones
1000 2903 1080 2950 etsi
1103 2904 1255 2960 duras,
1296 2922 1391 2953 non
1431 2918 1584 2955 tamen
1607 2920 1658 2955 ut
1678 2908 1727 2955 in
1750 2909 1887 2956 rebus

102 2963 279 3012 afflictis
300 2964 597 3030 iniquissimas
618 2969 887 3015 obtulerunt
907 2987 918 3016 ε
964 2980 1016 3016 ut
1038 2967 1267 3017 Brittones
1291 2987 1377 3018 nec
1396 2971 1681 3028 Romanum,
1707 2988 1792 3019 nec
1815 2974 1890 3021 ul—

104 3029 202 3076 lum
224 3042 390 3076 exterae
412 3031 561 3095 gentis
583 3031 839 3081 exercitum
860 3033 1157 3089 accerserent,
1193 3045 1273 3082 aut
1290 3035 1411 3082 ultro
1431 3036 1754 3084 advenientem
1772 3039 1888 3086 reci-

105 3106 284 3156 perent,
317 3106 396 3141 aut
426 3112 507 3158 per
527 3096 628 3144 suos
650 3098 762 3145 fines
783 3098 872 3145 iter
892 3099 1154 3163 praeberent
1177 3117 1189 3146 z
1225 3111 1276 3145 ut
1297 3116 1566 3148 communes
1590 3118 1696 3149 cum
1721 3103 1888 3159 ScotiS‚

113 3165 155 3204 &t
178 3158 316 3206 Pictis
334 3159 521 3215 amicOS,
544 3160 848 3225 inimicosque
870 3163 1072 3211 habeant
1093 3181 1105 3210 ε
1139 3179 1232 3210 neu
1253 3180 1411 3212 eorum
1436 3165 1602 3226 injuffu
1620 3166 1790 3223 foedus,
1814 3180 1896 3216 aut

105 3224 281 3272 bellum
299 3223 487 3279 faciant,
504 3225 733 3274 auxiliave
752 3227 1044 3290 poscentibus
1067 3228 1253 3275 mittant
1271 3248 1281 3276 :
1314 3241 1361 3277 ut
1383 3230 1486 3277 finis
1505 3231 1695 3288 eisveffet
1711 3233 1895 3280 Umber

107 3287 273 3335 fluvius
301 3307 311 3335 :
346 3288 556 3352 pecuniae
578 3291 719 3338 etiam
742 3292 918 3353 adjecta
940 3292 1132 3348 summa,
1167 3309 1306 3355 quam
1325 3294 1372 3341 in
1397 3294 1568 3344 milites
1590 3297 1898 3348 dividendam

104 3352 477 3416 repraesentarent
497 3373 508 3401 ε
534 3371 767 3419 quamque
785 3355 834 3404 in
858 3357 1061 3422 singulos
1084 3373 1227 3405 annos
1250 3359 1506 3422 penderent
1527 3379 1541 3409 :
1574 3361 1688 3411 item
1710 3375 1898 3411 centum

164 3502 229 3552 (1)
248 3505 286 3541 A
300 3496 483 3559 company
502 3520 544 3546 or
561 3507 683 3558 strong
703 3516 808 3560 party
824 3508 870 3548 of
882 3509 983 3550 foot-
1095 3507 1155 3561 (2)
1184 3508 1454 3560 Baggagemen,
1480 3512 1567 3552 who
1586 3517 1712 3553 attend
1730 3515 1797 3554 the
1816 3514 1902 3563 bag-

1039 3576 1130 3614 gage
1146 3563 1192 3602 of
1203 3577 1251 3604 an
1267 3578 1385 3618 army,
1405 3567 1718 3634 orcamp-ssaves

1753 3694 1914 3751 darent
