2106 3864
512 144 838 229 timim
932 160 1439 248 QUARTUS.
1776 167 1865 251 85

86 269 239 315 secum
262 262 453 312 abduxit
476 281 488 310 ε
523 275 573 309 ut
594 260 716 325 apud
752 260 794 306 se
827 262 1251 323 (quemadmodum
1277 262 1536 322 simulabat>
1568 263 1709 327 Regii
1729 264 1864 327 pueri

90 332 242 394 Regio
275 326 758 377 cultuiaffuescerent.
828 325 950 370 Cum
984 326 1152 381 Edem,
1178 326 1257 388 qui
1289 327 1508 373 minimus
1544 340 1654 381 erat,
1693 331 1863 376 milites

87 395 287 458 praefidii
309 394 501 440 obtentu
521 391 728 454 reliquit,
746 387 916 451 quibus
938 391 1119 435 occulta
1135 391 1322 438 dederat
1342 392 1571 446 mandata,
1594 405 1643 437 ut
1660 393 1769 439 stato
1789 395 1869 440 die

89 476 285 522 puerum
307 456 627 503 interficerent.
676 456 781 508 Sed,
796 469 903 499 cum
921 452 1041 498 Gilli
1063 453 1303 517 ingenium
1324 455 1538 502 omnibus
1560 457 1666 502 effet
1683 468 1863 513 notum,

90 523 246 570 nutrix
267 521 475 568 fraudem
492 519 725 582 suspicata,
749 518 986 564 alumnum
1009 518 1126 563 clam
1149 519 1382 583 sublatum*
1400 522 1531 566 nocte
1552 519 1608 566 “in
1635 521 1866 583 Argathe·

91 587 201 633 liam
218 584 458 633 transmisit
479 603 489 631 :
518 600 569 630 ac
584 584 896 646 nequicquam
914 581 972 627 ad
990 583 1161 628 caedem
1177 600 1281 630 eum
1296 597 1528 647 quaerente
1543 584 1675 631 Gillo
1689 585 1869 647 aliquot

91 668 235 697 annos
258 651 437 696 occulte
459 648 505 694 in
522 648 736 711 spelunca
756 644 985 692 educavit.
1040 647 1126 692 Ille
1148 663 1240 694 non
1262 650 1402 695 modo
1424 649 1582 696 fratres
1605 649 1736 711 pueri
1758 662 1872 696 natu·

92 715 307 775 majores,
328 714 403 760 sed
426 713 592 759 milites
615 711 752 758 etiam
776 710 980 757 custodes
1002 710 1189 757 occidit.
1232 711 1385 774 Ipsum
1408 730 1516 760 vero
1538 714 1739 761 Ederum
1761 730 1871 761 cum

95 779 231 826 falsus
256 794 411 826 rumor
431 777 479 824 in
502 775 774 822 Hiberniam
800 776 1004 821 delatum
1026 776 1346 840 pervulgaflet,
1366 775 1570 840 quaerer'e
1589 778 1734 825 desiit.
1780 779 1872 825 Sed

94 860 180 890 nec
198 855 419 905 nepotum
442 839 596 887 Dursti
617 839 742 885 caede
764 852 1023 902 perpetrata
1053 839 1155 886 satis
1186 853 1336 887 tutum
1373 842 1523 889 adhuc
1545 843 1587 887 se
1626 843 1870 890 arbitratus

93 909 298 969 quandiu
316 905 556 970 quisquam
580 903 605 950 ἐ
629 903 777 968 Regia
798 904 930 967 stirpe
953 903 1208 966 supereffet,
1224 922 1382 953 omnes
1415 907 1718 969 propinquos,
1732 906 1871 953 fami-

96 972 316 1034 liaresque
338 968 664 1018 interimendos
683 967 873 1015 curavit.
942 970 1174 1024 Proceres,
1199 970 1279 1033 qui
1302 971 1485 1017 moleste
1507 971 1774 1040 prsssentem
1800 988 1874 1019 re·

94 1053 196 1083 rum
232 1037 391 1083 statum
431 1033 653 1085 ferebant,
692 1040 732 1080 δε
764 1034 921 1097 pejora
952 1034 1237 1089 metuebant,
1262 1034 1578 1096 conjuratione
1612 1037 1731 1081 clam
1755 1036 1874 1083 faEta

97 1113 232 1147 tanto
251 1099 425 1147 silentio
447 1114 544 1145 rem
567 1109 793 1152 texerunt,
821 1110 870 1144 ut
896 1097 1052 1143 Gillus
1075 1097 1201 1159 prius
1224 1098 1341 1161 geri,
1362 1115 1501 1161 quam
1525 1099 1675 1161 parari
1699 1100 1874 1148 bellum

97 1164 293 1211 senserit.
360 1164 482 1210 Cum
507 1162 758 1208 exercitum
777 1173 936 1208 contra
954 1161 1149 1207 rebelles
1177 1175 1379 1225 cogeret,
1414 1163 1560 1217 sensit,
1590 1181 1728 1226 quam
1751 1165 1876 1212 fluxa

98 1229 210 1275 fides
228 1227 467 1276 hominum
489 1244 598 1290 erga
619 1225 852 1274 sceleratos
879 1227 1000 1272 esset.
1068 1226 1196 1271 Nam
1219 1232 1259 1272 δε
1281 1226 1416 1288 pauci
1446 1228 1504 1273 ad
1525 1245 1630 1274 eum
1649 1245 1877 1276 convene-

99 1306 223 1349 runt,
249 1299 287 1340 &
310 1293 360 1338 hi
391 1292 502 1346 fere,
532 1290 613 1352 qui
647 1304 834 1354 propter
857 1289 1099 1353 superioris
1121 1290 1227 1337 vitae
1250 1289 1425 1353 flagitia
1448 1308 1609 1353 pacem
1633 1292 1875 1341 timebant.

96 1360 259 1420 Itaque
293 1357 379 1404 suis
406 1355 572 1414 diffisus
600 1356 760 1402 relicto
799 1354 1001 1401 exercitu
1024 1354 1268 1416 piscatoria
1291 1355 1502 1402 navicula
1523 1355 1571 1402 in
1598 1357 1878 1405 Hiberniam

97 1422 234 1484 fugit.
302 1421 425 1468 Scoti
446 1439 502 1467 ne
541 1419 753 1482 legitimo
788 1432 994 1466 carerent
1030 1419 1244 1482 imperio,
1284 1420 1565 1467 Caduallum
1608 1421 1879 1483 conjurandi

97 1485 354 1548 principem
379 1485 523 1547 copiis
547 1485 739 1531 hostium
762 1485 810 1530 in
835 1486 973 1531 fidem
996 1483 1190 1546 receptis
1213 1485 1459 1547 Proregem
1483 1498 1653 1533 creant.
1703 1489 1747 1533 Is
1770 1503 1878 1534 cum

100 1550 283 1596 Gillum
307 1549 583 1597 facinorosos
625 1549 829 1612 undique
850 1561 1096 1613 cogentem
1118 1549 1291 1595 bellum
1325 1565 1544 1597 renovare
1567 1551 1685 1597 velle
1706 1551 1878 1600 intelli-

97 1627 242 1676 geret,
264 1632 387 1669 eum,
410 1628 657 1676 antequam
680 1614 842 1677 copias.
857 1614 1051 1674 majores
1070 1613 1577 1677 colligeret,·persequi,
1601 1631 1881 1677 quocunque

101 1678 298 1741 fugeret,
323 1677 542 1725 decrevit.
611 1678 815 1724 Primum
842 1677 891 1723 in
914 1678 1126 1724 AEbudas
1147 1676 1312 1723 insulas
1343 1678 1593 1741 navigavit.
1664 1680 1738 1725 Ibi
1758 1682 1881 1726 Ede..

99 1759 203 1787 rum
229 1759 368 1789 unum
395 1743 420 1788 ὲ
442 1740 614 1789 Dursti-
631 1741 853 1804 progenie
891 1741 1168 1804 superstitem
1200 1742 1259 1788 ad
1286 1741 1327 1787 se
1351 1741 1598 1789 adductum
1630 1743 1881 1792 liberaliter

99 1805 426 1854 instituendum
448 1805 592 1852 dedit.
661 1806 817 1852 Gillus
840 1805 998 1852 audito
1019 1806 1116 1867 ejus
1137 1805 1336 1852 adventu
1358 1806 1505 1852 rursus
1528 1807 1575 1853 in
1599 1808 1881 1856 Hiberniam

101 1870 217 1916 abiit
237 1888 248 1917 :
285 1869 549 1933 proceribus
568 1870 664 1930 ejus
683 1870 832 1932 gentis
857 1886 1026 1932 magna
1047 1870 1121 1932 spe
1140 1870 1437 1932 prae'miorum
1460 1869 1693 1918 solicitatis
1716 1873 1762 1918 in
1786 1874 1882 1935 pri-

101 1933 245 1980 missi
263 1935 305 1980 se
327 1934 596 1980 reducerent
614 1934 825 1980 AEbudas
848 1934 902 1981 iis
926 1935 967 1980 se
991 1935 1283 1980 donaturum.
1353 1934 1443 1980 His
1466 1935 1880 1997 pollicitationibus

99 2014 321 2060 magnum
340 1998 593 2044 exercitum
616 1999 833 2044 confecit.
904 1999 1154 2044 Caduallus
1178 2001 1284 2045 cum
1306 1999 1440 2044 rebus
1473 1999 1687 2046 omnibus
1711 2002 1766 2048 ad
1791 2016 1883 2049 tra·

95 2062 345 2122 jectionem
363 2075 545 2124 paratus
581 2063 874 2126 effetspropc
893 2063 950 2110 de
971 2062 1102 2110 cursu
1124 2075 1360 2110 revocatus
1384 2064 1460 2119 est,
1499 2078 1549 2111 ut
1571 2067 1613 2111 se
1635 2065 1883 2128 suspicione

101 2127 233 2191 regni
251 2126 358 2173 falsa
380 2126 609 2175 liberaret.

793 2214 927 2260 XIV.
995 2214 1038 2259 R
1059 2215 1175 2282 ΕΧ.

167 2285 297 2331 XIX.
331 2287 364 2332 P
379 2286 420 2332 R
436 2285 588 2334 IMU
604 2286 660 2333 M
691 2287 901 2334 omnium
923 2288 1135 2334 Euenum
1157 2289 1374 2349 praeclara
1396 2287 1518 2335 fama
1536 2288 1686 2335 virum
1706 2291 1887 2338 Doual-

101 2351 149 2400 lo
162 2350 356 2397 Firmani
367 2350 510 2414 Regis
529 2349 667 2397 fratre
686 2352 898 2413 genitum
914 2351 1078 2414 populi
1095 2351 1319 2415 suffragiis
1339 2353 1519 2415 Regem
1537 2355 1885 2403 creandum‘cu-

41 2445 50 2453 -
101 2426 188 2462 rat.
259 2415 302 2461 Is
320 2428 510 2477 accepto
533 2415 794 2478 magistratu
815 2416 919 2464 loca
934 2415 1138 2462 hostibus
1157 2428 1435 2478 opportuna,
1461 2434 1512 2463 ac
1531 2419 1731 2465 maxime
1750 2420 1887 2466 mari-

103 2479 216 2528 tima
240 2479 378 2527 firmis
402 2479 618 2542 praefidiis
638 2480 912 2535 communit,
932 2497 989 2527 ne
1008 2480 1144 2527 subiti
1157 2481 1300 2527 hostes
1319 2483 1492 2544 poss'ent
1506 2482 1696 2545 impune
1719 2486 1788 2545 (ἶ)
1806 2501 1885 2531 et<-

105 2543 353 2589 scensiones
377 2544 540 2591 facere.
612 2544 770 2592 Gillus
792 2546 841 2592 id
864 2562 968 2592 cum
998 2545 1207 2600 rescisset,
1247 2550 1287 2591 &
1310 2545 1406 2607 ipse
1429 2559 1606 2594 mutato
1628 2549 1815 2595 consilio
1837 2550 1886 2596 in

107 2609 225 2653 llam
246 2608 438 2656 insulam
462 2607 665 2671 navigat.
735 2609 810 2655 Ibi
835 2626 940 2656 cum
963 2609 1120 2656 omnia
1148 2611 1239 2663 late
1262 2610 1399 2664 ferro,
1429 2612 1706 2675 fiammaque
1727 2615 1885 2661 vastas-

106 2671 186 2726 set,
211 2672 259 2717 in
283 2672 557 2721 Hiberniam
579 2671 732 2720 rediit.
801 2675 1004 2730 Euenus,
1029 2687 1081 2720 ut
1103 2673 1213 2721 belli
1242 2674 1418 2721 fontem
1442 2676 1717 2733 exhauriret,
1758 2695 1886 2742 mag-

109 2752 222 2782 num
246 2738 301 2782 eo
321 2737 572 2784 exercitum
597 2738 714 2784 duce
738 2738 967 2785 Caduallo
991 2737 1150 2785 mittit.
1226 2740 1330 2785 Nec
1368 2739 1524 2796 Gillus
1548 2755 1777 2789 certarnen
1808 2745 1886 2790 de-

108 2803 282 2847 trectat.
319 2802 407 2848 Sed
431 2818 455 2847 a
477 2800 564 2847 suis
584 2802 730 2865 magis
752 2804 1133 2865 praedan1‚!quam
1154 2803 1319 2850 ducem
1337 2803 1498 2851 secutis
1521 2806 1887 2862 destitutus,vess

105 2878 151 2911 te
186 2878 360 2912 mutata
391 2865 440 2912 in
462 2866 779 2930 propinquum
800 2884 960 2915 nemus
996 2868 1121 2931 fugit
1155 2868 1312 2930 paucis
1336 2885 1360 2914 e
1392 2882 1523 2916 tauto
1559 2888 1748 2918 numero
1781 2889 1895 2919 eum.

108 2929 453 2976 comitantibus.
522 2931 748 2992 Reliquus
771 2931 998 2979 exercitus
1020 2949 1046 2979 a
1068 2931 1215 2986 sociiS,
1242 2938 1282 2979 &
1305 2932 1422 2979 duce
1442 2936 1651 2995 proditus
1675 2935 1716 2981 se
1733 2937 1889 2983 Cadu-

72 3006 79 3009 '
113 2994 204 3043 allo
227 2993 423 3041 dedidit.
494 2995 649 3041 Gillus
672 2997 769 3059 post
791 2997 1003 3059 praelium
1026 2997 1107 3043 diu
1128 2997 1340 3058 quaefitus
1363 2999 1548 3045 tandem
1570 2998 1617 3044 in
1642 3011 1771 3046 antro
1806 3002 1889 3048 ob-

110 3058 243 3103 scuro
266 3071 470 3120 repertus
495 3060 748 3106 trucidatur
771 3061 906 3109 tertio
927 3078 1067 3124 quam
1088 3077 1283 3124 regnum
1301 3075 1605 3124 occupaverat
1627 3080 1762 3111 anno,
1801 3067 1890 3112 Ca-

109 3134 196 3185 put
217 3124 410 3169 relatum
432 3123 491 3169 ad
512 3124 806 3175 Caduallnm.
875 3127 999 3175 Eum
1026 3126 1162 3172 rebus
1197 3125 1393 3172 feliciter
1416 3126 1548 3188 gestis
1584 3143 1640 3172 ex
1661 3129 1894 3180 Hibernia

110 3186 378 3237 redeuntem
403 3203 495 3233 non
519 3188 680 3234 eadem
704 3188 1107 3253 fortunaexcepit.
1145 3189 1375 3249 Majorem
1397 3189 1522 3236 enim
1545 3192 1768 3239 exercitus
1786 3213 1891 3258 par-

110 3264 206 3304 tem
229 3267 335 3299 cum
356 3250 487 3297 omni
509 3251 664 3313 praeda
685 3251 811 3301 foeda
833 3253 1096 3316 tempestate
1117 3267 1306 3299 vexatus
1328 3252 1491 3301 amifit.
1546 3256 1688 3303 Unde
1711 3269 1889 3310 tantum

115 3315 331 3378 concepit
352 3329 597 3362 moerorem
622 3329 672 3361 ut
693 3315 786 3363 non
820 3319 936 3364 adeo
958 3318 1037 3364 diu
1059 3317 1157 3380 post
1181 3316 1455 3382 aegritudine
1487 3319 1628 3367 animi
1658 3317 1892 3377 confectus

116 3380 341 3427 interierit
363 3399 373 3426 2
407 3381 538 3442 Rege
560 3376 720 3425 frustra
742 3382 1020 3435 consolante,
1058 3398 1111 3428 ac
1132 3397 1201 3427 res
1224 3381 1453 3443 'praeclare
1472 3383 1595 3431 bello
1628 3388 1770 3448 gestas
1794 3392 1893 3447 lau-

111 3444 266 3498 dante,
291 3444 479 3498 adversa·
491 3444 541 3490 in
563 3445 759 3490 fortunae
782 3446 999 3492 saevitiem
1022 3444 1302 3492 conferente.
1338 3447 1442 3501 Rex
1460 3464 1614 3495 novus·
1630 3451 1717 3496 hoc
1739 3469 1891 3503 rerum

113 3509 306 3556 succeffu
329 3508 492 3564 clarus,
517 3524 684 3573 pacemv
699 3525 805 3558 cum
824 3509 961 3561 Pictis
983 3508 1257 3563 renovavit-t
1280 3515 1334 3558 -Sc
1353 3511 1501 3560 Gethi
1520 3512 1642 3565 tertii
1659 3515 1893 3567 Pictorum

170 3637 238 3691 (jx)
267 3641 372 3680 Laud
385 3638 512 3681 outrof
524 3638 624 3682 their
639 3639 760 3690 stiipe„

1752 3702 1908 3766 Regis.
