2006 3858
318 151 608 218 LIBER
667 124 728 213 D
765 164 1114 213 ECIMUS
1145 162 1575 230 QUARTUS.
1701 163 1831 227 397

134 252 264 301 XXI.
300 240 538 296 Adventus
573 244 783 307 Protegis
806 242 1068 305 divulgatus
1092 239 1262 287 amicos
1284 255 1450 302 magna
1470 235 1639 284 laeticia
1660 241 1828 289 affecit,

69 317 235 366 dubios
257 310 558 363 confirmavit,
585 314 625 354 δε
649 312 816 354 multos
839 307 895 353 ad
919 306 1068 351 foedus
1091 303 1344 368 Anglieum
1377 301 1601 366 proclives
1624 303 1828 351 retinuit-

56 383 160 429 ,Ille
182 389 400 444 apparatu
425 373 537 420 belli
567 371 749 418 adverso
773 371 962 417 flumine
992 370 1160 416 Glotta
1188 368 1432 415 Glascuam
1461 367 1590 414 misso
1613 368 1836 416 recensuit

68 446 137 493 ibi
155 444 420 495 exercitum,
439 453 490 484 ac
511 435 734 499 praemisib
755 435 923 488 εάἰὲὶο,
943 447 993 481 ut
1004 433 1217 480 nobilitas
1230 430 1507 494 Edimburgi·
1525 431 1684 495 praesto
1707 433 1833 489 effet,

73 511 308 557 luculenta
327 503 531 552 oratione
555 500 679 562 apud
712 515 788 545 eos
810 499 983 552 habita,
1010 498 1166 546 laudat
1187 513 1351 544 eorum*
1366 495 1659 559 constantiam
1683 496 1732 544 in
1755 513 1836 543 an-

70 573 203 636 tiquo
221 571 393 618 foedere
409 564 732 617 conservando,
753 569 792 609 δε
817 562 1025 609 adversus
1047 562 1304 624 Anglorum
1328 560 1585 625 perfidiosas
1606 561 1836 623 pollicita·

72 636 221 684 tiones
243 631 596 697 providentiam.
647 628 801 674 Multa
818 625 1060 689 magnifice
1078 640 1406 673 commemorat
1426 626 1483 673 de
1503 627 1538 674 F
1542 625 1726 673 rancisci
1743 627 1838 673 Re-

71 700 143 765 gis
165 716 274 761 erga
304 700 542 757 Scotorum
570 705 756 757 gentem
779 691 951 746 animo,
975 690 1138 745 studio,
1163 693 1211 740 δε
1234 690 1525 738 liberalitate.
1592 692 1835 745 Hortatur,

75 776 126 812 ut
147 762 450 810 simultatibus
472 757 703 821 depositis,
726 758 838 804 dum
859 766 1045 802 externa
1066 754 1226 801 adsunt
1250 755 1436 810 auxilia,
1473 769 1682 818 acceptas
1705 755 1840 804 ulcis.-

74 841 235 875 cantur
255 826 457 886 injurias,
483 830 522 870 δι
544 821 711 886 insigni
733 823 900 868 damno
920 818 1208 866 insolentiam
1231 818 1365 867 hostis
1387 818 1653 882 reprimant.

140 892 296 938 XXII.
330 892 415 936 Per
433 890 520 935 hos
550 887 644 933 dies
663 885 831 932 refecio
855 883 1018 938 milite,
1041 887 1092 934 ὃς
1112 885 1349 930 Scotorum
1374 883 1518 945 copiis
1540 883 1764 946 adjunzstis
1783 885 1842 933 ad

75 956 270 1004 limitem
294 953 501 1018 pervenit
521 953 580 998 ad
602 951 894 997 undecimum
916 949 1125 995 calendas
1159 947 1457 1008 Novembris.
1512 950 1600 995 Sed
1624 964 1729 998 cum
1744 949 1846 1011 jam

76 1020 294 1084 Angliam
314 1019 585 1080 ingressurus
597 1030 736 1078 ponte
750 1014 921 1078 ligneo,
938 1013 1020 1074 qui
1032 1013 1093 1059 est
1107 1014 1164 1060 ad
1176 1012 1474 1067 Mulrossiam,
1491 1014 1844 1078 copiarumzpar.

79 1099 170 1132 tem
192 1085 409 1145 majorem
429 1082 706 1134 traduxiss'et‚
732 1079 877 1126 Scotis
895 1080 1056 1124 eadem
1074 1077 1374 1131 causantibus,
1394 1093 1497 1137 quae
1517 1077 1744 1139 superiore
1764 1095 1842 1126 ex-

76 1148 313 1212 peditione
334 1149 392 1195 ad
426 1148 654 1195 Solvaeum
689 1143 1039 1207 praetenderant,
1075 1157 1128 1187 ac
1159 1140 1379 1204 Angliam
1400 1141 1582 1203 ingredi
1613 1144 1846 1191 renuenti-

78 1217 179 1268 buS,
205 1213 488 1276 transgressos
511 1227 689 1256 amnem
714 1210 870 1256 eadem
894 1206 969 1253 via
991 1204 1171 1252 reduxit
1207 1223 1220 1251 ;
1251 1218 1388 1267 atque
1409 1206 1548 1266 paulo
1569 1207 1690 1253 infra
1710 1209 1769 1255 ad
1791 1210 1848 1255 fi-

79 1279 260 1325 nistram
279 1277 457 1325 Tuedae
474 1279 621 1337 ripam
641 1273 794 1335 politis
813 1272 961 1318 castris
996 1272 1193 1316 Vercam
1213 1285 1361 1316 arcem
1384 1269 1442 1315 ad
1464 1270 1670 1318 dextram
1691 1289 1747 1318 ex
1765 1275 1848 1320 ad-

79 1343 204 1389 verso
235 1344 361 1389 sitam
396 1354 666 1402 oppugnare
699 1339 760 1384 est
781 1337 1026 1399 aggressus.
1092 1333 1281 1396 Equites
1312 1334 1489 1381 interea
1520 1347 1641 1382 trans
1664 1352 1850 1386 amnem

81 1407 191 1454 miffi
214 1408 362 1453 aditus
389 1421 548 1451 omnes
570 1403 853 1454 obsidebant,
887 1417 942 1447 ne
965 1416 1058 1462 qua
1079 1397 1260 1444 inclusis
1280 1397 1454 1445 auxilia
1485 1399 1850 1450 intromitteren-

81 1486 169 1526 tur,
193 1470 394 1517 vicinum
419 1485 578 1532 agrum
601 1466 721 1513 ferro
743 1467 1020 1528 flammaque
1039 1462 1286 1510 vastabant.
1332 1464 1465 1510 Arcis
1484 1463 1582 1511 haec
1603 1465 1753 1515 forma
1770 1468 1850 1515 est.

83 1536 247 1582 Turris
279 1534 569 1581 munitissima
588 1531 637 1578 in
658 1530 823 1578 intima
842 1545 946 1576 area
974 1529 1021 1574 in
1047 1543 1259 1590 magnam
1294 1528 1480 1591 assurgit
1509 1529 1802 1578 altitudinem
1836 1551 1851 1580 z

82 1616 184 1649 eam
206 1599 380 1662 duplex
398 1614 551 1645 murus
573 1596 718 1643 ambit
741 1614 752 1643 ε
778 1595 976 1641 exterior
992 1594 1137 1639 latum
1160 1592 1396 1655 amplexus
1417 1592 1628 1655 spatium,
1652 1594 1706 1641 in·
1724 1597 1854 1660 quod

83 1664 197 1711 belli
216 1677 424 1726 tempme
443 1661 596 1708 rustici
617 1661 820 1707 solebant
852 1657 1120 1720 confugere,
1151 1672 1203 1702 ac
1225 1670 1407 1719 pecora,
1437 1656 1699 1722 fruEkusque
1718 1678 1856 1726 agro-

87 1745 189 1775 rum
212 1728 433 1774 conferre.
502 1723 697 1772 interior
718 1723 864 1774 multo
898 1721 1146 1786 angustior,
1183 1720 1256 1767 sed
1291 1720 1406 1766 foffis
1435 1722 1776 1782 circumductis,
1802 1730 1857 1777 δε

85 1793 285 1839 turribus
318 1790 524 1838 excitatis
557 1789 795 1835 munitior.
860 1785 1145 1834 Exteriorem
1174 1785 1396 1831 ambitum
1420 1801 1523 1832 cum
1548 1788 1677 1834 Galli
1699 1789 1859 1855 caepis.

83 1857 180 1904 sent
201 1873 282 1920 per
302 1856 412 1908 vim,
432 1854 578 1918 Angli
598 1853 794 1900 immisso
815 1852 863 1898 in
884 1853 1062 1905 horrea,
1087 1862 1223 1913 atque
1246 1853 1500 1905 stramenta,
1525 1869 1625 1914 quae
1647 1854 1695 1900 in
1718 1856 1784 1902 eis
1804 1873 1856 1902 e·

86 1934 204 1984 rant,
229 1921 355 1983 igne,
386 1920 586 1973 flamma,
611 1917 832 1979 fumoque
853 1933 929 1962 eos
951 1928 1219 1978 exegerunt.
1286 1914 1434 1974 Biduo
1456 1911 1622 1962 deinde
1643 1920 1860 1980 proximo

86 1984 305 2032 interiore
338 2000 470 2030 muro
493 1981 731 2029 tormentis
764 1980 1111 2034 converberato,
1141 1980 1375 2042 postquam
1400 1979 1500 2026 satis
1524 1981 1670 2031 facilis
1709 1985 1858 2033 aditus

88 2050 341 2113 patefacias
382 2048 638 2100 videbatur,
676 2045 842 2092 iterum
883 2043 1012 2092 Galli
1041 2061 1135 2091 rem
1156 2044 1342 2107 aggresli
1376 2060 1456 2105 per
1495 2045 1649 2095 ruinas
1671 2049 1861 2112 quidem

89 2116 261 2161 strenue
283 2112 652 2160 transcenderunt
676 2129 688 2157 :
711 2109 787 2156 sed
821 2126 926 2156 cum
955 2124 1015 2155 ex
1043 2126 1144 2156 arce
1167 2108 1331 2156 intima
1361 2108 1512 2158 adhuc
1533 2115 1712 2175 integra
1733 2116 1863 2163 omni

91 2195 257 2242 genere
281 2178 475 2224 telorum
497 2176 582 2239 ipsi
603 2176 661 2222 ad
682 2191 841 2221 omnes
862 2175 978 2222 ictus
996 2173 1187 2237 expositi
1210 2185 1488 2235 peterentur,
1503 2164 1660 2241 paucis
1680 2182 1867 2230 suorum

90 2242 268 2297 amissis,
291 2241 423 2302 ejecii
443 2241 506 2288 ad
522 2239 775 2288 exercitum
796 2253 917 2286 trans
939 2240 1110 2286 flumen
1128 2239 1381 2288 redierunt.

153 2308 336 2354 XXIII.
367 2309 537 2354 Prorex
558 2320 665 2351 cum
687 2309 727 2350 Sc
751 2306 993 2352 Scotorum
1023 2303 1198 2350 animos
1221 2322 1248 2352 a
1282 2306 1417 2354 rebus
1437 2308 1650 2369 gerendis
1687 2310 1864 2360 videret

93 2371 284 2427 aversos,
326 2377 367 2418 &
397 2388 484 2434 pro
513 2383 640 2416 certo
670 2368 956 2432 comperisset
992 2367 1147 2431 copias
1187 2370 1448 2433 Anglorum
1470 2376 1861 2433 numerosissimas,

94 2453 261 2499 nempe
299 2437 347 2482 in
386 2434 555 2498 quibus
593 2434 681 2497 ipsi
722 2434 919 2481 scribant
954 2434 1262 2498 quadraginta
1296 2435 1440 2483 millia
1477 2451 1754 2488 armatorum
1790 2442 1865 2490 fu-

91 2499 184 2556 isse,
220 2518 273 2549 ac
294 2514 511 2564 praeterea
541 2498 688 2546 millia
718 2497 793 2545 sex
821 2499 881 2545 ad
914 2499 1095 2547 Bervici
1131 2498 1296 2562 oppidi
1325 2499 1578 2565 propinqui
1610 2504 1864 2554 custodiam

94 2565 265 2620 reliela,
289 2563 425 2612 tertio
459 2566 568 2610 Idus
587 2562 868 2610 Novembris
890 2565 1029 2610 castra
1049 2565 1196 2613 movit
1223 2565 1280 2611 ad
1305 2565 1587 2615 Coenobium
1619 2571 1867 2619 monacha-

94 2647 196 2676 rum
223 2629 488 2693 (Ecclesiam
531 2629 718 2686 vocant)
743 2629 804 2674 ad
837 2627 912 2674 sex
933 2628 991 2675 ab
1024 2646 1096 2684 eo,
1123 2628 1201 2676 ubi
1221 2629 1484 2680 consederat
1519 2633 1624 2681 loco
1662 2637 1868 2698 passuum

95 2695 258 2741 millia.
325 2694 439 2741 Inde
477 2693 533 2740 de
557 2691 689 2740 tertia
710 2691 871 2755 vigilia
890 2693 1147 2741 Lauderam
1176 2694 1408 2756 profestus
1436 2689 1608 2745 ¹itinere
1645 2703 1872 2749 nocturno

93 2772 281 2822 propter
317 2759 517 2806 subitum
550 2757 671 2805 nivis
700 2758 850 2803 casum
871 2757 1154 2815 hominibus,
1180 2764 1220 2805 &
1236 2759 1458 2820 jumentis
1478 2762 1775 2812 vehementer
1794 2767 1868 2827 (1)

95 2823 300 2870 afflictus.
369 2822 542 2869 Eadem
560 2823 627 2869 vis
646 2822 919 2883 tempestatis
941 2824 1110 2879 effecit,
1140 2836 1188 2871 ut
1210 2824 1354 2887 Angli
1375 2827 1502 2873 nulla
1515 2844 1563 2873 re
1584 2830 1706 2891 gesta
1723 2830 1871 2876 soluto

97 2888 300 2944 exercitu
318 2887 479 2934 domos
502 2886 800 2933 discederent.
867 2887 1053 2935 Hiemis
1089 2889 1319 2952 reliquum
1355 2906 1499 2954 prope
1519 2894 1729 2953 quietum
1762 2893 1871 2941 fuit.

101 2953 277 2999 Adulto
292 2952 390 3013 jam
411 2967 536 3007 vere,
558 2953 728 2999 Prorex
748 2953 795 2999 in
819 2965 1050 3000 conventu
1067 2953 1320 3001 nobilitatis
1339 2956 1487 3003 causas
1505 2956 1773 3018 explicavit,
1792 2973 1875 3005 cur

99 3015 184 3062 fibi
203 3015 250 3063 in
274 3015 480 3063 Galliam
500 3016 785 3064 redeundum
815 3017 936 3064 esset.
1003 3019 1180 3065 Verum
1218 3031 1323 3065 ante
1350 3020 1560 3066 calendas
1594 3021 1878 3083 Septembris

102 3081 145 3127 se
182 3080 434 3127 rediturum
457 3081 777 3143 pollicebatur.
836 3081 912 3127 Ab
934 3082 998 3128 eis
1022 3082 1211 3128 vicislim
1252 3082 1407 3145 petiit,
1429 3096 1480 3129 ut
1512 3084 1685 3131 interea
1704 3087 1807 3134 Rex
1829 3088 1874 3136 se

101 3144 289 3190 Sterlini
309 3143 565 3191 contineret
584 3163 594 3191 :
636 3162 721 3192 nec
741 3161 920 3209 pacem,
944 3158 1023 3201 aut
1040 3145 1249 3193 inducias
1269 3158 1374 3192 ante
1395 3146 1522 3194 suum
1542 3147 1744 3197 reditum
1767 3167 1874 3202 cum

102 3207 272 3270 Anglis
293 3205 462 3254 faceret
486 3225 497 3254 :
534 3224 683 3270 neque
703 3209 952 3273 quicquam
974 3208 1023 3256 in
1045 3209 1442 3257 administratione·
1457 3212 1589 3276 regni
1617 3205 1882 3271 innovaret-⁷,

104 3272 162 3382 ISd
183 3286 307 3380 eums
319 3269 467 3358 saneie
487 3270 528 3318 ei
551 3272 815 3334 promissum
835 3273 1000 3330 fuisset,
1023 3275 1083 3321 ad
1111 3289 1182 3336 13.
1216 3273 1429 3322 calendas
1463 3277 1592 3338 Junii
1611 3293 1717 3326 cum
1738 3279 1825 3331 suis
1847 3300 1883 3330 e-

142 3349 261 3381 cotia
299 3345 428 3381 o.v.t.

170 3398 350 3446 XXIV.
383 3397 584 3446 Absente
601 3400 797 3464 Prorege
818 3415 926 3448 cum
958 3417 1117 3448 omnes
1135 3400 1291 3449 omnia
1319 3419 1412 3452 non
1434 3405 1575 3453 modo
1594 3405 1785 3472 impune
1807 3412 1883 3460 di-.

109 3475 281 3520 terent,
316 3461 388 3509 sed
410 3462 627 3521 facerent,
651 3477 857 3530 agerent,
885 3465 1071 3524 ferrent,
1107 3480 1335 3531 raperent,
1371 3470 1473 3520 Rex
1495 3472 1645 3524 adhuc
1664 3475 1882 3540 impubes

162 3591 223 3642 (ι)
253 3591 426 3634 Afflictis
442 3594 542 3635 oen.

1789 3696 1885 3757 mg-
