2006 3858
458 74 872 145 APUD
966 66 1532 139 SCOTOS.
1861 90 1908 156 7

198 179 333 228 XIII.
368 180 425 225 B.
461 175 715 224 Meministi
737 174 850 237 quid
871 190 1018 236 nuper
1040 174 1214 220 dictum
1233 172 1284 218 sit
1305 175 1323 218 ?
1348 171 1580 218 civitatem
1605 172 1784 231 corpori
1809 175 1910 221 nos·-

135 256 209 294 tro
230 244 503 307 persimilem
531 242 696 294 videri,
722 253 871 285 motus
893 237 1053 285 civiles
1079 237 1266 291 morbis,
1291 236 1471 282 medico
1495 237 1668 297 Regem
1696 239 1712 280 ?
1749 238 1796 282 Si
1818 237 1908 300 igi-

139 324 214 357 tur
236 310 435 356 officium
460 305 629 352 medici
652 305 787 367 quale
812 305 862 349 sit
885 302 1264 355 intellexerimus,
1299 317 1389 347 non
1413 299 1570 363 longe,
1595 298 1777 360 opinor,
1802 304 1911 348 abe·-

142 391 285 421 rimus
309 375 366 419 ab
384 370 536 417 officio
556 369 714 432 Regis.
782 369 851 414 Μ.
889 368 1006 414 Fieri
1030 370 1172 429 potest
1195 384 1204 412 ε
1232 383 1332 412 nam
1354 380 1517 412 caetera
1534 380 1637 426 quae
1657 376 1911 412 tu'enume-

141 439 262 491 rasti,
290 435 532 499 perfimilia
563 450 615 480 ac
640 449 754 494 pene
777 448 994 495 germana
1016 431 1132 478 mihi
1154 431 1255 478 sunt
1273 429 1377 476 visa.
1447 432 1503 476 B.
1538 428 1653 475 Noli
1674 432 1914 490 expectare

143 517 201 549 ut
219 501 410 548 minima
432 514 631 560 quaeque
655 498 728 543 hic
751 495 999 543 excutiam.
1069 496 1236 558 Neque
1259 495 1380 541 enim
1401 494 1619 556 temporis
1642 493 1845 555 angustia
1866 495 1916 540 id

139 566 330 630 patitur,
370 580 454 610 nec
478 562 576 624 ipsa
599 578 666 607 res
690 561 851 622 exigit.
925 561 1011 607 Sed
1036 561 1066 606 fi
1091 561 1138 607 in
1165 562 1338 606 summa
1359 560 1457 605 haec
1496 561 1614 605 inter
1634 559 1676 606 se
1698 559 1918 604 conveni·

146 644 242 685 ant,
268 641 433 676 caetera
455 626 594 673 facile
618 625 703 673 tibi
725 625 949 685 subjicies.
985 627 1053 672 M.
1085 626 1164 671 Tu
1185 625 1291 671 vero
1313 641 1453 687 perge
1479 636 1527 669 ut
1549 622 1676 670 facis.
1726 629 1779 669 B.
1805 625 1919 669 Sco-

146 713 233 757 pus
257 693 393 741 etiam
419 692 539 738 idem
561 692 742 737 videtur
767 690 949 750 utrique
971 691 1245 751 propositus.
1313 697 1376 737 As.
1420 689 1619 750 Qinam
1642 691 1660 734 ἰ
1709 688 1766 733 B.
1800 689 1920 734 Cor-

146 760 271 822 poris
309 755 404 817 (cui
423 757 698 802 adhibentur
721 755 942 812 curando)
967 754 1278 801 incolumitas.
1347 754 1416 799 M.
1451 753 1684 815 intelligo.
1725 754 1853 799 Alter
1873 769 1923 798 c-

151 825 247 870 nim
275 823 545 874 humanum,
568 821 680 866 alter
702 819 838 864 civile
862 833 1026 879 corpus
1048 820 1280 865 incolume
1299 817 1345 864 in
1369 818 1444 863 suo
1469 819 1575 863 statu
1602 814 1737 871 tueri,
1762 831 1925 880 quate·

149 904 234 934 nus
257 888 319 932 rei
345 898 502 932 natura
527 885 631 936 fert,
658 890 696 930 δι
722 884 882 929 morbo
904 884 1112 929 affectum
1142 883 1197 928 ad
1215 884 1378 944 justam
1404 882 1711 928 valetudinem
1736 885 1927 928 reduce-

152 969 200 998 re
225 952 377 998 debet.
449 955 505 998 B.
541 947 686 996 Recte
708 947 946 1010 intelligis.
988 948 1175 1010 Duplex
1199 950 1319 994 enim
1344 949 1403 994 est
1429 947 1658 1008 utriusque
1680 948 1882 993 officium
1913 964 1926 992 ε

153 1017 344 1063 alterurn
384 1014 432 1060 in
455 1014 627 1060 tuenda
658 1011 921 1059 valetudine
942 1012 1079 1067 bona,
1118 1013 1312 1059 alterum
1337 1013 1384 1059 in
1407 1012 1680 1058 restituenda
1710 1012 1736 1056 si
1763 1013 1927 1057 morbo

154 1080 294 1127 fuerit
315 1079 600 1126 labefaetata.
670 1079 739 1123 M.
778 1076 1018 1123 Assentior.
1099 1083 1146 1124 ὁ).
1185 1079 1414 1139 Utrinque
1436 1075 1555 1123 enim
1583 1076 1730 1122 morbi
1752 1076 1851 1121 sunt
1874 1077 1928 1121 fi-

160 1146 309 1192 miles.
377 1145 446 1190 M.
493 1144 561 1190 Ita
579 1141 774 1188 videtur.
844 1143 900 1188 B.
935 1142 1058 1187 Nam
1084 1144 1132 1190 δε
1157 1141 1231 1188 sua
1253 1144 1462 1205 quaedam
1498 1154 1632 1187 nocet
1657 1142 1835 1202 utrique
1857 1140 1928 1185 re-

154 1209 596 1256 dundantia.rerum
621 1205 878 1256 noxiarum.
907 1211 947 1252 8:
972 1206 1311 1253 necessariarum
1350 1204 1522 1268 inopia.
1591 1207 1649 1251 Et
1685 1217 1932 1266 utrumque

163 1290 330 1336 corpus
354 1289 498 1335 prope
525 1273 618 1332 pari
645 1271 822 1317 ratione
845 1284 1027 1316 curatur
1051 1289 1061 1317 :
1098 1287 1264 1333 nempe
1286 1272 1357 1317 vel
1379 1283 1671 1316 extenuatum
1698 1269 1932 1315 nutrican-

161 1341 239 1393 do,
267 1344 305 1384 &
330 1337 494 1383 leniter
516 1335 734 1388 fovendo,
762 1336 831 1381 vel
852 1335 1099 1396 plenum&
1125 1336 1383 1382 redundans
1405 1336 1784 1396 supervacuorum
1807 1333 1934 1395 eges-

158 1403 286 1450 tione
309 1401 524 1454 levando,
565 1404 613 1448 ὃς
638 1398 882 1445 moderatis
912 1398 1146 1445 laboribus
1180 1401 1449 1447 exercendo·
1521 1401 1589 1446 M.
1627 1401 1696 1446 Ita
1718 1398 1793 1445 est.
1844 1398 1934 1443 Sed

158 1468 247 1513 hoc
269 1466 473 1512 intereffe
495 1464 694 1518 videtur,
718 1464 843 1525 quod
866 1464 914 1509 in
937 1463 1078 1510 altero
1101 1465 1332 1522 humores,
1364 1465 1412 1512 in
1434 1464 1577 1512 altero
1601 1479 1747 1512 mores
1770 1463 1826 1510 ad
1842 1461 1940 1524 jus-

159 1545 252 1578 tam
279 1531 510 1593 quandam
531 1529 800 1591 temperiem
826 1526 1213 1577 snnt‘reducendi.
1946 1579 1951 1584 ,

233 1596 366 1642 XIV.
408 1600 459 1642 Β.
493 1595 611 1640 Rem
638 1606 779 1639 tenes.
814 1592 977 1638 Civilis
995 1592 1120 1639 enim
1135 1593 1339 1655 corporis
1359 1593 1485 1641 velut
1507 1600 1547 1640 δι
1571 1593 1786 1640 naturalis
1809 1593 1936 1640 suum

167 1660 405 1722 quoddam
423 1659 483 1705 est
503 1669 915 1720 temperamentum
939 1676 950 1711 3
976 1674 1115 1720 quam
1138 1658 1390 1712 refflffime,
1410 1662 1590 1720 opinor,
1612 1661 1838 1721 Jzstitiam
1856 1675 1941 1720 ap-

159 1725 233 1788 pel
268 1723 451 1770 ibimus.
493 1725 560 1770 Ea
582 1721 704 1768 enim
729 1723 788 1768 est
810 1739 912 1783 quae
937 1723 1122 1784 lingulis
1147 1723 1361 1784 prospicit
1380 1723 1601 1785 partibus,
1621 1730 1657 1770 &
1680 1739 1807 1771 curat
1825 1724 1938 1773 utin

165 1788 318 1836 offlcio
332 1788 551 1834 constent.
575 1788 642 1832 Ea
656 1786 840 1833 interim
860 1786 1090 1849 sanguinis
1106 1787 1325 1842 mistione,
1342 1787 1525 1834 interim
1543 1789 1781 1835 noxiorum
1797 1792 1936 1846 exilo,

163 1857 292 1900 velut
319 1853 566 1914 egestione,
586 1851 892 1897 redundantia
913 1851 1059 1915 egerit
1084 1871 1095 1899 :
1119 1853 1302 1899 interim
1326 1853 1501 1898 animos
1536 1853 1758 1907 demiffoS,
1782 1860 1821 1900 δε
1844 1871 1945 1901 me-

165 1917 381 1965 ticulosos
407 1917 592 1970 excit-ar,
615 1922 653 1961 δι
678 1915 934 1962 diffidentes
959 1918 1232 1972 consolatur,
1253 1922 1298 1965 ὅ(
1325 1921 1379 1964 ad
1400 1919 1528 1964 illam
1547 1934 1686 1980 quam
1711 1919 1804 1965 dixi
1826 1933 1943 1973 tem*—

167 1983 343 2046 periem
363 1993 514 2028 totum
536 1997 700 2042 corpus
723 1979 899 2026 reducit
932 2001 945 2036 ;
981 1984 1313 2044 redactur-uque
1332 1984 1588 2029 commodis
1611 1984 1841 2029 laboribus
1865 2001 1947 2032 ex·-

166 2063 304 2100 ercet‚
343 2052 381 2092 &
406 2061 532 2093 certo
555 2045 720 2091 laboris
747 2051 785 2091 ἅτ
808 2045 902 2090 ocii
925 2046 1187 2108 praescripto
1213 2061 1575 2109 temperamento
1597 2048 1841 2094 restitutam
1866 2067 1947 2095 va-

172 2113 426 2159 letudinem
450 2110 605 2173 quoad
623 2111 718 2171 ejus
743 2109 839 2156 fieri
862 2113 1004 2172 potest
1026 2111 1271 2158 conservat.
1317 2113 1386 2158 M.
1423 2113 1602 2158 Caetera
1620 2112 1704 2158 tibi
1729 2113 1864 2161 facile
1882 2114 1950 2160 as-

169 2178 354 2231 sentior,
376 2176 456 2223 nisi
479 2175 608 2239 quod
630 2174 778 2221 civilis
801 2176 1004 2236 corporis
1025 2189 1438 2238 temperamentum
1463 2176 1507 2223 in
1527 2177 1699 2238 justitia
1718 2179 1913 2224 collocas
1931 2198 1948 2226 2

171 2245 277 2290 cum
301 2242 375 2287 vel
397 2239 494 2303 ipso
518 2239 706 2286 nomine
732 2243 781 2288 δε
806 2239 1075 2302 profeffione
1099 2242 1401 2303 temperantia
1423 2241 1500 2288 has
1522 2254 1673 2304 partes
1693 2243 1772 2287 fibi
1798 2243 1950 2289 vindi-

172 2323 274 2356 care
291 2306 394 2367 jure
410 2306 491 2351 suo
513 2303 738 2351 videatur.
779 2309 832 2351 B.
867 2304 1002 2350 Nihil
1020 2307 1270 2352 admodum
1289 2305 1454 2353 referre
1475 2319 1587 2370 puto
1613 2306 1699 2353 utri
1722 2307 1843 2353 hunc
1864 2309 1952 2353 ho-

179 2387 338 2420 norem
360 2368 552 2415 deferas.
589 2369 712 2415 Nam
740 2369 842 2414 cum
868 2385 1026 2415 omnes
1050 2370 1258 2425 virtutes,
1282 2388 1475 2433 quarum
1499 2372 1566 2418 vis
1592 2371 1638 2417 in
1662 2371 1838 2418 afflone
1855 2388 1955 2418 cer·

184 2436 322 2490 nitur,
362 2433 411 2480 in
435 2433 751 2480 mediocritate
771 2434 989 2495 quadam,
1030 2439 1071 2481 &
1095 2435 1403 2497 aequabilitate
1439 2437 1523 2482 lint
1545 2437 1717 2498 politae,
1753 2436 1817 2483 ita
1838 2453 1959 2499 quo-

174 2499 424 2547 dammodo
453 2497 571 2543 inter
590 2497 631 2542 se
654 2513 873 2543 connexae
897 2498 1014 2552 sunt,
1055 2504 1094 2545 ὅτ
1119 2499 1373 2553 cohaerent,
1409 2498 1458 2547 tit
1482 2517 1622 2547 unum
1645 2502 1861 2548 omnibus
1884 2502 1958 2548 of—

178 2565 336 2612 ficium
359 2563 444 2609 effe
477 2562 714 2608 videatur:
752 2561 803 2608 id
825 2563 884 2608 est
915 2563 1221 2625 cupiditatum
1258 2565 1526 2612 moderatio.
1595 2567 1661 2611 Ea
1682 2582 1960 2629 quocunque

181 2628 230 2676 in
256 2644 423 2692 genere
445 2625 659 2680 versatur,
700 2642 792 2672 non
817 2627 1068 2674 admodum
1109 2629 1246 2676 refert
1269 2643 1369 2677 utro
1386 2631 1579 2679 nomine
1601 2645 1735 2676 voces
1768 2648 1780 2677 ε
1813 2647 1960 2695 quan-

188 2710 326 2757 quam
351 2692 432 2738 illa
454 2690 724 2745 moderatio,
763 2707 868 2752 quae
890 2692 936 2738 in
967 2693 1100 2739 rebus
1119 2696 1460 2748 communibuS‚
1503 2701 1544 2746 8<
1569 2695 1811 2742 hominum
1841 2696 1963 2743 inter

182 2760 226 2805 se
250 2755 536 2804 commerciis
557 2755 698 2817 posita
715 2757 792 2808 est,
818 2758 1175 2805 commodiffime
1195 2759 1308 2805 mihi
1331 2759 1519 2807 nomine
1537 2762 1726 2824 Jzstitiae
1760 2759 1962 2824 intelligi

180 2823 306 2888 poffe
326 2821 550 2868 videatur.
620 2820 687 2865 M.
721 2821 815 2867 Hic
830 2820 915 2867 tibi
934 2821 1155 2870 facillime
1177 2824 1401 2871 assentior.

252 2886 362 2951 XV.
403 2891 453 2934 Β.
489 2886 542 2932 In
565 2884 693 2946 Rege
712 2890 863 2931 autem
884 2888 1079 2933 creando
1098 2888 1187 2934 hoc
1207 2889 1373 2950 opinor
1392 2903 1561 2937 veteres
1586 2889 1712 2937 fuisse
1730 2891 1962 2952 sequutos,

188 2965 239 2998 ut
264 2952 291 2997 fi
315 2949 418 3012 quis
441 2949 561 2995 inter
591 2947 714 3019 cives
735 2950 840 2996 efl'et
863 2951 1077 3013 singulari
1099 2954 1370 3014 praestantia,
1409 2956 1700 3018 reliquosque
1722 2972 1879 3001 omnes
1904 2966 1965 2999 ω’-

187 3016 363 3078 quitate
388 3017 435 3063 &
456 3014 704 3074 prudentia
723 3015 993 3060 antecellere
1016 3015 1260 3073 videretur,
1289 3030 1338 3064 ut
1359 3019 1405 3064 in
1429 3036 1566 3078 apum
1592 3021 1854 3067 alvearibus
1870 3018 1967 3065 fieri

189 3080 399 3132 traditur,
425 3093 616 3140 regnum
641 3077 697 3122 ad
719 3094 822 3123 eum
849 3080 968 3125 ultro
987 3080 1269 3128 deferebant.
1336 3085 1406 3129 M.
1441 3084 1678 3130 Credibile
1703 3086 1763 3130 cst
1787 3086 1850 3130 ita
1871 3084 1967 3130 fac-

190 3160 308 3205 tum.
379 3145 434 3188 B.
471 3141 600 3205 Qid
626 3141 654 3187 si
685 3158 962 3189 nemounus
985 3147 1166 3205 qualem
1191 3145 1409 3200 diximus,
1451 3149 1496 3195 in
1520 3149 1705 3195 civitate
1739 3149 1966 3196 invenire-

143 3216 152 3227 ’
192 3221 265 3254 tur
289 3211 307 3253 ?
367 3208 437 3252 Μ.
471 3207 580 3268 Jure
599 3204 682 3251 illo
713 3219 902 3262 naturae,
929 3210 1057 3269 cujus
1081 3210 1185 3256 ante
1210 3211 1521 3266 meminimus,
1548 3229 1627 3273 par
1651 3210 1967 3277 imperium'in

193 3288 325 3336 pares
347 3271 555 3332 usurpare
580 3286 669 3316 non
694 3272 853 3331 potest,
880 3287 962 3318 nec
985 3273 1123 3319 debet
1149 3294 1158 3321 :
1197 3287 1356 3322 natura
1377 3278 1498 3323 enim
1518 3278 1687 3338 justum
1711 3280 1893 3341 opinor,
1920 3290 1970 3323 ut

195 3338 316 3382 inter
339 3342 436 3387 e0'5‚
456 3336 538 3396 qui
556 3350 717 3380 caetera
734 3338 836 3381 lunt
857 3353 1003 3398 pareS,
1023 3337 1283 3399 imperandi
1308 3347 1346 3386 δι
1372 3343 1560 3402 parendi
1582 3344 1718 3389 etiam
1744 3345 1863 3390 vices
1887 3343 1973 3389 {int

196 3417 343 3463 pares.
412 3401 469 3445 B.
506 3398 634 3455 Quid
668 3399 698 3445 fi
726 3403 924 3461 populus
960 3418 1122 3454 annuae
1145 3404 1411 3451 ambitionis
1446 3409 1569 3454 tedio
1594 3424 1733 3455 unum
1770 3410 1974 3471 aliquem

201 3482 293 3510 non
320 3462 455 3525 plane
490 3462 704 3508 omnibus
740 3463 986 3510 virtutibus
1021 3467 1181 3529 Regiis
1203 3470 1468 3531 praeditum,
1508 3472 1582 3519 sed
1611 3474 1682 3519 vel
1716 3474 1974 3522 nobilitate,

202 3530 274 3574 vel
313 3526 505 3580 divmiis,
547 3529 618 3574 vel
642 3527 773 3574 rebus
809 3529 931 3575 be-llo
951 3531 1084 3591 gestis
1113 3531 1356 3596 irxfignem‚
1397 3536 1573 3599 Regem
1610 3539 1722 3585 velit
1755 3541 1923 3602 eligere
1958 3538 1975 3579 ?

197 3609 353 3640 nonne
377 3598 416 3639 &
441 3593 566 3638 hunc
588 3592 769 3655 optimo
786 3591 889 3654 jure
909 3594 1268 3644 existimabimus
1292 3599 1470 3662 Regem
1495 3604 1514 3646 ἓ
1550 3604 1618 3649 M.
1642 3604 1854 3665 Optimo.
1886 3606 1974 3650 Po-

1864 3670 1975 3729 pulo
