2006 3858
349 131 638 200 Lmen
698 138 1629 232 DEctmustsEprUs.
1750 199 1880 262 519

126 230 290 273 tlt-ones
313 229 520 283 odissent,
562 235 660 280 Rex
679 254 734 283 ex
758 243 894 303 patris
918 246 1135 300 sententia
1157 256 1372 306 Iacobum
1414 262 1715 326 Duglaffium,
1742 276 1782 317 δε
1805 277 1894 323 Pa.

54 290 70 338 f,
127 290 311 338 *ti-icium
352 293 630 352 Lindefium,
669 302 859 352 alterum
883 313 1036 369 patris,
1070 319 1259 367 alterum
1286 325 1439 371 matris
1476 332 1787 393 propinquum
1813 356 1890 387 ac.

118 356 257 402 cerfit
327 357 392 404 Hi
415 375 510 405 rem
533 362 773 413 conferunt
796 386 899 417 cum
919 375 1115 428 Patricio
1133 384 1330 433 Ruveno
1353 389 1451 436 viro
1474 398 1512 439 δε
1537 410 1691 450 manu,
1714 404 1752 444 &
1776 419 1887 452 con-
1937 455 1941 459 ,

124 417 222 464 filio
243 428 459 483 prompto
495 441 506 470 ε
539 424 612 471 sed
633 430 715 488 qui
737 433 952 483 diuturno
977 445 1136 492 morbo
1159 449 1222 494 ita
1243 451 1506 501 debilitatus
1531 457 1697 516 fuerat,
1737 479 1786 512 ut
1803 485 1889 530 per

122 480 476 544 aliquotmenses
491 488 548 534 de
570 490 687 537 letto
721 512 808 541 non
834 501 1138 568 consurgeret.
1207 514 1262 560 Ei
1283 515 1400 564 inter
1421 536 1590 581 paucos
1611 524 1668 572 de
1691 543 1887 582 re-tanta

114 544 230 591 <fides
253 547 409 595 habita
431 551 533 606 fuit,
572 569 676 602 cum
699 560 759 603 ob
781 561 999 613 summam
1018 575 1324 633 prudentiam,
1365 589 1610 654 tuquuod
1633 590 1765 640 liberi
1785 597 1884 657 ejus

114 609 254 656 essent
276 612 416 676 Regis
444 618 513 677 (1)
549 620 819 672 consobrini.
891 631 966 676 Ab
988 633 1058 681 his
1083 638 1182 684 Rex
1204 643 1481 703 admonitus,
1516 666 1738 712 quantum
1762 671 1881 708 tem-

65 697 71 702 ·
114 673 303 734 poribus
341 680 562 739 proximis
601 688 793 742 errasset,
836 693 916 754 qui
939 698 1322 764 propinquorum,
1359 714 1407 759 ὃς
1430 715 1681 766 amicorum
1715 727 1880 784 praeci-

109 753 226 798 puos
249 739 295 785 in
317 743 510 803 gratiam
546 749 799 809 nequissimi
835 757 1075 808 nebulonis
1101 782 1191 813 non
1215 773 1354 818 modo
1388 778 1530 835 passus
1553 781 1658 829 effer
1686 791 1872 850 expelli,

50 845 58 853 .
110 799 184 847 sed
203 802 297 864 ipse
319 810 652 869 propemodum
676 814 751 862 sua
774 835 908 866 manu
933 827 1184 885 extruserit,
1207 832 1432 900 illumque
1469 845 1540 902 (2)
1575 857 1703 894 terrae
1726 853 1872 903 filium

52 865 55 873 '
101 862 172 910 *ita
194 869 432 925 extulisset,
468 886 516 919 ut
538 874 630 937 ipse
646 879 741 939 jam
782 884 839 930 ab
857 901 912 932 eo
932 903 1313 947 contemneretur.
1349 903 1503 952 Multa
1525 925 1743 968 praeterea
1765 933 1871 968 curn

104 943 161 974 eo
183 929 239 974 de
262 932 372 979 statu
396 937 582 997 publico
605 943 840 1004 collocuti,
865 952 1129 1013 effecerunt,
1158 975 1206 1008 ut
1227 963 1361 1012 facile
1379 969 1560 1030 culpam
1586 980 1865 1043 agnosceret,

53 1041 58 1052 Ι
99 997 147 1038 »δε
168 1005 209 1040 ie
235 998 472 1047 affirmaret
494 1001 541 1050 in
585 1007 807 1067 posterum
834 1015 965 1072 nihil,
1001 1021 1080 1067 nisi
1118 1023 1175 1070 de
1213 1029 1464 1079 nobilitatis
1486 1038 1697 1089 consensu
1721 1049 1868 1108 gestu-

64 1061 66 1063 ’
101 1072 219 1104 rum.
258 1062 327 1107 Ac
349 1064 557 1114 homines
583 1072 725 1118 multo
743 1089 893 1125 rerum
915 1082 991 1128 usu
1009 1087 1193 1144 eruditi,
1210 1108 1301 1138 non
1321 1094 1419 1142 satis
1441 1111 1587 1148 tutum
1608 1108 1692 1153 rati
1707 1111 1865 1160 adole,

52 1135 54 1137 ’
97 1121 258 1169 {centis
279 1128 427 1174 uxorii
464 1132 586 1180 aetati
620 1139 819 1196 credere,
845 1160 902 1190 ne
941 1152 1127 1210 quando
1150 1154 1389 1205 blandiciis
1409 1161 1587 1212 illectus
1613 1184 1717 1219 cum
1741 1192 1863 1227 certa

95 1187 300 1246 pernicie
322 1190 519 1252 ipsorum
542 1202 673 1259 pacia
709 1202 985 1257 inficiaretur
1006 1231 1016 1259 :
1050 1216 1217 1278 capita,
1253 1220 1299 1266 in
1323 1240 1426 1285 quae
1465 1230 1724 1282 consensum
1745 1257 1858 1300 erat,

90 1249 257 1312 scripta
277 1255 320 1300 ei
342 1258 663 1319 exhibuerunt,
688 1269 854 1329 quibus
876 1273 1090 1333 libenter,
1115 1294 1254 1344 atque
1291 1289 1427 1335 etiam
1454 1293 1621 1353 cupide
1643 1304 1859 1355 omnibus

60 1325 65 1329 ’
90 1312 356 1379 subscripsit.
381 1322 447 1368 Ea
468 1339 618 1372 autem
639 1345 782 1388 erant,
800 1335 856 1382 de
878 1338 1100 1403 religione
1113 1345 1394 1407 stabilienda,
1414 1356 1478 1401 uti
1493 1371 1675 1409 cautum
1699 1382 1794 1416 erat
1809 1373 1857 1420 in

91 1377 284 1442 Reginae
297 1384 443 1432 reditu
469 1388 516 1435 in
531 1391 745 1442 Scotiam.
771 1399 846 1446 De
868 1403 1136 1455 reducendis
1159 1411 1335 1487 civibus
1358 1435 1504 1481 nuper
1520 1425 1855 1492 puifis,quibus

80 1649 175 1681 rem
200 1638 242 1684 se
263 1644 521 1702 profitente,
555 1661 651 1696 tum
677 1666 724 1701 ut
740 1660 1173 1714 condemnationem
1196 1687 1434 1732 procerum
1458 1678 1707 1735 absentium
1729 1709 1850 1753 prae.

79 1699 305 1759 venirent,
346 1720 443 1754 tum
466 1727 523 1758 ne
545 1729 673 1760 mora
689 1721 925 1771 confilium
949 1728 1098 1788 palam
1123 1733 1263 1792 fieret,
1289 1739 1434 1787 statim
1457 1743 1632 1795 facinus
1652 1761 1853 1817 aggredi·

79 1762 222 1812 visum
246 1770 307 1815 est
355 1796 358 1797 ν
389 1773 540 1836 Igitur
562 1779 666 1825 cum
704 1784 885 1848 Regina
906 1789 953 1836 in
976 1793 1141 1842 cellula
1162 1803 1348 1864 angusta
1369 1820 1586 1867 coenaret,
1622 1818 1843 1871 adhibitis

71 1956 330 2021 Duglaffius
353 1965 579 2016 Mortonii
604 1973 772 2023 Comes
795 1994 900 2029 cum
924 2000 1093 2048 magno
1116 1990 1408 2046 familiarium
1432 2017 1624 2053 numero
1645 2008 1692 2057 in
1719 2017 1840 2064 exti-

0 2022 1 2027 ’
72 2035 150 2067 mo
173 2024 386 2075 cubiculo
407 2034 689 2085 ambulabat.
757 2044 812 2089 In
834 2062 937 2094 area
958 2048 1150 2101 subdiali
1176 2056 1201 2104 ὲ
1223 2061 1485 2120 ςίιεῃῑίὗυς,
1520 2075 1559 2117 &
1582 2075 1836 2131 amicorum

67 2083 283 2136 fidiffimis
306 2092 539 2148 observare
565 2101 667 2162 juffi
689 2118 833 2164 erant,
870 2115 918 2160 ὃς
944 2118 1182 2175 tumultuS,
1208 2123 1237 2169 fi
1260 2127 1342 2188 qui
1363 2130 1603 2191 orirentur,
1629 2146 1835 2207 compes-

68 2163 184 2198 cere.
251 2155 351 2203 Rex
371 2158 397 2205 ἐ
425 2160 501 2207 suo
523 2167 756 2226 cubiculo,
797 2177 927 2235 quod
945 2177 1062 2228 infra
1084 2184 1315 2249 Reginam
1338 2209 1448 2250 erat,
1489 2214 1571 2259 per
1591 2201 1725 2252 scalas
1748 2227 1834 2258 an.

13 2259 31 2272 ⁸
48 2217 227 2276 gustem,
247 2237 350 2283 quae
372 2223 416 2270 ei
441 2224 522 2273 soli
542 2236 777 2298 patebant,
803 2239 1001 2290 ascendit
1022 2262 1033 2291 :
1058 2247 1329 2311 sequebatur
1357 2259 1577 2311 Patricius
1608 2268 1832 2324 Ruvenus

38 2294 260 2329 *armatus
294 2301 398 2333 cum
436 2305 647 2352 quatuor,
687 2312 766 2347 aut
785 2304 992 2369 quinque
1023 2312 1080 2358 ad
1105 2314 1332 2366 summum
1363 2325 1623 2377 comitibus.
1674 2337 1753 2384 «Iis
1775 2339 1827 2389 in

37 2391 42 2394 .
61 2344 241 2401 c'ellam,
269 2350 346 2396 ubi
373 2356 640 2406 coenabarur
661 2361 876 2426 ingressis,
917 2387 1022 2419 cum
1045 2375 1239 2428 insolens
1261 2401 1409 2434 rerum
1433 2390 1573 2439 facies
1595 2396 1825 2462 Reginam

59 2410 267 2458 nonnihil
285 2420 616 2479 commoviffet,
641 2425 879 2480 Ruvenum
901 2434 1172 2498 squalidum,
1194 2452 1233 2493 δε
1254 2465 1278 2493 e
1301 2450 1518 2502 diuturno
1541 2463 1702 2510 morbo
1723 2483 1824 2516 ma.

56 2470 293 2533 cilentum,
326 2481 553 2541 &tamen
586 2502 811 2541 armatum
844 2498 1079 2561 aspidem,
1104 2510 1271 2573 ecquid
1304 2516 1368 2562 rei
1391 2535 1522 2567 novae
1557 2527 1678 2583 esset,
1717 2548 1822 2593 per·
1857 2551 1860 2555 ’

26 2537 30 2545 “
54 2540 302 2588 ευηᾶεωτ.
348 2545 495 2595 'Nam
519 2551 598 2614 qui
621 2556 823 2615 aderant,
849 2562 874 2608 ὲ
895 2563 1023 2613 febre
1045 2569 1253 2630 delirare,
1280 2595 1332 2625 ac
1353 2581 1419 2627 sui
1442 2601 1604 2646 parum
1626 2607 1820 2659 compo.

51 2599 144 2648 tem
167 2606 251 2652 effe
271 2608 530 2660 credebant.
599 2619 685 2666 Ille
707 2621 936 2674 Davidem
960 2631 1154 2697 surgere,
1176 2643 1226 2689 ὃς
1247 2646 1431 2704 prodire
1447 2650 1581 2710 jubet
1600 2673 1610 2700 ε
1637 2673 1742 2706 eum
1765 2679 1816 2709 e-

5 2666 25 2722 J
50 2665 144 2715 nim
168 2670 214 2715 in
236 2687 330 2734 quo
351 2673 549 2735 sedebat,
587 2683 740 2732 locum
763 2689 804 2735 ei
830 2708 920 2739 non
944 2697 1029 2743 esse
1062 2700 1295 2754 decorum.
1363 2711 1546 2775 Regina
1578 2720 1721 2772 statim
1747 2728 1817 2775 as·
1862 2725 1873 2739 '

48 2727 204 2794 surgit,
245 2741 293 2785 ὅτ
317 2741 520 2802 corporis
540 2746 721 2808 objectu
743 2753 950 2805 adversus
972 2763 1204 2816 venientes
1229 2787 1332 2819 eum
1355 2781 1573 2843 protegit.
1640 2787 1742 2835 Rex
1763 2809 1818 2838 e-

16 2794 23 2840 ]
44 2807 116 2840 am
138 2800 420 2860 complexus,
442 2806 563 2856 bono
584 2813 738 2862 animo
760 2820 844 2866 esse
857 2821 1006 2881 jubet.
1063 2830 1197 2880 Nihil
1218 2837 1343 2885 enim
1366 2842 1467 2896 effe,
1491 2849 1616 2907 quod
1635 2849 1728 2913 ipsa
1751 2856 1813 2901 ti-

28 2871 185 2908 meret
218 2880 230 2908 ε
264 2866 434 2914 caedem
469 2874 599 2921 unius
634 2879 875 2931 nebulonis
906 2887 1137 2942 decretam
1176 2900 1274 2946 effe.
1343 2904 1499 2954 David
1533 2911 1734 2971 primum
1756 2921 1808 2968 in

8 2925 322 2984 sproximum,
357 2931 525 2984 deinde
546 2939 595 2986 in
618 2944 842 2995 extimum
865 2952 1131 3008 cubiculum
1154 2969 1400 3024 pei-traftus
1436 2988 1447 3017 :
1479 2973 1544 3019 ibi
1566 2976 1623 3023 ab
1645 2979 1698 3026 iis
1718 2985 1806 3045 qui

8 3022 11 3024 .
39 2999 140 3034 cum
164 2991 399 3056 Duglaffio
418 3001 804 3067 praestolabantur,
850 3018 1006 3066 multis
1029 3023 1290 3075 vulneribus
1318 3032 1581 3084 confoditur
1616 3059 1627 3087 ε
1659 3043 1804 3109 idque

33 3062 198 3113 praeter
217 3058 445 3118 omnium,
470 3067 552 3128 qui
569 3068 616 3116 in
638 3074 810 3124 caedem
832 3078 929 3139 ejus
953 3086 1332 3149 conspiraverant,
1347 3098 1641 3169 ‘voluntatem
1668 3125 1680 3154 :
1717 3115 1803 3175 qui

82 3173 97 3229 (
105 3180 147 3231 1)
175 3181 272 3222 This
301 3187 459 3230 Patrick
488 3194 566 3233 lord
584 3198 765 3247 Ruthven
784 3219 883 3244 mar·
938 3213 1039 3251 stone
1060 3229 1070 3252 ι
1103 3216 1151 3255 he
1170 3219 1345 3261 meanerh
1370 3226 1550 3277 Seigneur
1566 3233 1684 3276 David
1699 3241 1797 3281 Ric-

18 3229 104 3270 Tied
305 3241 485 3291 Duglass,
502 3249 683 3298 daughter
695 3264 736 3292 to
748 3258 884 3310 cheep·
937 3265 1008 3303 cio.
1779 3310 1783 3312 ·

2 3345 6 3350 -
25 3281 94 3374 {¹¹5
112 3289 882 3401 ⁸³13ss‘Jssi’aiifia‘iss'’{2Z'Jt‘sss'sf3st5230
988 3319 1449 3417 {yoffffisagndaughoer
1479 3346 1532 3428 ἷξε
1547 3339 1790 3441 ¹5³⁰ng²³¹¹²15⁵

20 3347 115 3442 ρὲοκγ,
151 3357 320 3442 begogtten
339 3362 444 3450 uper?
455 3416 474 3440 a
507 3405 604 3445 fister
620 3411 665 3447 of
676 3411 740 3449 the
765 3389 880 3455 house
932 3382 989 3460 tser
1007 3386 1054 3462 tog
1063 3427 1127 3465 the
1140 3393 1231 3470 laiiid
1246 3402 1798 3507 οὲῖτεῐᾙῑ-Γεῑεέτενῖἓάᾒξάέ
1845 3452 1849 3458 ’

27 3441 75 3480 of
85 3445 280 3496 Traquair.
931 3476 1172 3520 Innerrneath
1196 3499 1205 3522 ε
1234 3487 1294 3525 she
1332 3490 1414 3530 bare
1433 3509 1481 3534 no
1500 3498 1669 3542 children
1684 3521 1695 3543 ι
1724 3509 1796 3548 his

81 3495 202 3545 (2).A
219 3506 423 3552 proverbial
438 3513 638 3561 expreffion
650 3517 771 3558 osone
787 3522 875 3562 born
931 3528 1082 3570 brother
1101 3536 1214 3581 Colin
1248 3540 1441 3586 succeeded
1451 3558 1497 3591 -to
1525 3552 1609 3594 him
1645 3558 1687 3596 in
1717 3562 1788 3601 the

16 3546 162 3593 *orbate
177 3565 387 3613 parentage,
422 3575 461 3604 as
480 3578 535 3608 we
552 3567 624 3620 say,
645 3570 777 3630 sprung
793 3578 839 3617 of
855 3592 874 3620 a
927 3584 1105 3630 eandem.

1678 3679 1782 3715 eum
