1994 3833
199 180 330 242 520
547 161 908 226 RERUM
998 156 1694 242 Sco'rrcARtrM

194 274 300 304 eum
325 256 508 320 publice
537 254 924 316 strangulandum,
956 253 1241 317 populoque,
1280 255 1356 302 cui
1386 256 1689 319 gratissimum
1703 258 1805 328 sore
1832 257 1941 316 scie-

192 321 322 376 bant,
345 321 391 367 id
415 318 714 380 speetaculum
739 319 940 380 praebere
960 318 1256 366 destinabant.

254 386 407 432 LXH.
439 383 658 429 Constans
679 381 801 428 fama
821 384 898 436 est,
935 398 1044 429 eum
1064 400 1091 430 a
1112 385 1282 430 Ioanne
1304 384 1512 431 Damioet
1515 402 1541 432 a
1561 387 1702 435 Gallo
1722 390 1944 442 sacrifica-

190 449 256 505 lo,
279 449 359 511 qui
382 446 573 508 magicae
596 445 701 492 artis
732 463 823 492 non
844 446 1085 508 imperitus
1103 449 1247 509 vulgo
1284 449 1550 502 habebatur,
1591 468 1684 499 non
1705 453 1838 502 semel
1862 459 1943 506 ad-

188 515 433 564 monitum,
461 523 510 557 ut
532 527 579 556 re
600 512 806 556 contecta
841 511 882 557 se
904 510 995 557 alio
1015 518 1309 558 transferret:
1341 517 1380 560 &
1397 515 1706 576 potentiorum
1725 520 1850 572 odio,
1872 519 1948 572 c'ui

187 595 269 642 par
285 593 375 622 non
402 576 522 636 effer,
541 575 582 622 se
605 574 899 622 subtraheret.
933 575 1204 636 Respondit,
1225 578 1380 624 Scotos
1403 578 1549 640 magis
1569 580 1781 630 minaces.
1803 593 1863 645 qu
1871 598 1941 634 im

185 658 338 704 pugna
319 656 414 685 ces
437 639 780 692 effe.1terum³
797 639 958 685 itidem
985 640 1139 700 paucis
1162 654 1264 687 ante
1285 642 1459 689 caedem
1481 643 1640 693 diebus
1664 649 1943 706 admonitus,

187 717 238 750 ut
254 722 281 750 a
301 704 444 750 notho
467 704 547 749 fibi
576 717 768 750 caveret.
836 703 1048 750 Nothum
1071 704 1204 750 illum
1224 705 1264 751 se
1286 706 1391 752 vivo
1414 706 1460 752 in
1486 707 1638 755 Scotia
1656 725 1756 756 eam
1781 725 1943 773 poten-

183 768 292 814 tiam
314 785 404 816 non
428 767 708 821 habiturum,
743 780 796 821 ut
830 766 911 814 fibi
932 767 1160 815 timendus
1193 771 1312 823 esset,
1336 770 1583 832 respondit.
1648 775 1695 820 A
1730 775 1942 825 Moravio

179 833 309 879 enim
329 831 581 895 periculum
600 832 681 878 fibi
703 831 969 879 denunciari
991 833 1196 894 putabat.
1240 835 1285 879 V
1288 850 1417 880 erum
1434 834 1634 883 diditione
1655 837 1736 884 illa
1758 839 1843 886 live
1865 858 1945 888 ex-

182 896 326 960 pleta,
352 897 439 942 five
463 895 599 949 elusa,
622 895 820 956 primum
843 897 886 943 ei
915 899 1080 943 vulnus
1104 914 1130 943 a
1155 900 1225 959 (ι)
1254 899 1463 962 Georgio
1488 899 1723 963 Duglaflio
1745 902 1942 952 Comitis

184 961 401 1032 Angufiae
436 961 578 1007 notho
610 960 699 1007 fuit
727 960 906 1007 illatum
941 980 954 1007 2
991 963 1083 1022 post
1102 959 1168 1015 id
1206 975 1254 1008 ut
1275 962 1466 1035 quisque
1498 964 1706 1026 proxime
1739 967 1936 1021 steterat,

183 1041 396 1088 princeps
425 1024 635 1080 feriebat,
669 1026 742 1071 vel
771 1026 920 1072 dolori
941 1025 1020 1072 suo
1042 1025 1307 1090 indulgens,
1341 1021 1449 1074 vel
1437 1043 1485 1074 in
1508 1029 1709 1090 publicae
1729 1032 1941 1080 vindictae

177 1088 439 1137 societatem
462 1089 622 1135 ascribi
642 1089 847 1151 cupiens.

249 1155 289 1201 I
294 1155 536 1218 X111‚Ad
558 1154 657 1200 haec
677 1153 912 1200 tumultu
899 1172 947 1201 m
961 1153 1076 1200 totis
1103 1154 1277 1203 aedibus
1298 1168 1416 1212 orto,
1437 1153 1646 1205 Comites
1671 1159 1939 1216 Huntilaeae,

181 1211 418 1274 Atholiae,
449 1224 488 1266 δι
513 1218 762 1272 Bothuelii,
796 1218 877 1291 qui
909 1219 955 1264 in
979 1219 1152 1266 diversa
1188 1222 1348 1283 palatii
1378 1227 1503 1283 parte
1540 1223 1969 1276 coenabant,cu1n

179 1300 479 1349 prorumpere
511 1283 698 1338 vellent,
731 1282 825 1329 ab
811 1283 886 1338 iis,
922 1283 1003 1346 qui
1023 1282 1070 1329 in
1094 1300 1196 1331 area
1224 1284 1533 1339 adservabant,
1572 1286 1689 1334 intra
1710 1293 1947 1338 coenacula.

181 1347 258 1397 sua
279 1349 369 1394 fine
404 1365 522 1395 noxa
544 1345 643 1394 sunt
679 1348 888 1394 cohibiti.
955 1348 1219 1395 Ruvenus
1199 1367 1224 1396 e
1247 1351 1363 1396 cella
1392 1351 1620 1414 egressus
1608 1368 1654 1398 m
1678 1352 1944 1402 cubiculum

180 1407 374 1475 Reginae
394 1429 500 1459 cum
524 1412 694 1458 viribus
713 1412 770 1458 ad
793 1411 996 1458 standum
1021 1428 1111 1458 non
1133 1413 1455 1487 sufficientibus
1478 1414 1714 1470 resediffet,
1734 1433 1785 1463 ac
1812 1419 1942 1464 bibe-

179 1493 229 1524 re
250 1477 458 1540 petiisset,
482 1476 662 1538 Regina
682 1476 848 1531 verbis,
880 1492 985 1538 quae
1004 1492 1159 1523 recens
1182 1479 1330 1531 dolor,
1363 1487 1405 1527 ἂ
1433 1478 1500 1524 ira
1521 1492 1659 1533 amat,
1691 1480 1739 1526 in
1762 1497 1865 1527 eum
1892 1494 1945 1530 ut

176 1542 421 1604 perfidum,
445 1547 485 1587 δι
509 1540 788 1600 proditorem
811 1540 1006 1593 Ξιινεᾶει,
1030 1540 1146 1605 inter
1167 1541 1255 1588 alia
1274 1537 1584 1604 exprobravit,
1617 1546 1738 1607 quod
1762 1544 1801 1590 se
1826 1547 1941 1592 stan-

176 1618 270 1652 tem
294 1605 446 1651 sedens
470 1605 793 1669 alloqueretur,
834 1604 920 1650 Ille
941 1602 1135 1658 excusat,
1163 1615 1196 1634 “
1219 1605 1344 1652 nulia
1363 1605 1413 1652 id
1433 1607 1656 1668 superbia,
1676 1608 1746 1655 sed
1773 1610 1942 1657 virium

176 1661 439 1716 infirmitate
461 1663 649 1714 [ᾶᾶιιιιι.
718 1668 862 1730 Ipsam
886 1684 992 1714 vero
1013 1668 1234 1725 hortatur,
1271 1684 1318 1716 ut
1343 1670 1391 1716 in
1416 1687 1566 1733 regno
1581 1673 1780 1743 gerendo
1804 1675 1938 1720 nobi

176 1733 371 1788 litatem,
395 1735 522 1795 cujus
543 1732 768 1780 interesset
788 1733 942 1778 omnia
986 1732 1104 1778 salva
1125 1735 1226 1788 effe,
1260 1733 1478 1796 consulat,
1504 1736 1673 1793 potius,
1697 1753 1835 1798 quam
1858 1754 1940 1784 neu·

177 1798 370 1844 bulones
391 1814 550 1863 vagOS,
570 1795 653 1860 qui
673 1798 848 1844 nullum
871 1797 958 1843 suae
981 1797 1088 1843 fidei
1113 1798 1273 1860 pignus
1293 1799 1401 1844 dare
1426 1797 1631 1860 poffent'·
1660 1802 1833 1864 quippe
1856 1802 1952 1865 qui

177 1879 263 1908 nee
285 1864 333 1909 in
356 1880 419 1916 re,
452 1877 537 1907 nec
558 1862 605 1908 in
628 1860 749 1907 fama
769 1861 1015 1923 quicquam
1037 1862 1326 1924 haberent,q
1333 1864 1423 1909 uod
1445 1863 1702 1935 perderent
1771 1863 1981 1929 Neque

177 1926 337 1989 quod
325 1945 374 1974 ιιι
397 1926 630 1988 praesentia
661 1939 969 1987 perpetratum
993 1926 1069 1982 est,
1111 1944 1205 1973 rem
1240 1928 1324 1973 effe
1362 1944 1467 1972 novi
1500 1929 1713 1990 exempli.
1753 1930 1936 1992 Regum

179 1991 421 2050 Scotorum
454 1989 714 2053 legitimum
747 1991 831 2036 effe
863 1990 1108 2052 imperium
1145 2009 1155 2037 :
1191 2007 1273 2037 nec
1309 2007 1509 2062 unquam
1533 1992 1591 2038 ad
1616 2009 1746 2041 unius
1780 1995 1939 2041 libidi-

98 2047 106 2052 ”
176 2072 302 2121 nem,
335 2055 410 2101 sed
432 2055 487 2100 ad
511 2056 667 2116 legum
692 2054 1020 2116 praescriptum,
1053 2058 1102 2103 ὅζ
1125 2055 1381 2101 nobilitatis
1411 2055 1671 2103 consensum
1714 2058 1813 2131 regi
1835 2058 1939 2107 soli-

177 2133 295 2166 tum.
365 2119 413 2166 Si
433 2118 515 2182 qui
540 2120 720 2182 Regum
744 2132 902 2164 contra
923 2119 1220 2173 attentassent,
1253 2135 1412 2183 graves
1434 2121 1521 2166 suae
1544 2121 1808 2169 temeritatis
1836 2140 1940 2184 poe.

178 2200 258 2231 nas
288 2183 429 2231 luiffe.
496 2184 664 2255 Neque
698 2199 818 2228 nunc
839 2183 902 2229 ita
924 2184 1083 2229 Scotos
1105 2199 1130 2228 a
1153 2184 1375 2245 majorum
1409 2184 1587 2231 suorum
1611 2185 1822 2232 institutis
1856 2189 1941 2236 de·

155 2250 420 2313 generasse,
447 2261 497 2294 ut
517 2247 660 2301 exteri
683 2247 880 2294 hominis
864 2278 900 2302 0,
930 2264 1069 2310 quem
1089 2247 1168 2293 vix
1189 2248 1371 2296 honeste
1391 2247 1565 2296 servum
1594 2250 1731 2296 essent
1753 2251 1968 2298 habitu-

178 2330 226 2366 ιι
238 2330 328 2366 non
354 2312 495 2359 modo
539 2311 802 2374 imperium,
827 2312 900 2359 sed
922 2311 1181 2365 servitutem
1204 2328 1338 2384 aeqouo
1359 2312 1512 2359 animo
1535 2314 1797 2376 perferrent.
1806 2317 1834 2338 ’'

239 2367 415 2426 LXIV.
448 2378 554 2425 Hoc
586 2376 789 2424 sermone
809 2392 916 2423 cum
948 2375 1131 2439 Regina
1162 2393 1306 2440 tnagis
1338 2377 1713 2431 inflammaretur,
1753 2378 1825 2425 illi
1847 2379 1939 2427 dis-

172 2442 363 2496 cedunt,
399 2458 457 2489 ne
482 2440 624 2502 major
657 2440 823 2503 aliquis
847 2441 1069 2501 tumultus
1104 2441 1301 2488 oriretur
1320 2440 1434 2487 locis
1468 2440 1644 2488 idoneis
1676 2444 1948 2500 custodibus¹

172 2503 445 2568 dispositis.
482 2507 662 2552 Interea
682 2521 836 2576 rumor
858 2518 954 2551 tota
978 2505 1086 2552 urbe
1109 2519 1297 2552 manat:
1330 2506 1443 2553 alius
1466 2505 1594 2559 alibi,
1632 2511 1670 2551 δε
1693 2524 1776 2569 pro
1811 2509 1936 2564 ficto,

172 2584 254 2628 aut
277 2587 401 2625 vero,
443 2587 526 2631 pro
547 2570 761 2632 cujusque
794 2568 985 2633 ingenio
1006 2570 1221 2617 creditus.
1289 2570 1366 2638 {td
1387 2574 1512 2617 arma
1543 2570 1843 2626 concurritur,
1883 2576 1976 2619 ac

111 2637 115 2640 ’
175 2626 299 2682 rest-a
319 2651 476 2681 omnes
502 2635 558 2680 ad
581 2635 772 2698 Regiam
798 2647 1011 2697 pergunt.
1078 2634 1152 2681 Ibi
1172 2629 1320 2682 Rex
1306 2651 1402 2698 per
1408 2634 1641 2682 fenestram
1679 2635 1939 2682 multitudi-

175 2715 283 2746 nem
320 2700 545 2745 allocutus
564 2694 617 2759 se,
666 2714 719 2743 ac
759 2698 985 2761 Reginam
1012 2694 1269 2749 incolumes
1299 2699 1384 2744 effe
1397 2699 1633 2745 affirmat:
1667 2700 1836 2746 nullam
1863 2714 1944 2746 tu·

175 2763 434 2810 multuandi
451 2751 627 2808 causam
651 2764 771 2808 effe:
796 2762 1020 2824 quicquid
1041 2765 1190 2809 aftum
1212 2764 1290 2818 est,
1311 2762 1515 2822 suojuflu
1534 2765 1702 2810 astum.
1748 2765 1799 2809 ld
1821 2780 1933 2826 qua·

174 2829 220 2874 le
243 2829 310 2883 fit,
350 2828 427 2873 suo
451 2840 656 2888 tempore
689 2825 901 2872 scituros.
962 2828 1016 2873 In
1037 2827 1273 2890 praesentia
1305 2828 1495 2872 domum
1531 2827 1651 2873 luam
1672 2826 1862 2890 quisque
1885 2844 1942 2874 a·

175 2892 297 2938 beat.
364 2890 440 2938 Illi
456 2890 560 2952 juffi
582 2890 834 2945 discedunt,
858 2903 1023 2953 praeter
1043 2907 1229 2954 paucos,
1252 2891 1335 2955 qui
1353 2891 1412 2938 ad
1433 2889 1614 2954 vigilias
1643 2892 1842 2955 agendas
1863 2908 1933 2970 re·

173 2955 290 3004 tenti
312 2954 1981 3004 fuerant..

239 3020 389 3072 LXV.
421 3011 640 3066 Postridie
659 3033 792 3066 mane
813 3034 1019 3081 proceres
1043 3019 1101 3066 ab
1120 3017 1292 3082 Anglia
1308 3020 1487 3066 reversi.
1555 3019 1757 3068 Primum
1783 3016 1947 3069 omni-2·

174 3100 254 3132 um
276 3083 325 3131 Ξιι
358 3083 576 3146 praet'orio
599 3083 724 3138 urbis
752 3083 941 3143 judicio
953 3084 994 3130 se
1017 3084 1170 3130 sistunt
1201 3082 1260 3132 ad
1282 3083 1524 3130 dicendam
1555 3083 1730 3130 causam
1753 3083 1897 3146 parati
1918 3099 1957 3131 ι

174 3165 280 3196 nam
311 3147 351 3195 is
374 3147 469 3195 dies
492 3148 613 3195 adid
649 3148 921 3210 praestitutus
955 3160 1065 3194 erat.
1119 3146 1218 3195 Ubi
1251 3164 1387 3195 nemo
1409 3164 1464 3196 ex
1487 3148 1672 3194 adverso
1704 3148 1957 3211 apparuit,
1962 3179 1967 3184 -

174 3212 360 3284 publice
382 3212 542 3267 testati,
561 3213 689 3276 quod
711 3229 802 3259 non
824 3229 904 3275 per
923 3211 1042 3274 ipsos
1064 3212 1258 3266 stetiffet,
1280 3214 1376 3276 quo
1397 3211 1549 3259 minus
1581 3211 1823 3285 legitirnoJ
1813 3211 1934 3260 udi·

172 3275 248 3323 cio
270 3276 311 3323 se
332 3277 690 3331 committerent,
709 3276 756 3323 in
777 3275 972 3350 hospitia
977 3275 1183 3349 quisque
1203 3276 1279 3323 sua
1298 3276 1603 3328 discesserunt.
1646 3275 1828 3340 Regina
1844 3276 1936 3322 fra·

173 3352 244 3385 tre
278 3341 506 3397 accersitu,
536 3347 582 3387 &
604 3356 709 3387 cum
743 3356 810 3387 eo
820 3338 922 3388 satis
944 3339 1023 3388 diu
1052 3341 1299 3394 collocuta,
1337 3341 1461 3402 spem
1491 3340 1601 3388 fecit
1621 3340 1663 3388 se
1693 3293 1789 3411 post
1809 3339 1857 3386 id
1885 3340 1945 3389 Ξιι

175 3418 416 3471 procerum
443 3405 661 3469 potestate
681 3404 898 3461 futuram,
938 3419 991 3472 ae
1023 3398 1195 3455 laxiore
1215 3405 1417 3454 custodia
1448 3404 1615 3452 habita
1625 3404 1780 3479 multis
1795 3399 1962 3486 mad-Q

231 3527 299 3582 (1)
325 3533 550 3582 Commonly
566 3535 683 3571 called
699 3535 846 3584 George
864 3534 932 3574 the
940 3533 1022 3584 pos
1087 3535 1183 3576 sister
1198 3534 1244 3577 of
1255 3534 1319 3576 the
1339 3535 1400 3577 old
1413 3535 1488 3575 earl
1500 3536 1546 3574 of
1555 3533 1724 3574 Momm

179 3583 276 3622 tulat
296 3584 418 3633 biihop
437 3585 480 3624 of
492 3586 661 3636 Mun-ay,
696 3587 868 3637 begetten
884 3600 983 3640 upon
1000 3601 1023 3628 a
1614 3601 1618 3604 “

1818 3631 1952 3699 rub-1⁶
