2068 3868
322 103 327 107 ⁴
884 108 886 110 >
1197 104 1257 130 *v

365 142 704 210 LIBER
793 139 1443 206 UNDECIM'US.
1711 156 1832 218 311

70 247 190 295 imus
212 243 529 290 decerneretur
555 240 604 286 in
628 242 786 287 Scotos
822 257 832 286 :
868 239 1035 301 quibus
1057 237 1203 302 copiis
1238 238 1471 302 regionem
1494 234 1682 297 inopem
1713 235 1841 283 domi

74 308 298 358 intestinis
322 306 450 352 malis
473 304 753 351 laborantem
779 303 911 349 facile
933 304 980 349 in
999 304 1121 350 suam
1147 303 1410 365 potestatem
1432 302 1472 348 se
1492 302 1749 347 reda&uros
1772 319 1844 346 ar-

78 375 377 423 bitrabantur.
447 368 596 431 Igitur
625 368 803 413 delec'm
828 367 1028 414 militum
1063 367 1228 430 optimi
1258 367 1436 431 generis
1468 365 1644 420 habito,
1677 365 1844 410 ducem

81 438 338 503 praeficiunt
364 432 714 479 Northumbriae
745 432 978 477 Comitem
1013 432 1074 478 ob
1105 432 1349 494 regionum
1376 429 1612 485 noticiam,
1645 434 1685 475 δε
1717 429 1847 491 quod

78 518 296 565 magnum
320 498 414 558 ejus
440 509 534 544 erat
554 513 736 550 nomen,
764 511 930 557 magna
952 495 1191 542 auctoritas
1211 496 1257 542 in
1281 495 1371 542 illis
1391 493 1621 557 gentibus.
1688 494 1745 540 Ei
1767 492 1848 538 ad-

79 569 196 613 dunt
221 566 290 623 (1)
316 563 545 624 Magnum
570 560 817 622 quendam,
843 560 1033 621 equestri
1056 559 1241 621 quidem
1267 559 1458 615 familia,
1482 559 1555 605 sed
1577 558 1658 622 qui
1680 558 1848 604 multos

82 646 222 677 annos
245 628 290 674 in
313 625 473 673 Gallia
493 642 596 672 cum
615 623 859 674 industriae,
884 629 922 669 δι·
947 621 1227 670 fortitudinis
1247 625 1382 670 laude
1405 623 1642 670 meruisset.
1677 624 1719 668 Is
1744 622 1849 668 curn

74 693 309 758 praecipuo
333 690 539 737 adversus
560 691 718 735 Scotos
743 688 850 734 odio
875 688 1100 752 flagraret,
1127 689 1379 749 transegisse
1401 706 1504 735 cum
1537 690 1665 751 Rege
1688 687 1846 739 fertur,

77 771 128 806 ut
149 769 369 820 qnantum
391 755 489 817 agri
511 754 663 816 pulfi5‚
681 764 758 798 aut
781 753 899 799 caefis
923 752 1254 800 habitatoribus
1273 753 1328 798 de
1349 753 1494 800 Scotis
1514 762 1714 815 caperet,
1737 751 1848 816 ipse,

83 821 338 887 posterique
357 821 451 881 ejus
474 819 569 881 post
592 818 632 863 se
651 831 872 864 tenerent.

143 887 319 932 XXIX.
357 886 531 931 Contra
554 883 678 929 Scoti
700 881 857 928 audito
871 893 1088 944 apparatu
1107 881 1319 935 hostium,
1341 887 1379 927 &
1398 881 1480 943 ipfi
1500 882 1594 928 suas
1614 899 1670 928 ex
1692 881 1854 928 adver-

76 951 124 999 so
157 950 312 1011 copias
336 960 617 1009 comparant.
688 947 919 993 Omnibus
944 946 1189 1008 praeficitur
1219 949 1288 1008 (z)
1319 945 1551 1008 Georgius
1576 946 1848 992 Ormundiae

80 1017 249 1062 Comes
272 1031 282 1061 :
304 1012 386 1074 qui
405 1012 549 1058 statim
571 1011 617 1057 in
642 1011 953 1066 Annandiam,
974 1013 1066 1073 quo
1089 1024 1332 1056 venturum
1352 1010 1523 1056 hostem
1546 1011 1852 1074 intelligebat,

79 1079 224 1127 ducit.
294 1080 540 1138 Occupant
568 1078 740 1138 priores
764 1075 907 1138 Angli
931 1075 976 1121 in
1002 1075 1223 1120 hosticum
1249 1074 1447 1136 ingredi.
1502 1077 1722 1136 Superato
1753 1076 1856 1121 Sol-

79 1161 197 1198 vaeo,
230 1147 270 1189 &
300 1141 528 1187 Annando
552 1141 761 1187 amnibus
792 1142 848 1184 ad
872 1141 1051 1184 Sarcam
1079 1139 1250 1184 flumen
1275 1140 1412 1184 castra
1432 1139 1586 1185 locant
1613 1158 1622 1185 :
1649 1152 1786 1200 atque
1808 1139 1857 1186 in

82 1224 240 1255 omnes
264 1218 410 1269 partes
434 1204 616 1250 dimissis
641 1203 904 1251 cohortibus
923 1203 1062 1266 longe
1084 1203 1267 1264 lateque
1289 1204 1583 1264 populantur.
1651 1203 1857 1250 Demum

83 1272 282 1319 adventu
320 1272 559 1316 Scotorum
583 1269 771 1333 cognito
793 1267 892 1313 suos
916 1284 996 1329 per
1020 1267 1248 1313 tubicines
1273 1279 1504 1321 revocant,
1530 1268 1774 1329 omnesque
1806 1268 1854 1316 in

88 1353 230 1383 unum
260 1334 377 1381 vires
409 1334 702 1395 contrahunt.
770 1332 869 1379 Ubi
899 1332 1099 1394 primum
1127 1331 1339 1394 utrinque
1368 1331 1568 1377 instrucli
1589 1348 1856 1393 apparuere,

86 1402 260 1449 nullam
279 1397 531 1445 dimicandi
552 1414 723 1444 moram
743 1396 932 1443 faciunt.
967 1399 1017 1443 In
1038 1397 1200 1443 dextro
1219 1412 1359 1442 cornu
1380 1397 1637 1460 Anglorum
1657 1397 1861 1461 Magnus

86 1467 266 1529 praeesse
283 1465 438 1526 juffus.
474 1464 527 1509 In
554 1462 715 1509 sinistra
738 1463 928 1509 Ioannes
952 1459 1263 1508 Ponentonius
1286 1477 1443 1522 equeS.
1475 1461 1531 1507 Ei
1552 1462 1762 1509 attributi
1787 1465 1858 1526 (3)

88 1530 217 1577 Valli
239 1531 264 1577 ὲ
287 1541 489 1575 veterum
525 1527 785 1575 Brittonum
817 1525 951 1589 stirpe
982 1525 1201 1588 reliquiae.
1270 1526 1480 1572 Mediam
1514 1527 1658 1573 aciem
1692 1529 1862 1574 Comes

88 1596 292 1658 regebat.
356 1592 588 1654 Georgius
620 1590 879 1653 Duglassius
912 1590 1120 1637 adversus
1145 1591 1373 1653 Magnum
1675 1593 1864 1639 Vallam

89 1658 271 1721 Cragiae
294 1657 623 1711 Comarchum,
644 1655 850 1701 adversus
875 1654 1213 1701 Ponentonium
1257 1656 1325 1717 (4)
1349 1656 1675 1708 Maxuallimn,
1694 1662 1732 1703 δε
1752 1658 1865 1706 Ion·

93 1725 284 1770 stonium
307 1737 414 1768 cum
437 1720 523 1766 suis
544 1737 757 1782 quenque
779 1718 1024 1765 tribulibus
1046 1721 1181 1765 locat.
1235 1719 1335 1782 Ipse
1356 1719 1404 1765 in
1427 1721 1580 1766 media
1600 1721 1696 1768 acie
1717 1735 1864 1776 curat,

94 1803 148 1834 ac
166 1786 264 1833 suos
288 1786 484 1832 breviter
505 1786 565 1830 est
588 1786 810 1838 hortatus,
844 1798 892 1830 ut
915 1784 1082 1829 bonam
1106 1784 1162 1829 de
1187 1783 1377 1830 victoria
1395 1784 1518 1845 spem
1551 1786 1787 1840 haberent,
1813 1801 1865 1834 ut

92 1852 174 1914 qui
196 1850 389 1897 hostium
407 1848 585 1909 injuriis
604 1847 785 1895 lacefliti
804 1865 928 1893 arma
948 1848 1024 1894 ind
1035 1847 1206 1894 uifl'ent.
1239 1848 1420 1909 Justiori
1439 1850 1579 1894 causae
1600 1850 1865 1913 prosperum

90 1928 307 1962 eventum
333 1930 424 1960 non
447 1912 729 1959 defuturum.
798 1912 1010 1958 Hostium
1046 1911 1301 1973 superbiam
1326 1913 1355 1958 fi
1379 1913 1513 1960 semel
1536 1914 1703 1977 insigni
1736 1916 1867 1963 clade

92 1979 362 2033 retuderint,
383 1978 531 2024 brevis
548 1977 714 2023 laboris
731 1976 998 2023 diuturnum
1017 1977 1214 2023 fructum
1232 1977 1485 2025 habituros.
1536 1979 1678 2042 Angli
1700 1979 1780 2043 qui
1804 1980 1869 2027 sa-

94 2044 383 2108 gittariorum
410 2058 599 2089 numero
622 2042 933 2096 abundabant,
958 2057 1063 2090 curn
1088 2042 1247 2088 Scotos
1271 2042 1448 2089 eminus
1469 2043 1702 2091 miffilibus
1725 2045 1869 2092 sauci-

94 2121 242 2163 arent,
263 2108 418 2162 Valla,
438 2107 518 2169 qui
541 2107 710 2153 finistro
743 2121 885 2152 cornu
913 2119 1120 2169 praeerat,
1144 2107 1387 2161 exclamat,
1427 2119 1476 2153 ut
1500 2108 1525 2154 a
1548 2108 1632 2155 suis
1652 2110 1868 2157 omnibus

96 2173 244 2220 audiri
266 2173 423 2236 posset,
445 2171 556 2234 quid
578 2171 643 2218 ita
664 2171 900 2218 eludentes
923 2171 1253 2217 velitarentur?
1278 2172 1320 2219 se
1342 2172 1482 2219 secuti
1503 2189 1607 2219 cum
1631 2173 1755 2221 hoste
1772 2193 1871 2221 ma-

95 2255 206 2285 num
229 2236 529 2289 consererent,
554 2237 632 2282 ubi
653 2253 757 2282 vera
779 2235 921 2282 virtus
946 2235 1133 2299 spectari
1157 2237 1313 2298 pofl'et.
1380 2238 1437 2283 Id
1459 2237 1645 2284 demum
1664 2237 1869 2286 virorum

97 2315 326 2350 certamen
348 2302 449 2348 effe.
482 2302 602 2347 Haec
622 2301 802 2347 locutus
821 2313 968 2347 totum
992 2301 1140 2347 secum
1159 2316 1300 2347 cornu
1318 2302 1587 2349 commovit.
1636 2304 1707 2349 Ac
1726 2303 1874 2351 statim

97 2366 348 2430 praelongis
370 2365 520 2420 hastis,
545 2380 656 2429 quas
690 2365 816 2411 Scoti
839 2364 1003 2427 pediti,
1024 2377 1162 2428 atque
1184 2366 1330 2428 equiti
1345 2367 1479 2428 juxta
1500 2367 1674 2415 habiles
1692 2367 1866 2424 ferunt,

98 2433 269 2479 hostem
293 2431 559 2492 impellunt,
583 2429 827 2492 impulsum
852 2430 1069 2482 fundunt,
1095 2428 1368 2494 fugantque.
1564 2442 1567 2444 ’

164 2497 315 2543 XXX.
352 2496 554 2559 Magnus
575 2493 841 2541 inclinatam
862 2494 984 2541 suam
1007 2495 1151 2541 aciem
1181 2511 1370 2542 cernens
1395 2497 1503 2544 vitae
1526 2495 1765 2560 superioris
1787 2499 1873 2546 ho-

99 2561 219 2609 neste
241 2562 349 2607 afiae
368 2559 532 2622 magis,
551 2558 691 2622 quam
715 2559 907 2622 periculi
929 2576 1107 2607 memor
1122 2559 1171 2606 in
1192 2561 1376 2607 Vallam
1397 2578 1566 2626 magno
1586 2563 1766 2625 impetu
1788 2563 1878 2611 fer-

99 2637 190 2680 tur,
213 2638 263 2672 ut
281 2625 354 2671 vel
373 2623 561 2671 audacia
581 2623 790 2686 praelium
820 2624 1085 2678 restitueret,
1122 2625 1196 2671 vel
1218 2637 1473 2673 extremum
1495 2627 1649 2674 saltem
1668 2627 1878 2691 spiritum

99 2689 308 2754 praeclari
329 2687 544 2735 facinoris
566 2689 715 2752 gloria
729 2687 986 2736 illustraret.
1020 2690 1109 2737 Sed
1129 2690 1238 2736 dum
1262 2689 1490 2738 incautius
1514 2691 1622 2747 ruit,
1645 2691 1671 2738 a
1692 2692 1779 2740 suis
1798 2710 1879 2741 ex-

101 2755 248 2802 clusus
270 2770 375 2800 cum
399 2752 554 2816 paucis
577 2770 684 2801 eum
707 2753 870 2801 secutis
905 2753 1150 2801 occiditur.
1219 2755 1373 2816 Hujus
1389 2756 1541 2803 -caedis
1572 2757 1692 2803 fama
1713 2775 1794 2820 per
1826 2776 1878 2805 u-

99 2831 300 2882 trunque
321 2818 573 2865 exercitum
594 2820 799 2883 vulgata,
826 2817 1060 2882 Scotisque
1080 2818 1188 2865 ideo
1206 2820 1249 2867 se
1266 2820 1458 2868 alacrius
1475 2820 1794 2877 inferentibus,
1807 2839 1879 2869 re-

103 2883 256 2946 liquus
269 2883 530 2947 Anglorum
545 2885 768 2931 exercitus
785 2899 876 2931 non
891 2883 971 2931 diu
990 2883 1124 2931 stetit.
1150 2884 1273 2931 Cum
1292 2885 1430 2932 effusa
1446 2886 1557 2948 fuga
1571 2887 1758 2932 domum
1773 2902 1881 2948 pro-

31 2965 42 2979 ·
103 2961 332 3012 petatem,
358 2949 502 3010 major
523 2948 809 3003 abeuntium,
825 2948 967 3011 quam
989 2948 1296 3012 praeliantium
1316 2951 1463 2997 caedes
1488 2950 1605 2996 faeta
1626 2951 1701 2996 est.
1725 2951 1882 2998 Maxi-

0 3068 2 3082 Ι
62 3031 65 3035 ’
96 3029 184 3067 sma
204 3028 311 3058 vero
329 3013 377 3058 in
403 3013 570 3059 Solv‘aei
587 3013 704 3077 ripa,
727 3030 835 3060 cum
859 3014 986 3060 aestus
1002 3014 1146 3062 maris
1169 3026 1268 3061 tum
1292 3015 1408 3062 forte
1430 3016 1477 3061 in
1500 3031 1681 3062 amnem
1707 3014 1881 3062 refusus

105 3076 336 3139 fugientes
359 3076 589 3124 retineret.
657 3077 836 3126 Periere
856 3069 1120 3141 Anglorum.
1135 3078 1183 3125 in
1202 3095 1258 3126 eo
1280 3079 1441 3142 praelio
1463 3077 1641 3124 circiter
1660 3077 1754 3125 tria
1775 3079 1882 3127 mil-

44 3190 48 3194 ,
110 3140 189 3195 lia,
213 3142 453 3187 Scotorum
472 3140 686 3190 sexcenti.
757 3142 1064 3205 Captivorum
1083 3158 1276 3206 magnus
1294 3143 1384 3191 fuit
1404 3157 1646 3190 numerus:
1670 3141 1695 3190 ὲ
1715 3143 1884 3208 quibus

164 3271 228 3321 (1)
246 3271 329 3307 Our
341 3270 484 3308 writers
497 3271 568 3307 call
583 3269 666 3308 him
678 3270 794 3308 Mans
805 3285 846 3309 or
858 3272 971 3320 Mag·
1026 3275 1071 3311 ed
1090 3274 1275 3322 England,
1291 3284 1390 3310 were
1401 3271 1638 3310 overthrown
1654 3273 1700 3323 by
1713 3274 1779 3312 the
1793 3276 1885 3314 Sax-

114 3336 184 3362 nus
196 3324 291 3361 with
309 3323 374 3360 the
388 3326 451 3361 red
462 3336 573 3361 mane
594 3336 604 3359 2
634 3323 849 3362 because·he
867 3324 940 3362 had
953 3339 974 3362 a
1027 3339 1108 3372 ons,
1127 3328 1197 3363 and
1216 3326 1334 3363 thrust
1351 3333 1417 3362 out
1429 3325 1474 3363 of
1484 3325 1549 3364 the
1568 3327 1684 3364 lower
1699 3329 1886 3367 countries

78 3404 82 3408 Α
111 3385 215 3427 great
231 3379 293 3414 red
311 3377 432 3414 beard.
1027 3379 1109 3416 into
1123 3378 1189 3416 the
1205 3378 1469 3417 mountainous
1479 3380 1601 3430 places
1618 3380 1665 3418 of
1669 3382 1798 3420 Wales
1812 3385 1886 3421 and

165 3429 230 3480 (2)
259 3431 356 3478 Lege
373 3432 501 3478 Hugo,
521 3443 557 3467 as
578 3429 700 3467 before
720 3443 799 3480 cap.
821 3431 887 3468 26.
916 3430 975 3469 for
1027 3432 1234 3470 Cornwall.

114 3482 167 3529 so,
186 3484 243 3533 say
265 3483 377 3529 some,
397 3484 427 3521 is
446 3484 510 3521 the
530 3485 604 3522 carl
618 3483 662 3522 of
671 3484 841 3522 Ormond
861 3495 974 3523 nam·
1083 3484 1148 3535 (4)
1176 3485 1304 3524 Lair-ds
1323 3486 1367 3524 of
1378 3485 1628 3525 earlaverock
1650 3491 1720 3527 and
1745 3466 1885 3542 jobus·
1920 3517 1927 3527 Ι

113 3538 158 3576 ed
174 3536 215 3574 in
228 3537 294 3574 the
312 3538 487 3586 registers.
1027 3547 1110 3592 ton,
1129 3538 1225 3580 with
1242 3539 1344 3581 these
1362 3540 1406 3580 of
1414 3538 1513 3580 their
1525 3541 1696 3583 firname.

172 3589 234 3642 (3)
262 3590 350 3633 The
371 3592 432 3633 old
449 3590 617 3634 Brittons
635 3590 722 3634 who
738 3591 814 3633 first
829 3591 975 3645 possen·-

1797 3664 1891 3713 cla.
