2106 3864
531 155 859 224 L1BER
950 161 1477 249 QUARTUS.
1759 191 1873 235 101

104 274 206 306 rum
231 272 362 321 agros
384 251 716 321 popularentur
736 257 912 321 primus
935 259 998 305 eis
1021 263 1260 311 conflifitus
1281 263 1371 312 fuit
1391 266 1449 312 ad
1473 266 1643 314 Cream
1660 267 1883 317 Gallovi-

107 322 196 370 diae
219 339 419 370 amnem.
489 320 616 367 Scoti
638 322 875 384 pauciores
898 339 925 369 a
945 324 1155 386 pluribus
1183 328 1486 377 circumventi
1506 332 1637 379 dumi
1657 349 1689 378 n
1723 341 1883 380 omnes

105 399 257 452 partes
287 387 488 451 fugiunt,
511 385 713 433 Romani
734 387 862 440 velut
883 400 1006 435 certa
1025 390 1217 440 viStoria
1243 393 1384 458 potiti
1404 395 1497 442 fine
1518 396 1678 443 ordine
1699 398 1884 462 fugien-

102 451 229 498 tibus
247 450 426 500 instant.
448 450 629 497 Interea
642 451 922 515 Argathelii‚
942 455 994 503 &
1014 454 1248 505 ulteriores
1267 459 1446 523 aliquot
1466 461 1648 525 populi,
1667 462 1749 525 qui
1768 480 1884 512 non·

106 517 218 563 dum
241 515 283 561 se
302 531 409 562 curn
428 513 617 576 reliquis
636 515 782 579 copiis
800 516 1149 578 conjunxerant,
1168 522 1214 569 in
1235 524 1466 589 diffipatos
1484 527 1720 573 Romanos
1738 527 1885 575 densis

103 579 371 644 agminibus
392 579 562 626 investi
596 597 812 645 magnam
845 582 1040 646 stragem
1073 586 1333 637 ediderunt.
1399 590 1636 654 Eugenius
1660 592 1884 640 collefiti&

104 659 222 705 quos
241 661 266 690 e
289 644 402 708 fuga
423 645 652 692 retrahere
671 646 841 708 potuit,
859 646 1020 695 habito
1042 648 1173 712 super
1194 652 1368 700 summa
1383 672 1535 702 rerum
1557 658 1763 715 consilio,
1778 673 1888 705 cum

102 708 347 770 praesentes
369 708 516 771 copiae
538 709 713 756 nullam
735 710 860 773 spem
876 714 1129 760 renovandi
1147 715 1259 763 belli
1281 717 1498 776 facerent,
1519 733 1641 769 retro
1658 723 1708 771 in
1727 722 1888 772 Caric-

104 787 200 820 tam
220 773 351 820 abiit.
420 773 682 821 Maximum
714 791 821 821 vero
856 793 950 839 quo
989 777 1140 825 minus
1175 780 1367 830 vi&oria
1405 797 1622 843 uteretur,
1647 787 1887 850 prohibuit

103 837 312 901 trepidus
335 837 528 885 nuncius
551 838 708 886 omnia
727 837 776 886 in
793 839 1012 890 interiore
1033 844 1270 893 Britannia
1288 848 1412 896 bello
1444 851 1620 899 ardere.
1688 854 1813 902 Scoti
1837 868 1887 898 e-

102 901 179 962 jus
202 903 385 949 discessu
418 901 591 962 majore
622 902 818 951 hostium
842 919 972 970 parte
992 908 1135 956 levati
1154 928 1417 976 quanquam
1438 914 1519 961 vix
1539 918 1598 963 ad
1619 917 1695 965 sua
1716 921 1889 967 tuenda

107 965 379 1021 sufficerent,
401 967 469 1014 ira
489 978 661 1023 tamen,
687 984 739 1016 ac
772 969 848 1036 spe
886 971 928 1018 se
962 985 1068 1021 ante
1089 978 1294 1024 exaftam
1325 980 1522 1026 aestatem
1543 982 1689 1029 hostes
1709 983 1888 1031 vicinos

105 1028 276 1094 :insigni
298 1031 452 1094 aliqua
484 1031 614 1080 clade
635 1036 925 1096 repreffuros,
957 1038 1183 1101 quicquid
1207 1041 1397 1099 virium,
1421 1055 1500 1090 aut
1530 1045 1629 1092 odii
1660 1048 1891 1109 supererat

106 1094 156 1143 in
180 1095 328 1143 Pictos
350 1096 625 1146 effuderunt.
695 1099 985 1163 Qacunque
1005 1106 1279 1167 pergebant,
1302 1108 1453 1154 obviis
1477 1110 1644 1174 absque
1665 1113 1890 1162 discrimi-

107 1177 168 1207 ne
207 1159 443 1208 trucidatis
479 1160 601 1210 ferro
627 1165 678 1213 δε
707 1163 894 1212 flamma
926 1165 1017 1213 late
1049 1168 1303 1216 vastitatem
1338 1172 1583 1221 faciebant.
1653 1178 1888 1226 Maximus

111 1242 377 1288 quanquam
401 1225 556 1283 minis,
581 1231 632 1277 ὃς
658 1233 906 1278 verborum
935 1234 1218 1280 contumelia
1251 1238 1411 1283 Scotos
1441 1243 1811 1302 persequebatur,
1837 1261 1890 1290 u-
1956 1269 1960 1274 ·

106 1289 307 1352 triusque
343 1301 496 1338 tamen
530 1293 662 1339 clade
684 1294 834 1357 gentis
855 1295 1028 1358 pariter
1061 1297 1211 1354 laetus,
1244 1300 1324 1347 ubi
1361 1302 1566 1364 primum
1600 1306 1644 1353 ei
1681 1324 1890 1355 commo-

110 1355 225 1402 dum
248 1353 354 1411 fuit,
380 1367 600 1418 tanquam
623 1359 791 1406 damna
812 1360 950 1408 Pictis
971 1361 1101 1409 illata
1123 1365 1298 1412 ulturus
1322 1365 1371 1413 in
1396 1368 1556 1416 Scotos
1577 1374 1745 1421 movit.
1813 1376 1892 1424 Illi

107 1430 210 1465 tum
246 1435 338 1466 non
373 1420 431 1467 de
468 1422 634 1485 gloria,
657 1423 874 1487 imperio,
899 1439 977 1473 aut
1009 1429 1167 1491 praeda
1190 1429 1456 1492 dimicaturi
1482 1452 1493 1481 ε
1527 1435 1602 1482 sed
1636 1437 1693 1484 de
1720 1440 1889 1502 patria,

108 1482 324 1539 fortunis,
360 1484 470 1542 vita,
505 1487 787 1551 caeterisque,
821 1508 924 1553 quae
958 1492 1227 1541 horninibus
1261 1496 1364 1543 cara
1400 1498 1485 1544 effe
1518 1499 1680 1557 solent,
1711 1504 1889 1552 educitis

110 1547 346 1604 omnibus,
370 1550 452 1611 qui
490 1568 615 1600 arma
642 1549 765 1601 ⁴ferre
797 1556 974 1618 poffent
1002 1574 1097 1605 non
1133 1560 1273 1619 moldo
1307 1560 1433 1618 viris,
1458 1562 1533 1610 sed
1567 1566 1704 1614 etiam
1725 1570 1894 1632 gentili

109 1612 439 1661 consuetudine
469 1616 744 1665 mulieribus
773 1618 822 1665 in
845 1620 1061 1668 ultimum
1095 1622 1138 1669 se
1166 1624 1408 1672 discrimen
1431 1643 1629 1689 parant:
1664 1638 1705 1679 δε
1740 1635 1891 1683 castris

108 1693 203 1723 non
231 1679 395 1739 procul
425 1696 450 1725 a
472 1681 615 1728 Duno
637 1698 771 1730 amne
793 1684 949 1746 positis
972 1703 1064 1733 non
1095 1688 1235 1751 longe
1256 1689 1315 1736 ab
1340 1690 1544 1739 hostibus
1574 1697 1888 1748 constiterunt.

110 1740 228 1787 Acie
263 1741 476 1806 utrinque
496 1745 710 1792 instructa
742 1747 883 1811 primi
904 1758 1234 1799 concurrerunt
1255 1770 1362 1800 cum
1385 1756 1533 1803 Scotis
1565 1761 1628 1819 (1)
1654 1763 1890 1811 Romano-

108 1821 213 1852 rum
236 1806 423 1854 auxilia.
491 1810 565 1856 Ibi
590 1810 744 1857 alteris
777 1812 869 1875 spe,
899 1814 1054 1863 alteris
1088 1817 1400 1881 desperatione
1427 1820 1629 1870 incitatis
1659 1839 1891 1877 certamen

108 1869 275 1924 acriuS,
300 1887 440 1932 quam
468 1873 652 1937 longius
675 1875 778 1923 fuit.
846 1872 980 1934 Pieri,
1006 1886 1045 1927 &
1070 1881 1297 1930 Brittones
1321 1900 1491 1947 magna
1524 1903 1630 1935 cum
1660 1893 1788 1940 caede
1820 1911 1892 1941 re-

110 1935 225 1997 pulsi
253 1953 263 1980 :
296 1951 348 1981 ac
382 1937 466 1983 nifi
501 1938 748 1986 subsidium
780 1940 830 2005 in
858 1955 1065 2006 tempore
1097 1963 1122 1992 a
1144 1948 1367 1994 Romanis
1388 1950 1593 2006 veniffet,
1618 1954 1779 2020 sugam
1802 1959 1893 2005 cir-

108 1997 496 2060 cumspefitabant.
565 2004 742 2050 Verum
765 2006 979 2053 Maximo
1011 2009 1219 2073 legiones
1254 2013 1530 2063 admovente
1553 2018 1679 2067 Scofi
1707 2028 1748 2069 Sc
1771 2024 1892 2070 mul-

108 2061 325 2118 titudine,
351 2069 392 2111 δε
413 2083 582 2129 genere
612 2085 862 2125 armorum,
887 2077 928 2118 &
950 2071 1192 2138 disciplina
1213 2077 1452 2127 inferiores
1477 2081 1622 2128 ruinae
1657 2088 1798 2135 modo
1821 2106 1892 2135 re-

107 2127 285 2175 troaffi.
356 2130 540 2178 Cecidit
561 2132 631 2179 ibi
653 2134 754 2180 Rex
777 2137 1031 2200 Eugenius‚
1057 2141 1170 2187 dum
1193 2141 1280 2189 suis
1302 2161 1394 2191 non
1429 2147 1530 2193 vult
1553 2147 1769 2212 superesse
1791 2172 1802 2201 ε
1840 2172 1894 2203 ac

109 2193 255 2253 major
275 2209 519 2255 procerum
542 2215 644 2260 pars
669 2216 725 2246 ne
743 2201 923 2263 Regem
946 2204 1196 2266 prodidisse
1219 2208 1468 2259 videretur.

173 2258 254 2304 LI.
288 2259 353 2306 At
376 2260 613 2309 Maximus
635 2275 764 2312 tanta
783 2268 978 2315 vi&oria
994 2268 1149 2326 citius,
1173 2289 1313 2334 quarn
1335 2274 1548 2337 sperarat,
1571 2278 1765 2339 potitus,
1785 2299 1893 2333 cum

107 2320 187 2368 vix
209 2321 396 2372 haberet
417 2324 466 2377 in
487 2343 628 2388 quern
650 2329 810 2376 odium
841 2347 1088 2390 exerceret,
1114 2335 1424 2386 misericordia
1444 2343 1502 2387 ad
1532 2342 1763 2403 pristinam
1799 2351 1893 2397 cle-

106 2387 328 2441 mentiam
350 2403 606 2447 revocatus,
636 2395 794 2446 multis
817 2397 1061 2446 Scotorum
1084 2401 1351 2463 regionibus
1372 2406 1650 2467 perlustratis
1673 2410 1892 2463 dedentes

105 2451 193 2498 sese
217 2454 425 2517 recaepit,
451 2458 674 2521 agrosque
697 2461 848 2508 colere
862 2461 987 2523 juffit
1007 2482 1018 2511 ε
1043 2468 1094 2513 δί
1111 2479 1162 2512 ut
1179 2466 1265 2513 suis
1285 2471 1508 2533 contenti,
1530 2470 1695 2520 vicinis
1716 2481 1891 2529 molesti

106 2533 165 2562 ne
184 2517 322 2565 essent
343 2519 554 2583 imperat.
595 2523 712 2569 Piffl
731 2524 850 2573 hanc
869 2527 968 2588 ejus
989 2529 1283 2580 clementiam
1308 2534 1546 2598 :egerrime
1564 2537 1759 2589 ferentes
1781 2560 1892 2592 con-

108 2582 361 2629 tendebant
381 2602 619 2648 nunquam
642 2589 899 2647 Romanos,
929 2609 1182 2658 eorumque
1205 2596 1347 2644 socios
1371 2599 1562 2647 solidam
1595 2605 1891 2668 &synceram

105 2662 270 2708 pacem
302 2648 540 2701 habituros
573 2651 800 2701 incolumi
830 2670 968 2720 gente
1003 2660 1245 2708 Scotorum
1269 2663 1444 2726 semper
1466 2666 1691 2729 inquieta,
1716 2672 1891 2738 semper

105 2711 165 2757 ad
188 2726 373 2759 omnem
395 2715 559 2776 praedae
582 2719 867 2767 occasionem
888 2721 1069 2776 intenta,
1092 2743 1102 2773 :
1139 2744 1376 2790 nunquam
1412 2741 1576 2778 terram
1606 2735 1890 2789 Britanniam

107 2775 310 2837 securam
333 2777 452 2833 fore,
485 2779 597 2827 dum
620 2783 666 2828 in
690 2800 744 2830 ea
777 2786 1029 2849 quicquam
1059 2789 1185 2837 illius
1220 2792 1451 2857 sanguinis
1473 2795 1747 2860 superesset:
1784 2822 1889 2852 cum

106 2838 218 2886 feris,
238 2841 402 2888 belluis
425 2861 520 2890 rem
544 2847 646 2902 este,
669 2865 774 2911 quae
798 2851 937 2898 nullis
967 2854 1128 2901 officiis
1151 2871 1413 2919 provocatae
1437 2862 1761 2922 mansuescant,
1787 2871 1894 2916 nul·

105 2903 162 2950 lis
185 2905 364 2953 damnis
389 2907 542 2956 frattae
564 2911 891 2975 conquiescant
917 2936 928 2963 :
964 2920 1284 2984 eundem„qui
1323 2923 1367 2969 ei
1388 2927 1518 2986 genti
1548 2929 1668 2985 esset,
1693 2932 1816 2980 bello
1837 2935 1889 2980 fi-

106 2985 214 3014 nem
232 2970 456 3029 futurum.
527 2975 650 3035 Cum
673 2979 909 3027 Maximus
943 2983 1104 3031 contra
1125 2989 1272 3038 multa
1292 2988 1523 3036 dissereret
1544 2993 1601 3038 de
1634 2992 1787 3044 vetere
1803 3015 1897 3061 po-

105 3032 207 3093 puli
227 3035 430 3083 Romani
449 3038 672 3095 instituto,
698 3059 724 3088 a
756 3060 851 3106 quo
885 3060 1046 3110 gentes
1067 3049 1202 3096 victae
1234 3067 1326 3098 non
1349 3054 1490 3100 modo
1510 3056 1680 3103 relifftae
1709 3060 1890 3113 incolu-

105 3113 221 3152 mes,
242 3099 317 3145 sed
339 3099 478 3147 etiam
513 3104 702 3152 civitate
725 3107 811 3159 sint
833 3109 1014 3158 donatae
1040 3132 1051 3159 ε
1084 3131 1325 3178 nunquam
1345 3117 1394 3163 in
1421 3119 1533 3165 orbe
1556 3133 1777 3173 terrarum
1795 3127 1892 3177 fere

105 3164 369 3223 perdomito
397 3178 584 3228 gentem
619 3170 760 3217 ullam
789 3174 973 3235 penitus
1004 3178 1199 3225 excisam
1230 3199 1242 3226 ε
1276 3180 1318 3227 se
1340 3183 1525 3238 curasse,
1551 3197 1601 3231 ut
1626 3188 1758 3253 Rege
1781 3208 1888 3242 cum

105 3228 235 3277 omni
266 3229 512 3290 juventute
534 3232 646 3286 caeso
683 3251 776 3283 non
814 3242 1087 3292 metuendos
1109 3243 1293 3300 vicinis,
1330 3245 1404 3292 sed
1426 3247 1582 3309 potius
1608 3253 1887 3307 miserandos

157 3374 223 3423 (1)
250 3375 338 3413 The
365 3379 519 3420 Roman
546 3394 650 3431 army
676 3396 751 3421 was
776 3385 822 3422 of
847 3385 952 3425 three
1035 3391 1080 3439 by
1097 3389 1162 3429 the
1180 3393 1372 3442 provinces
1391 3407 1432 3432 or
1450 3395 1551 3436 their
1573 3402 1824 3448 confederates
1843 3410 1885 3448 in

101 3437 200 3473 parts
219 3430 436 3478 :legioneffi
457 3434 582 3471 which
602 3438 667 3472 the
686 3438 855 3476 Romans
874 3441 951 3477 cal-
1032 3443 1122 3492 help
1139 3445 1183 3481 of
1197 3445 1262 3482 the
1287 3448 1439 3485 Roman
1458 3464 1576 3500 army,
1597 3458 1666 3493 and
1691 3459 1792 3499 these
1811 3463 1888 3501 had

102 3477 161 3516 led
180 3480 348 3519 footmen
367 3500 383 3534 3
409 3487 610 3535 equitatus,
630 3489 730 3526 their
749 3494 892 3541 cavalry
911 3508 952 3531 or
1033 3510 1052 3532 a
1071 3497 1246 3536 different
1262 3500 1419 3541 manner
1433 3503 1479 3543 ΟΕ
1491 3506 1683 3558 discipline
1700 3513 1799 3553 from
1819 3516 1886 3553 the

104 3531 298 3579 horsemen
327 3551 340 3584 3
385 3540 633 3592 andthirdly,
666 3544 821 3591 auxilia,
853 3546 953 3583 their
1033 3551 1216 3591 Romans.

102 3584 193 3633 aids,
211 3588 296 3627 that
313 3589 516 3637 is,s0ldiers
536 3595 614 3634 sent
631 3599 702 3635 and
721 3598 951 3638 maintained

1742 3723 1898 3776 hostes:
