2055 3828
212 157 343 222 300
541 140 902 221 Rsssnum
991 137 1677 213 S-coa-xcmum

212 253 308 295 vet,
326 240 430 304 quae
448 240 670 288 reftorum
694 236 961 292 ambitione,
982 241 1028 287 &
1053 239 1304 301 cupiditate
1326 243 1441 289 adeo
1461 242 1770 302 invaluerunt,
1796 258 1847 294 ut
1867 248 1975 294 nula

215 305 273 352 lis
295 307 503 358 omnino,
528 304 607 349 nisi
629 302 841 364 princeps
856 302 949 364 ipse
967 304 1160 365 capeliat
1178 305 1439 366 imperium,
1462 307 1544 352 sisti
1563 308 1773 355 remediis
1795 311 1973 373 poffint.

215 370 274 416 ld
314 383 362 415 ut
396 370 506 415 citra
528 367 802 428 periculum,
842 382 894 412 ac
927 367 1129 413 laborem
1165 368 1301 414 etiam
1339 370 1621 426 conficiatur,
1653 371 1695 416 se
1717 374 1973 434 providisse.

217 433 439 497 MQnam
465 431 654 476 enimin
680 430 942 493 propinquo
964 446 1146 476 manum
1172 433 1255 478 efie
1275 434 1501 495 equitum,
1537 435 1618 497 qui
1640 450 1742 481 eum
1767 451 1974 497 quocun-

217 514 307 559 que
334 510 409 542 aut
431 497 586 547 vellet,
607 507 683 540 aut
705 510 821 556 opus
840 494 1328 548 esset‚.comitarentur.
1385 498 1501 545 Haec
1524 500 1627 546 cum
1646 500 1777 545 vultu
1800 501 1900 546 Rex
1919 502 1974 548 fi-

216 576 273 608 ve
293 561 418 621 quod
445 560 506 604 ita
529 559 726 607 sentiret.
753 559 841 605 sive
864 572 912 605 ut
934 557 1144 605 timorem
1180 559 1487 615 dissimularet,
1524 563 1776 625 approbare
1797 564 1975 611 videre-

216 636 306 677 tur,
330 624 471 669 fra-no
494 635 674 685 arrepto
694 621 1005 669 Cancellarius
1028 639 1131 669 eum
1155 624 1321 671 ducere
1341 626 1493 688 pergit
1510 629 1565 671 ad
1592 627 1707 674 suos.
1749 628 1842 690 Qi
1866 644 1974 676 cum

213 689 344 749 Rege
369 700 498 733 erant
519 691 557 732 &
581 687 733 749 pauci,
769 692 806 734 ὁ(
840 686 1035 733 inermes
1064 687 1272 734 adversua
1294 689 1465 751 plures,
1497 693 1546 740 δε
1579 702 1776 737 armatos
1796 695 1851 738 ad
1877 692 1971 739 vim

214 752 408 812 impares
434 763 553 797 retro
576 752 719 797 moesti
743 750 928 797 abeunt.
995 751 1095 798 Rex
1114 764 1309 813 quatuor
1330 753 1512 816 stipatus
1534 768 1809 802 armatorum
1830 757 1974 803 milli-

213 815 296 861 bus
318 815 496 878 ingenti
518 814 686 861 laeticia
707 815 835 877 vulgi
858 813 1132 878 Edimburgi
1154 815 1395 879 excipitur.

276 881 386 926 xli.
421 880 589 926 Prorex
611 880 712 925 haec
736 880 800 925 uti
822 881 920 925 aeta
936 891 1081 932 erant,
1104 879 1182 925 ubi
1202 881 1440 943 comperit,
1462 881 1615 928 animo
1638 880 1719 936 ira,
1737 888 1775 929 «Sc
1796 884 1972 946 pudore

208 944 399 990 confuso
423 944 667 990 Sterlinuni
692 943 905 996 reversus
931 943 1043 1004 quid
1066 942 1292 1006 optimum
1315 945 1432 990 faGtu
1454 947 1503 991 sit
1526 949 1757 1006 expendit.
1813 951 1972 1010 Ange-

211 1008 289 1054 bat
311 1008 510 1071 ingentis
533 1008 671 1054 animi
695 1007 861 1060 virum,
889 1007 929 1052 se
953 1007 1027 1052 sua
1046 1008 1327 1070 negligentia
1349 1009 1412 1054 ita
1435 1009 1669 1070 pueriliter
1691 1010 1817 1057 fuisse
1840 1014 1969 1058 delu-

210 1072 305 1118 sum
335 1092 344 1119 ε
381 1072 562 1119 interim
588 1072 765 1118 suorum
790 1075 946 1117 fraude
971 1071 1138 1117 factum
1165 1075 1376 1118 credere:
1409 1074 1489 1118 eiu
1526 1075 1722 1120 incertus
1762 1075 1833 1120 cui
1859 1077 1971 1122 fide·

207 1151 296 1191 ret,
339 1151 475 1199 quem
502 1137 698 1189 timeret,
736 1136 928 1197 pudore,
953 1136 1210 1197 suipitione,
1251 1137 1389 1185 &ira
1423 1138 1539 1183 inter
1574 1138 1615 1183 se
1649 1139 1924 1186 certantibus
1953 1158 1966 1187 ι

208 1203 394 1247 tandem
413 1201 568 1247 animo
593 1201 779 1263 paulum
820 1199 971 1246 sedato
994 1200 1196 1262 cogitare
1220 1200 1367 1246 secum
1392 1202 1603 1263 ocem-pit,
1627 1202 1752 1264 quod
1777 1204 1970 1264 praesen·-

207 1265 329 1312 tibus
350 1265 481 1312 malis
503 1264 729 1311 inveniret
747 1266 1016 1310 remedium.
1085 1268 1194 1310 Susis
1214 1265 1333 1310 enim
1360 1266 1475 1311 vires
1498 1266 1703 1312 adversus
1728 1264 1970 1314 Cancella-

206 1329 326 1377 rium
365 1330 599 1376 hominem
629 1328 760 1388 juxta
792 1328 980 1373 consilio
1004 1328 1192 1381 bonum,
1235 1346 1285 1374 ac
1325 1346 1462 1376 manu
1497 1331 1722 1377 strenuum
1756 1349 1767 1377 ε
1804 1331 1970 1394 populi

204 1407 424 1456 pra-terea
447 1392 619 1448 favore,
655 1396 700 1440 ὃ(
728 1391 875 1454 Regia
898 1391 1161 1438 auctoritate
1184 1393 1422 1438 subnixum
1457 1411 1616 1456 parum
1648 1395 1796 1441 firmas
1818 1395 1970 1442 existi-

205 1459 375 1504 mabat.
455 1458 680 1521 Reginam
719 1456 767 1502 in
789 1456 990 1502 custodia
1025 1455 1198 1501 duriter
1219 1457 1437 1511 habitam,
1473 1458 1535 1503 ita
1556 1459 1824 1513 offenderat,
1850 1473 1966 1506 ute·
2023 1515 2027 1519 Ι

199 1521 276 1582 jus
297 1525 532 1583 placandae
555 1522 631 1567 vix
653 1521 870 1582 ullaspes,
894 1519 940 1565 in
966 1520 1142 1581 placata
1165 1520 1358 1580 praesidii
1382 1538 1537 1582 parum
1564 1525 1684 1568 esset.
1731 1522 1967 1585 Duglassio

204 1586 371 1631 virium
396 1586 514 1639 satis,
540 1583 714 1630 confilii
752 1599 929 1645 parum,
960 1595 1138 1628 :etatem
1163 1597 1381 1637 teneram,
1406 1586 1636 1632 infirmum
1659 1586 1880 1640 animum,
1898 1587 1964 1632 as-

203 1648 535 1695 sentationibus
553 1649 688 1695 etiam
708 1660 971 1707 corruptum
995 1646 1147 1692 alieno
1168 1646 1415 1710 circumagi
1437 1649 1654 1696 arbitrio:
1677 1655 1724 1698 δι
1749 1649 1859 1695 utin
1881 1655 1967 1696 hu-

196 1712 398 1775 jusmodi
440 1714 620 1760 fortuna
649 1712 742 1769 ,effe
777 1711 905 1764 solet,
930 1711 1162 1773 pcffimum
1186 1723 1399 1773 quenq'ue
1424 1714 1671 1772 plurimum
1698 1714 1816 1776 apud
1857 1731 1964 1760 eum

202 1779 341 1841 poss'e,
367 1779 412 1826 in
432 1795 484 1824 ca
503 1779 639 1824 etiam
658 1775 897 1822 hominum
921 1775 1182 1822 colluvione
1201 1792 1290 1821 non
1314 1777 1398 1822 effe
1419 1776 1503 1822 suae
1526 1778 1761 1839 dignitatis
1784 1778 1969 1825 versari.

203 1842 562 1896 Cancellarium,
603 1842 680 1888 etsi
705 1840 857 1887 alieno
895 1841 999 1886 ess'et
1020 1856 1128 1902 erga
1157 1839 1198 1886 se
1224 1840 1394 1894 animo,
1431 1842 1663 1888 homiuem
1705 1855 1855 1888 tamen
1878 1843 1964 1889 efl'e

201 1909 475 1971 prudentem
501 1925 513 1953 ι
547 1907 644 1966 ejus
667 1911 705 1951 δι
731 1903 871 1957 aetati,
896 1909 935 1951 δι
959 1903 1147 1968 ingenio
1170 1904 1311 1950 tutius
1333 1907 1417 1951 efl'e
1439 1906 1562 1952 credi
1599 1924 1609 1953 :
1641 1922 1787 1969 neque
1819 1919 1962 1953 tantas

200 1988 305 2018 cum
330 1989 385 2018 eo
403 1970 553 2018 causas
581 1969 876 2016 offensionum
909 1969 1010 2021 esic,
1048 1981 1096 2014 ut
1126 1984 1214 2013 non
1239 1969 1465 2015 veteribus
1496 1969 1654 2017 officiis
1681 1970 1960 2031 superentur.

199 2035 456 2082 Maximam
481 2049 633 2081 autem
663 2034 720 2079 ad
741 2032 1160 2079 reconciliationem
1184 2032 1349 2079 habere
1373 2034 1463 2079 vim
1488 2034 1792 2096 periculorum
1808 2035 1964 2081 fimili-
2018 2075 2026 2080 .

154 2130 163 2136 -
197 2104 428 2155 tudinem,
453 2106 491 2146 δι
515 2099 771 2144 animorum
806 2096 852 2142 in
891 2096 1078 2158 publica
1100 2096 1237 2142 salute
1270 2099 1439 2159 tuenda
1459 2098 1791 2145 consensionem
1823 2115 1833 2145 :
1867 2097 1966 2159 ejus

197 2161 721 2228 praetereainimicitiam
741 2160 823 2207 sibi
847 2160 1118 2221 potissimum
1141 2160 1224 2206 effe
1247 2160 1599 2214 formidandam,
1616 2161 1639 2208 ἐι
1659 2179 1769 2224 quo,
1794 2162 1822 2209 fi
1839 2155 1893 2210 a'd
1915 2179 1964 2208 a-

198 2230 280 2275 lias
306 2229 522 2276 ftifiiones
544 2227 587 2274 se
605 2226 844 2289 adjungat,
862 2224 955 2287 ipse
975 2224 1021 2271 in
1045 2224 1252 2271 ordinem
1270 2226 1393 2289 cogi,
1412 2227 1485 2272 vel
1501 2226 1548 2272 in
1572 2226 1757 2273 exilium
1782 2242 1964 2289 protru-

193 2291 248 2341 di
266 2295 424 2357 posset.

208 2387 213 2395 ·
265 2360 399 2405 xlll.
436 2358 555 2415 Haec
574 2371 656 2418 per
676 2353 852 2417 aliquot
873 2352 968 2400 dies
1003 2367 1109 2398 cum
1131 2351 1303 2401 intimis
1326 2352 1593 2409 amicorum,
1619 2359 1658 2401 &
1681 2353 1786 2402 viris
1807 2353 1958 2410 bonis,

198 2428 240 2470 Sc
264 2423 462 2485 publicae
498 2420 650 2467 salutis
673 2418 933 2465 amantibus
955 2419 1059 2464 cum
1083 2416 1253 2479 agitata
1274 2420 1411 2465 essent
1452 2419 1713 2465 Alexander
1737 2421 1794 2466 de
1815 2420 1963 2465 consi-

195 2485 262 2534 lio
284 2502 440 2533 eorum
464 2501 569 2531 cum
593 2483 807 2530 familiari
829 2481 1050 2528 comitatu
1076 2481 1410 2545 Edimburgum
1446 2483 1756 2545 proficiscitur.
1823 2484 1960 2530 Forte
2007 2481 2014 2487 “

194 2562 294 2596 tum
319 2551 505 2595 aderant
530 2550 599 2610 (1)
626 2546 922 2600 Abredoniae‚
947 2552 986 2592 &
1029 2547 1248 2593 Moraviae
1270 2548 1499 2608 Epiicopi,
1541 2547 1765 2601 homines,
1807 2562 1854 2593 ut
1877 2547 1963 2597 illa

191 2614 402 2662 ferebant
418 2627 641 2675 tempora,
676 2611 901 2666 doctrina,
936 2616 974 2656 &
997 2609 1163 2656 virtute
1186 2610 1382 2672 praediti.
1425 2612 1487 2657 lis
1509 2610 1828 2672 interpretibus
1850 2613 1973 2658 Pro-⁸„

194 2695 302 2734 rex,
317 2684 357 2727 ἃ
386 2675 697 2724 Cancellarius
720 2675 781 2721 ufi
796 2675 842 2722 in
865 2674 1206 2736 aedemAEgidio
1229 2675 1390 2720 sacram
1410 2691 1513 2721 cum
1533 2675 1688 2736 paucis
1706 2675 1958 2728 amicorum
2014 2696 2023 2739 '.

194 2758 466 2790 convenere.
533 2740 662 2787 Prior
683 2741 848 2786 Prorex
868 2738 1004 2784 verba
1030 2737 1155 2784 facit.
1188 2739 1341 2793 Nihil,
1361 2739 1528 2801 inquit,
1552 2739 1598 2784 in
1624 2739 1857 2799 praesentia
1879 2757 1961 2787 ne·
2006 2767 2028 2779 v

191 2806 524 2859 cessearbitror‚
566 2816 616 2852 ut
647 2817 726 2849 aut
757 2801 966 2866 longiore
985 2800 1206 2855 oratione,
1236 2818 1339 2865 quae
1360 2803 1573 2849 omnibus
1596 2806 1699 2865 plus
1727 2802 1828 2851 satis
1851 2817 1969 2852 nota,
2003 2802 2029 2850 ’Ὺ

192 2872 311 2925 sunt,
348 2871 602 2933 deplorem,
625 2879 706 2914 aut
725 2866 844 2919 mala
865 2881 1240 2919 commemorem,
1269 2882 1373 2928 quae
1394 2883 1450 2913 ex
1475 2866 1683 2914 intestina
1714 2865 1956 2923 discordia,
2004 2880 2028 2920 ze«

193 2936 391 2990 bonave,
415 2949 518 2996 quae
535 2948 592 2979 ex
614 2929 861 2977 concordia
875 2929 1148 2976 redundent.
1195 2930 1389 2979 Utinam
1411 2947 1463 2977 ea
1484 2930 1636 2991 potius
1658 2929 1853 2978 externis
1875 2947 1977 2979 exn
1991 2942 2023 2979 ι’Ι

192 3000 376 3062 ernplis‚
412 2995 552 3060 quam
581 2992 841 3042 domesticis'
857 2993 1182 3055 experimentis
1204 2992 1334 3048 nobis
1360 2996 1546 3058 cognita
1581 2995 1735 3042 ess’ent.
1801 2995 1876 3042 Ad
1899 3011 1956 3043 ea
1995 2997 2029 3071 ᾗ

190 3065 391 3116 veniam,
429 3077 534 3124 quae
563 3060 621 3106 ad
647 3058 831 3106 salutem
859 3056 1066 3104 omnium
1096 3056 1266 3104 civium
1290 3058 1537 3120 pertinent,
1578 3057 1651 3104 sed
1687 3075 1769 3106 nos
1799 3072 1955 3108 tamen
1991 3053 2029 3119 ’ᾗ

190 3126 403 3190 proxime
424 3125 634 3172 omnium
655 3123 903 3185 attingunt.
935 3121 1054 3181 Haec
1073 3121 1327 3174 animorum
1347 3123 1465 3168 inter
1485 3138 1566 3169 nos
1587 3122 1790 3171 diffenfio
1805 3139 1955 3185 quan-
1996 3117 2026 3180 1:22

191 3207 328 3252 quam
349 3204 499 3253 neque
520 3189 578 3234 ab
591 3187 795 3240 avaritia,
816 3201 900 3233 nec
912 3183 1182 3232 dominandi
1203 3184 1398 3232 libidine
1417 3187 1469 3232 fit
1489 3185 1708 3248 profesta,
1731 3185 1805 3232 sed
1825 3185 1954 3249 quod
2007 3190 2020 3234 Ψ

136 3278 138 3280 v
189 3253 238 3299 in
258 3255 429 3299 summa
444 3268 595 3299 rerum
615 3249 984 3303 administranda,
1005 3265 1118 3312 quas
1141 3261 1330 3312 uterque
1349 3251 1544 3296 nostrum
1568 3249 1706 3296 salvas
1726 3249 1811 3297 ess'e
1831 3241 1952 3304 vult,
2003 3243 2026 3307 T}

191 3316 323 3362 aliter
343 3333 431 3378 ego
448 3328 586 3378 atque
608 3327 657 3362 tu
680 3314 867 3362 sentiam
893 3331 906 3361 ς
937 3328 1215 3375 magnopere
1236 3325 1388 3360 tamen
1410 3312 1766 3375 providendum,
1797 3329 1855 3359 ne
1870 3312 1953 3360 iun
1992 3316 2022 3376 'j

188 3381 338 3433 nostra
351 3378 583 3427 discordia.
596 3379 782 3443 publice
802 3393 963 3442 regno.
981 3376 1196 3440 privatim
1214 3375 1517 3439 uobiaastferat
1533 3375 1800 3441 perniciem.
1830 3376 1952 3424 Om-

194 3583 209 3589 “
242 3523 306 3579 (1)
332 3525 463 3574 fleury
480 3526 664 3576 Leighton
684 3525 806 3583 biflxop
824 3525 870 3566 of
881 3499 1100 3574 ’Aberdeem
1113 3526 1183 3565 and
1199 3523 1308 3579 John
1321 3525 1436 3567 tunes
1452 3521 1578 3576 bissiop
1591 3502 1818 3577 osMirmx..

1849 3627 1874 3645 1,

1799 3636 1967 3705 ‘vm
2003 3615 2012 3624 ’
