2068 3868
0 3489 5 3610 ’1
20 3655 24 3659 ,

100 867 195 912 bus
214 865 410 911 fortunae
428 862 657 924 procellis,
679 869 719 908 Sc
739 861 1078 923 tempestatibus
1101 862 1199 909 estis
1223 863 1407 922 objec'ti.

415 125 753 191 LIBER
841 124 1552 190 DU'ODECIMUS.
1739 148 1875 213 349

102 226 331 293 {aeriorum
354 230 612 284 temporum
643 222 817 267 ratione
854 220 1095 269 omittebat
1121 240 1132 269 ε
1162 224 1231 284 (1)
1258 221 1498 269 nobilitate
1536 219 1661 266 enim
1689 222 1874 279 diffisuS,

105 292 262 339 omnia
285 306 363 352 per
384 284 680 333 domesticum
702 284 936 330 consilium
957 287 1246 349 transigebat.
1312 288 1527 332 Proceres
1546 302 1647 330 eam
1670 285 1872 349 indigni-

106 370 245 404 tatem
271 370 361 401 non
384 349 664 396 tolerandam
689 347 860 393 diutius
884 348 986 403 rati,
1019 350 1066 394 in
1091 353 1314 413 templum
1342 351 1412 412 (2)
1453 349 1629 412 oppido
1653 349 1709 394 de
1742 351 1874 397 tertia

106 419 270 471 vigilia
305 418 527 463 coierunt.
596 411 810 460 Concilio
829 411 923 472 jam
959 413 1060 458 satis
1095 415 1322 477 frequenti
1360 416 1430 476 (3)
1474 413 1746 460 Arcibaldus
1770 415 1874 460 Du-

109 470 285 548 glaffius
305 478 516 541 Angusta:
539 477 708 524 Comes
733 476 1035 522 conveniendi
1053 480 1228 525 causam
1250 479 1316 525 ita
1337 478 1575 540 explicasse
1597 477 1780 524 dicitur.

174 546 324 592 XLII.
358 553 391 572 “
425 543 535 588 Non
559 541 751 587 arbitror
770 541 956 594 necesse,
975 540 1062 586 viri
1084 542 1324 595 clarissimi,
1343 557 1391 588 ut
1409 544 1568 589 statum
1593 559 1744 588 rerum
1765 544 1875 589 Sco-

107 610 301 657 ticarum
323 606 530 669 pluribus
553 605 779 652 declarem
816 621 827 649 ε
860 604 1027 666 partim
1046 605 1166 653 enim
1192 607 1273 668 ipfi
1299 607 1582 661 meministis,
1608 607 1773 669 partim
1795 624 1878 653 an-

110 688 156 720 te
182 673 335 719 oculos
358 669 539 717 videtis.
594 668 827 730 Principes
853 668 1107 715 nobilitatis
1131 670 1178 715 in
1197 670 1384 716 exilium
1409 672 1523 732 pulsi
1543 684 1620 718 aut
1641 671 1736 734 pati
1755 671 1878 736 intq-

109 737 411 787 leranda‚aut
445 733 617 780 nefaria
661 733 807 779 facere
844 746 1086 796 coguntur.
1156 735 1252 781 Vos
1275 747 1445 789 autem,
1470 735 1516 781 in
1540 736 1707 800 quibus
1741 752 1880 783 omne

109 801 242 865 regni
260 802 320 846 est
342 798 480 845 robur
502 798 592 844 fine
611 798 760 860 capite
782 797 944 850 relicti,
967 797 1095 843 velut
1131 799 1257 845 navis
1282 800 1372 845 fine
1394 799 1698 862 gubernatore
1728 801 1880 848 omni-

1474 865 1603 928 Ager
1620 867 1765 911 noster
1789 865 1880 911 uri.-

108 943 200 982 tur‚
227 929 418 975 fortunae
439 926 718 988 diripiuntur
736 944 746 971 :
765 926 977 988 agricolae
993 939 1070 972 aut
1087 926 1289 973 caedibus
1307 928 1525 981 exhausti,
1551 942 1629 974 aut
1649 930 1756 992 quia
1778 930 1881 977 nul.

113 994 210 1039 lum
234 995 280 1039 in
299 1004 368 1039 tot
391 990 518 1037 malis
539 990 662 1037 aliud
678 990 957 1053 prospiciunt
975 991 1348 1045 allevamentum,
1369 992 1568 1038 hostibus
1592 994 1754 1040 dediti.
1780 995 1882 1042 Rex

110 1074 236 1109 vero,
262 1058 331 1119 (4)
356 1055 383 1101 si
408 1071 597 1118 compos
631 1056 753 1108 effet,
778 1056 919 1101 homo
943 1060 982 1101 δε
1006 1055 1149 1102 animi
1187 1057 1410 1117 generosi,
1437 1061 1477 1101 δε
1495 1072 1603 1102 rarae
1626 1058 1882 1119 prudentiae

114 1122 246 1168 malis
268 1119 453 1168 venenis
487 1133 795 1183 expugnatae,
829 1135 920 1165 non
944 1119 1001 1164 ad
1036 1129 1275 1181 procerum
1314 1132 1503 1172 coetum,
1528 1121 1602 1168 sed
1638 1124 1694 1168 ad
1720 1124 1883 1170 ‘nfimae

112 1187 240 1233 sortis
264 1185 470 1231 homines
494 1185 550 1231 de
570 1201 697 1245 pace,
723 1184 779 1229 de
800 1183 940 1236 belle,
958 1184 1017 1229 de
1035 1183 1173 1230 salute
1196 1183 1381 1244 publica
1400 1184 1550 1231 refert.
1619 1187 1696 1232 Illi
1718 1187 1884 1235 ariolos

115 1250 376 1302 consulunt,
418 1254 458 1294 δε
486 1249 794 1295 maleficorum
820 1246 1026 1308 responsa
1047 1247 1103 1292 ad
1126 1247 1332 1293 animum
1354 1264 1546 1319 aegrum,
1580 1255 1619 1295 &
1643 1251 1791 1312 pravis
1815 1252 1887 1298 su-

118 1313 459 1378 perstitionibus
482 1325 667 1375 captum
690 1310 911 1358 adhibent
932 1328 944 1357 ε
969 1315 1019 1360 ὃς
1039 1312 1097 1357 de
1121 1312 1317 1358 nostrum
1340 1328 1548 1359 omniurn
1571 1313 1887 1364 incolumitate

44 1424 46 1430 Α
115 1380 299 1426 decreta
320 1378 410 1424 istis
432 1377 694 1424 auctoribus
717 1376 848 1429 fiunt,
873 1373 971 1437 qui,
988 1375 1119 1437 'quod
1137 1374 1350 1423 omnibus
1374 1376 1478 1436 jure
1496 1377 1539 1423 se
1563 1377 1724 1424 invisos
1748 1380 1889 1429 intel-

116 1443 287 1507 ligurit,
319 1459 478 1489 omnes
512 1442 744 1488 oderunt:
798 1455 882 1486 nec
915 1441 1103 1487 vestram
1138 1440 1451 1488 auctoritatem
1491 1441 1781 1500 imminuere,
1815 1444 1890 1493 sed

118 1507 346 1554 universos
369 1506 582 1552 omnibus
607 1504 777 1551 artibus
799 1502 1069 1567 extinguere
1101 1505 1401 1552 contendunt.
1470 1507 1637 1554 Partim
1656 1509 1751 1569 jam
1775 1511 1891 1556 vest-

117 1589 219 1619 rum
243 1583 404 1625 morte,
429 1571 596 1633 partim
615 1570 753 1616 exilio
776 1568 1073 1616 sustulerunt:
1108 1586 1274 1631 neque,
1304 1583 1353 1617 ut
1370 1571 1578 1618 homines
1601 1574 1707 1619 novi
1728 1574 1889 1630 solent,

117 1637 344 1700 gradatim
369 1636 427 1681 ad
447 1635 622 1681 summa
644 1635 852 1680 nituntur
875 1649 886 1678 t
912 1634 986 1680 sed
1005 1634 1053 1680 in
1076 1635 1229 1696 Regio
1250 1634 1465 1698 sanguine
1488 1637 1764 1697 tyrocinium
1786 1655 1891 1686 cru-

119 1700 339 1753 delitatis,
364 1703 414 1749 &
436 1698 636 1745 avaritia:
654 1708 867 1744 exercent
894 1698 1117 1748 :alterum
1152 1699 1177 1746 ὲ
1199 1700 1340 1761 Regis
1371 1699 1583 1748 fratribus
1606 1702 1892 1752 trucidarunt

122 1760 456 1818 immanissime,
497 1764 690 1809 alterum
725 1761 883 1825 patriae
906 1774 1031 1809 metu
1069 1762 1228 1811 mortis
1257 1764 1534 1812 abstulerunt
1559 1784 1569 1812 ε
1606 1769 1656 1814 δε
1690 1768 1890 1816 hostibus

121 1828 282 1876 nostris
305 1828 470 1873 ducem
491 1828 731 1874 dederunt.
780 1825 877 1872 Illis
894 1827 989 1888 jam
1014 1827 1039 1874 ὲ
1062 1828 1216 1874 medio
1237 1828 1439 1883 sublatis,
1463 1830 1650 1892 reliqna?
1676 1832 1890 1880 nobilita-

121 1893 160 1941 ti
181 1892 442 1945 imminent,
469 1896 517 1941 δε
554 1891 641 1937 suae
675 1889 947 1937 humilitatis
980 1891 1146 1938 conscii
1169 1892 1286 1938 nihil
1308 1892 1529 1948 eminen5‚
1565 1908 1644 1940 aut
1665 1892 1891 1945 excelsum

122 1957 340 2020 superesse
362 1957 539 2002 volunt.
609 1955 887 2017 Qicunque
906 1956 1076 2002 habent
1098 1970 1176 2002 aut
1193 1956 1376 2003 divitias
1398 1958 1455 2003 ad
1474 1974 1630 2004 eorum
1654 1961 1893 2008 avaritiam

122 2020 416 2084 explendam,
442 2031 520 2066 aut
542 2019 794 2081 potentiam
817 2019 874 2064 ad
893 2020 1093 2067 audaciae
1116 2022 1423 2077 resistendum,
1448 2023 1570 2068 hunc
1588 2041 1672 2086 pro
1694 2026 1818 2072 hoste
1840 2028 1896 2073 fi..

122 2086 174 2132 bi
196 2096 469 2131 numerant:
505 2090 545 2130 δε
570 2100 650 2130 nos
669 2083 844 2130 interea
861 2085 998 2130 castra
1017 2085 1228 2132 adversus
1247 2087 1425 2148 Anglos
1445 2087 1681 2145 habemus,
1708 2102 1757 2137 ut
1777 2091 1895 2141 hosti

124 2150 315 2213 publico
331 2148 577 2195 refistamus
599 2166 611 2195 t
643 2161 860 2210 tanquam
884 2148 1003 2195 ullus
1021 2150 1074 2196 fit
1095 2150 1229 2196 hostis
1251 2151 1490 2213 capitalior
1506 2169 1579 2206 eo,
1603 2154 1684 2216 qui
1706 2171 1790 2202 nec
1811 2156 1895 2203 bo-

112 2231 195 2274 =n1s
219 2213 369 2260 vestris
390 2213 710 2275 cupiditatem,
730 2229 815 2259 nec
838 2213 1053 2277 sanguine
1074 2214 1391 2262 crudelitatem
1411 2216 1595 2279 explere
1617 2222 1775 2280 potest.

192 2279 368 2325 XLIII.
415 2285 448 2305 ‘⁶
474 2279 544 2325 Ut
559 2315 561 2318 ⁴
578 2291 730 2325 autem
751 2277 1037 2341 intelligatis,
1061 2277 1201 2341 quam
1220 2279 1320 2326 haec
1341 2282 1474 2343 pestis
1493 2281 1700 2329 intestina
1718 2283 1892 2342 saevior,

126 2342 268 2405 quam
290 2343 370 2389 illa
402 2354 586 2389 externa
620 2343 689 2398 fit,
714 2342 873 2406 fingite
888 2342 1104 2406 ‘Anglum
1128 2345 1276 2406 (quod
1297 2345 1425 2391 Deus
1447 2349 1639 2406 avertat)
1674 2348 1895 2398 victorem

125 2419 332 2453 veterum
354 2407 624 2454 offensarum
647 2423 916 2460 memorem,
940 2411 989 2456 δε
1012 2406 1233 2455 felicitate
1255 2408 1465 2471 praesenti
1485 2411 1671 2458 elatum.
1742 2416 1896 2478 Qem

114 2473 314 2518 tandem
332 2471 542 2517 odiorum
566 2472 746 2518 suorum
780 2471 934 2525 finem,
960 2485 1037 2518 aut
1058 2474 1184 2535 quod
1206 2473 1444 2535 praemium
1467 2475 1852 2527 victoriae'statuet
1876 2485 1892 2527 ?

127 2536 326 2601 Regisne
347 2535 525 2582 inimici
557 2549 770 2590 mortem,
806 2552 862 2581 an
883 2537 1106 2582 vestram?
1142 2553 1232 2600 ego
1269 2538 1392 2585 certe
1429 2552 1641 2587 neutrum
1671 2543 1898 2594 existimo-

111 2600 244 2647 vNon
267 2599 393 2646 enim
416 2601 474 2646 de
496 2600 609 2655 vita,
632 2600 706 2646 sed
727 2600 892 2663 gloria,
918 2600 1188 2662 &imperio
1208 2602 1342 2649 nobis
1364 2604 1424 2649 est
1446 2617 1674 2653 certamen
1701 2625 1710 2654 :
1745 2614 1786 2655 &
1812 2627 1898 2673 ge-

132 2665 316 2728 nerosus
335 2664 531 2720 animuS,
553 2677 602 2711 ut
624 2665 830 2712 adversus
848 2665 1095 2722 resistentes
1114 2665 1359 2715 vehemens
1377 2670 1454 2724 est,
1479 2677 1518 2717 &
1541 2673 1812 2729 concitatus,
1835 2675 1900 2723 ita

186 2793 249 2844 (Ι)
277 2795 486 2833 Nobilitate
505 2793 656 2834 diffisus.
686 2795 780 2835 Caes.
804 2796 886 2833 Bel.
903 2796 990 2835 Civ-

138 2861 175 2887 1.
199 2861 260 2886 12.
289 2849 440 2886 Diffisus
458 2851 641 2900 muncipii
665 2851 870 2887 voluntate.

187 2901 251 2951 (2)
279 2903 368 2940 MS.
389 2903 541 2953 Oppidi.

189 2956 254 3005 (3)
284 2957 429 3003 George
444 2956 506 2992 son
524 2965 562 2994 to
576 2955 753 2994 William
769 2957 843 2994 earl
858 2956 903 2994 of
912 2958 991 2994 Du-

135 3008 228 3056 glass
250 3008 314 3058 (by
342 3009 532 3057 Margaret
566 3010 723 3047 Stewart
752 3009 914 3047 heretrix
956 3010 1002 3047 of

117 3080 119 3083 ·
136 3062 289 3109 Angus)
309 3075 383 3099 was
401 3062 476 3099 first
507 3062 551 3099 of
569 3062 652 3100 that
681 3062 837 3100 firname
857 3064 935 3100 earl
955 3064 1001 3100 of

72 3117 77 3122 '
120 3118 273 3162 ‚Angus
292 3128 304 3162 3
333 3126 372 3151 2.
392 3114 569 3154 william
588 3115 648 3152 his
666 3115 728 3152 son
746 3130 760 3164 ;
790 3130 826 3166 3.
848 3118 995 3164 George

137 3166 200 3204 his
229 3166 322 3214 son3
349 3178 388 3214 4·
420 3166 497 3203 this
515 3167 708 3205 Archbald
746 3169 822 3206 first
847 3170 893 3206 of
911 3170 995 3206 that

139 3231 267 3263 name,
287 3218 463 3255 firnamed
479 3219 538 3256 for
554 3220 788 3271 dis’tintst-ion,³
802 3218 994 3265 Archbald

140 3269 422 3316 Bell-the-Cat,
443 3284 541 3320 upon
572 3271 649 3308 this
682 3273 846 3310 occaszon
867 3288 885 3315 z,
907 3275 996 3311 The

140 3323 302 3372 nobility
320 3323 406 3360 thus
434 3323 631 3361 assembled
657 3324 695 3361 in
713 3325 1002 3372 Lawtier-kirk,

144 3379 218 3416 and
235 3376 443 3424 consulting
468 3376 556 3414 how
573 3385 612 3413 to
638 3377 727 3414 curb
742 3377 808 3414 the
836 3378 1009 3428 perverse⁷

143 3429 322 3467 courtiers
349 3429 436 3466 who
463 3429 663 3477 misguided
693 3428 758 3466 the
787 3430 894 3478 king,
926 3444 998 3469 one

149 3482 294 3520 ffi‹›wed
313 3482 377 3519 the
389 3482 569 3532 difficulty
582 3484 626 3520 of
637 3481 702 3533 the
713 3491 848 3521 matter
866 3486 910 3534 by
922 3483 998 3521 this

149 3535 297 3583 pai-able
315 3549 326 3575 ε
358 3533 421 3572 the
440 3544 512 3574 rats
530 3538 597 3573 and
617 3536 714 3573 mice
738 3550 836 3586 upon
867 3551 887 3574 a
905 3538 1000 3576 time

145 3587 259 3648 being
276 3589 352 3630 sore
369 3589 514 3641 grieved
532 3597 570 3633 at
588 3589 652 3633 the
670 3599 770 3642 great
784 3589 894 3632 harm
906 3594 1002 3634 done

1045 2805 1084 2835 to
1102 2796 1202 2836 their
1215 2801 1532 2839 commonwealth
1554 2802 1598 2851 by
1617 2802 1682 2839 the
1695 2811 1784 2849 cats,
1804 2804 1898 2842 deli-

1046 2851 1215 2900 berating
1232 2867 1331 2903 upon
1356 2855 1421 2891 the
1441 2864 1590 2900 matter,
1622 2856 1737 2892 found
1769 2857 1844 2894 this
1860 2865 1901 2896 to

1047 2904 1090 2943 be
1109 2904 1171 2941 the
1191 2906 1266 2944 best
1283 2910 1444 2957 remedy,
1465 2908 1511 2957 by
1528 2909 1683 2945 maniest
1698 2917 1796 2946 votes
1814 2909 1900 2948 that

1045 2966 1085 2995 to
1103 2972 1210 3008 every
1228 2961 1318 2998 cat's
1336 2963 1435 2998 neck
1447 2974 1470 2999 a
1483 2962 1554 2999 bell
1575 2961 1701 2998 should
1721 2962 1762 2998 be
1780 2962 1900 3012 hung,

1051 3011 1224 3062 whereby
1243 3014 1330 3063 they
1348 3014 1472 3062 might
1504 3013 1546 3050 be
1566 3014 1764 3052 advertised
1783 3015 1828 3052 of
1841 3016 1904 3054 his

1049 3066 1244 3114 approach,
1263 3068 1334 3103 and
1352 3067 1388 3103 so
1406 3066 1541 3114 escape.
1590 3068 1609 3102 I
1626 3076 1745 3114 grant,
1764 3067 1837 3105 said
1855 3083 1902 3107 an

1048 3119 1109 3154 old
1127 3128 1195 3163 rat,
1214 3119 1298 3155 that
1316 3132 1412 3156 were
1441 3120 1528 3163 best,
1548 3117 1584 3155 if
1597 3119 1628 3156 it
1656 3122 1764 3157 could
1782 3122 1825 3159 be
1844 3123 1902 3161 ef-

1048 3170 1197 3218 fected3
1219 3171 1486 3208 butwhofhall
1507 3185 1628 3208 BELL
1653 3186 1747 3210 THE
1766 3179 1902 3214 cAT?

1048 3222 1331 3261 EarlArchbald
1344 3223 1498 3272 hearing
1509 3224 1574 3260 the
1590 3227 1736 3274 parable
1746 3228 1904 3266 answer-

1049 3277 1093 3311 ed
1130 3274 1240 3324 sadly,
1261 3278 1281 3312 I
1309 3290 1460 3314 sHALt.
1496 3290 1616 3315 BELL
1657 3293 1751 3317 THE
1785 3294 1903 3329 cAT,

1050 3327 1227 3376 meaning
1255 3329 1441 3376 Cochran,
1460 3329 1525 3367 the
1545 3340 1645 3378 great
1664 3335 1733 3370 and
1753 3335 1906 3373 terrible

1052 3379 1214 3439 minion,
1232 3382 1361 3420 which
1379 3382 1429 3421 he
1446 3384 1506 3420 did
1525 3385 1758 3437 accordingly
1775 3398 1812 3425 at
1828 3387 1906 3427 thi³

1050 3440 1158 3471 time.

1107 3484 1170 3536 (4)
1199 3488 1246 3525 M
1259 3488 1297 3526 S.
1330 3488 1368 3527 si
1388 3489 1440 3528 sui
1459 3503 1606 3541 compos
1627 3507 1636 3534 ε
1667 3494 1734 3535 but
1750 3493 1907 3545 suimay

1039 3540 1098 3589 ,he
1113 3539 1334 3594 elliptically
1352 3545 1578 3589 understood.

1814 3667 1916 3717 pre.
