2053 3822
503 149 829 219 L1BER
924 145 1433 232 Decimus.
1723 175 1850 239 271

90 254 276 306 tensum
294 250 383 301 fuit
403 269 414 299 ε
447 265 601 299 arcem
620 264 711 298 non
730 248 832 298 sunt
852 251 1056 325 aggi-effi,
1080 251 1209 317 quod
1230 251 1293 300 ab
1309 249 1523 298 omnibus
1542 250 1676 299 rebus
1698 255 1757 302 ad
1774 271 1858 320 op,

88 313 696 387 pugnationem'neceffariis
723 313 936 376 imparati
958 328 1194 365 venerant.
1306 370 1309 372 ,

156 385 338 437 XVIII.
352 382 508 431 Altero
525 391 640 426 vero
655 379 752 441 post
774 394 911 434 anno,
924 381 1003 442 qui
1022 380 1110 428 fuit
1132 379 1160 427 ἐι
1176 379 1356 429 Christo
1373 395 1509 445 1411,
1523 379 1765 429 Donaldus
1783 384 1862 430 In·

91 449 273 497 sulanus
292 444 583 495 AEbudarum
601 441 819 490 dominus
839 458 946 490 cum
964 445 1160 492 Rossiam
1188 447 1258 508 (1)
1267 443 1381 507 juris
1402 445 1635 494 calumnia
1657 463 1737 509 per
1756 447 1858 493 Gu-

90 507 484 569 bernatoremfibi
505 508 864 562 ablatam‚velut
885 508 1122 570 proximus
1140 509 1282 556 haeres
1310 509 1399 572 (uti
1416 512 1530 571 erat)
1550 522 1792 574 repeteret,
1808 525 1860 558 ae

87 578 205 631 nihil
222 573 343 636 aequi
363 573 646 636 impetraret,
666 570 872 619 collee'tis
896 572 1204 620 insulanorum
1228 574 1386 622 decem
1410 575 1612 623 millibus
1634 574 1681 622 in
1706 575 1855 622 conti-

24 644 29 646 ’
86 652 271 691 nentem
291 636 547 686 descendit:
572 654 626 684 ae
643 636 840 684 Roffiam
859 636 997 682 facile
1019 638 1284 699 occupavit,
1302 638 1478 687 cunetis
1499 639 1697 687 libenter
1713 639 1861 700 adju-

87 705 140 752 sti
156 701 334 750 domini
347 703 593 764 imperium
614 701 927 748 redeuntibus.
956 701 1044 747 Sed
1062 718 1114 748 ea
1133 703 1443 751 Roffianorum
1462 705 1649 768 parendi
1665 703 1859 756 facilitas

86 769 291 816 animum
317 767 486 831 praedae
510 766 698 813 avidum
728 766 785 811 ad
816 764 989 826 majora
1017 765 1228 812 audenda
1251 766 1453 831 impulit.
1521 769 1576 815 ln
1603 769 1862 816 Moraviam

88 831 357 895 trangressus
379 847 479 879 eam
499 831 708 895 praesidio
725 830 982 877 destitutam
1002 830 1147 878 statim
1167 830 1216 876 in
1239 831 1360 878 suam
1380 833 1643 895 potestatem
1662 833 1855 896 redegit.

88 895 273 944 Deinde
285 895 476 959 Bogiam
494 894 833 959 praedabundus
852 894 1056 941 transivit
1077 913 1088 942 :
1111 894 1253 955 &jam
1273 895 1552 944 Abredoniae
1571 897 1858 944 imminebat.

89 960 317 1012 Adversus
351 964 475 1007 hunc
501 960 720 1014 subitum,
740 965 780 1006 &
807 960 1149 1021 inexpeElatum
1176 959 1348 1008 hostem
1376 961 1671 1008 Gubernator
1702 962 1860 1025 copias

87 1024 278 1090 parabat
301 1043 312 1072 :
339 1023 416 1072 sed
437 1041 542 1071 cum
566 1024 854 1088 magnitudo,
871 1029 910 1072 δε
930 1024 1251 1087 propinquitas
1270 1024 1466 1087 periculi
1486 1025 1657 1073 auxilia
1674 1026 1859 1090 longin-

89 1108 182 1154 qua
201 1091 439 1152 expeiiare
465 1107 557 1137 nou
591 1090 767 1143 flueret,
792 1089 1056 1136 Alexander
1078 1087 1262 1135 Marriae
1287 1090 1455 1135 Comes
1478 1105 1535 1135 ex
1559 1092 1630 1152 (z)
1656 1091 1862 1137 Alexan-

90 1157 173 1202 dro
212 1154 546 1203 Gubernatoris
577 1154 712 1201 fratre
735 1154 915 1217 genitus
938 1169 1043 1199 cum
1068 1164 1163 1199 tota
1185 1151 1328 1199 ferme
1351 1151 1593 1201 nobilitate
1615 1169 1736 1202 trans
1761 1156 1863 1203 Ta·-

92 1236 170 1266 um
194 1220 252 1266 ad
275 1219 500 1267 Harlaum
517 1218 672 1274 vicum
695 1217 737 1265 ei
761 1217 1009 1278 seobjecit.
1066 1216 1140 1263 Fit
1162 1216 1371 1278 praelium
1394 1217 1513 1264 inter
1533 1235 1677 1280 pauca
1699 1235 1861 1267 cruen-

91 1297 210 1339 tum,
227 1290 267 1331 &
283 1284 579 1331 memorabile
597 1302 608 1330 z
634 1282 862 1330 nobilium
883 1281 1124 1328 hominum
1148 1281 1315 1327 virtute
1339 1282 1394 1328 de
1411 1282 1625 1330 omnibus
1647 1283 1858 1338 fortunis,

91 1350 242 1412 deque
262 1348 410 1411 gloria
429 1348 637 1395 adversus
659 1349 906 1394 immanem
928 1345 1155 1392 feritatem
1177 1347 1454 1394 decertante.
1510 1347 1621 1393 Nox
1642 1364 1718 1394 eos
1741 1348 1862 1394 dire·-

93 1414 178 1460 mit
199 1412 346 1477 magis
368 1413 618 1478 pugnando
640 1413 786 1467 lassos,
802 1410 943 1475 quam
966 1410 1014 1458 in
1034 1410 1417 1472 alterampartem
1437 1427 1483 1457 re
1504 1410 1737 1466 inclinata,
1755 1412 1861 1458 ade<

94 1481 215 1541 6que
248 1479 445 1525 incertus
470 1477 557 1524 fuit
593 1478 688 1539 ejus
714 1493 881 1539 pugnae
912 1475 1077 1528 exitus,
1106 1486 1154 1521 ut
1177 1477 1359 1538 utrique
1390 1491 1496 1522 cum
1528 1477 1858 1530 recensuissent,

94 1549 209 1607 quos
231 1542 350 1589 viros
372 1542 626 1597 amisissent,
646 1540 734 1588 sese
751 1537 840 1605 ¹pro
878 1538 1008 1586 vistis
1030 1537 1256 1602 gefferint.
1328 1541 1437 1587 Hoc
1469 1540 1588 1587 enirn
1614 1540 1773 1603 praelio
1794 1553 1863 1587 tot

94 1607 303 1654 homines
326 1624 510 1670 genere,
531 1607 756 1669 -fafflsque
780 1607 888 1652 clari
912 1605 1150 1651 desiderati
1175 1604 1291 1658 sunt,
1316 1617 1432 1666 quot
1460 1606 1539 1651 vix
1563 1607 1680 1651 ullus
1702 1606 1863 1652 adver·

97 1673 166 1719 sus
189 1684 366 1718 exteros
390 1672 629 1718 conflistus
654 1687 736 1733 per
758 1674 926 1716 multos
945 1684 1088 1715 annos
1106 1668 1388 1730 absumpsisse
1411 1681 1701 1716 memoratur.
1769 1671 1861 1716 Ita-

96 1753 187 1799 que
217 1735 343 1790 vicus
369 1749 472 1782 ante
495 1734 711 1781 obscurus
744 1750 800 1780 ex
821 1749 878 1780 eo
900 1733 957 1779 ad
991 1732 1295 1794 posteritatem
1319 1733 1587 1780 nobilitatus
1610 1735 1686 1781 est.
1754 1735 1865 1780 Hoc

97 1816 285 1863 quoque
306 1815 425 1845 anno
440 1800 510 1860 (3)
529 1799 725 1861 publicae
748 1797 911 1844 scholae
935 1798 991 1844 ad
1008 1798 1183 1844 Fanum
1200 1797 1395 1844 Andreae
1418 1798 1584 1860 aperiri
1605 1811 1861 1861 coeperunt,

100 1865 250 1926 magis
272 1863 513 1910 hominum
535 1864 772 1909 dozStorum
792 1861 1004 1909 consensu
1023 1863 1079 1908 ad
1103 1860 1417 1923 professionem
1438 1863 1669 1914 literarum
1692 1863 1733 1910 se
1750 1864 1865 1910 offe·

99 1930 315 1983 rentium,
336 1927 474 1990 quam
501 1929 594 1974 ullo
617 1927 821 1990 publico,
843 1939 922 1972 aut
944 1926 1120 1987 privato
1154 1927 1398 1972 accedente
1421 1926 1607 1974 auxilio.

164 1993 293 2038 XIX.
329 1992 555 2038 Proximis
577 1993 736 2038 decem
756 1990 884 2037 annis
907 1990 1025 2037 nihil
1051 1990 1143 2042 fere
1166 1989 1386 2037 memoria
1404 1991 1597 2054 dignum
1618 1991 1737 2038 inter
1756 1992 1865 2039 Sco-

100 2070 189 2110 tOS,
214 2062 256 2103 δε
276 2056 454 2119 Anglos
478 2058 537 2102 est
558 2057 730 2119 gestum
757 2073 768 2100 ι
803 2055 890 2101 five
908 2053 1105 2101 induciae
1126 2053 1174 2101 in
1196 2053 1326 2100 causa
1348 2055 1535 2109 fuerint,
1560 2057 1686 2119 quod
1711 2068 1864 2103 tamen

100 2122 129 2170 ὲ
151 2120 332 2168 nemine
361 2119 598 2184 proditum
628 2120 847 2167 invenio:
883 2119 970 2166 five
1005 2119 1214 2166 Heni-ico
1247 2126 1412 2182 quarto
1442 2121 1495 2167 ad
1527 2135 1544 2168 1
1564 2137 1606 2168 2.
1637 2121 1864 2167 Calendas

67 2207 70 2224 2
100 2185 274 2251 Aprilis
297 2197 498 2239 mortuo,
518 2191 556 2232 δε
581 2186 676 2231 filio
699 2184 906 2232 Henrico
929 2182 1092 2247 quinto
1126 2183 1271 2229 statim
1294 2183 1550 2240 substituto,
1580 2201 1662 2248 per
1679 2197 1866 2232 omnem

101 2251 324 2312 reliquam
348 2250 490 2296 vitam
508 2249 556 2296 in
590 2266 660 2296 res
680 2248 887 2297 Gallicas
905 2248 1102 2303 intento,
1130 2247 1272 2311 Angli
1294 2248 1352 2295 ab
1385 2248 1555 2311 injuria
1583 2249 1729 2297 Scotis
1748 2249 1868 2296 infe-

56 2320 57 2323 ’
100 2316 242 2363 tenda
262 2313 582 2378 abstinuerint:
610 2315 697 2362 sive
718 2314 1014 2360 Gubernator
1036 2314 1278 2360 Scotorum
1300 2313 1417 2360 nihil
1440 2330 1622 2361 movere
1644 2313 1698 2361 sit
1718 2312 1867 2369 ausus,

97 2392 227 2427 ‘metu
249 2396 306 2426 ne
331 2380 434 2426 Rex
465 2379 648 2443 Angliae
670 2395 827 2426 verum
859 2377 1029 2425 Scotici
1057 2376 1190 2441 regni
1211 2376 1441 2425 haeredem
1470 2377 1722 2426 remitteret
1747 2396 1760 2425 ε
1794 2378 1872 2425 cui

102 2461 196 2492 non
218 2443 459 2491 dubitabat
480 2460 536 2490 ex
558 2442 949 2491 commiseratione
968 2442 1164 2491 fortunae
1184 2445 1382 2505 gratiam
1409 2443 1534 2506 apud
1553 2443 1654 2491 suos
1676 2459 1769 2490 non
1789 2443 1873 2490 de-

18 2515 44 2566 „⁸
102 2508 324 2555 futuram.
390 2509 542 2572 Igitur
568 2509 599 2555 fi
621 2525 724 2572 quae
755 2508 940 2555 fuerunt
961 2523 1014 2554 ea
1041 2506 1304 2569 tempestate
1325 2509 1608 2555 excursiones
1630 2507 1780 2563 fae'tae,
1802 2507 1874 2554 la-

36 2626 40 2630 ,
101 2573 318 2627 trocinio‚
340 2573 482 2637 quam
504 2573 643 2620 bello·
653 2573 889 2637 propiores
910 2583 1054 2619 erant.
1121 2571 1248 2618 Nam
1271 2575 1312 2618 &
1342 2572 1599 2620 Pennerum
1620 2572 1670 2620 in
1701 2571 1876 2636 Anglia

27 2662 33 2666 -
64 2667 69 2671 ,
105 2655 187 2700 per
203 2639 501 2685 Ar‘cibaldum
524 2638 829 2701 Duglafiium,
845 2641 894 2687 δί
911 2635 1240 2684 Drumfrifium
1263 2637 1318 2682 in·
1334 2637 1487 2684 Scotia
1507 2653 1588 2701 per
1607 2637 1787 2701 Anglos
1811 2637 1874 2683 est

104 2716 355 2750 crematum
380 2720 392 2750 ε
419 2708 466 2752 8:
488 2703 764 2766 permutatio
782 2701 1066 2764 captivorum
1086 2700 1147 2748 est
1165 2699 1299 2756 fafta,
1314 2701 1495 2758 reddito
1514 2701 1662 2752 Scotis
1679 2701 1872 2749 Morda-

107 2780 163 2815 eo
186 2765 519 2825 Gubernatoris
543 2767 656 2822 filio,
680 2766 762 2832 qui
795 2768 853 2814 ad
878 2763 1215 2814 Hamildonum
1240 2777 1400 2829 captus
1436 2765 1600 2822 fuerat,
1625 2772 1667 2815 δι
1702 2765 1872 2830 Anglis
1936 2793 1945 2814 ι

163 2887 228 2938 (1)
255 2887 292 2933 It
309 2887 487 2936 belonged
505 2895 543 2925 to
560 2885 637 2923 this
661 2886 809 2927 Donald
828 2886 873 2936 by
902 2884 961 2923 his
1018 2883 1139 2923 served
1157 2880 1316 2923 himself
1327 2885 1403 2923 earl
1420 2884 1467 2923 of
1477 2885 1579 2933 Mar,
1610 2885 1676 2924 but
1703 2897 1777 2922 was
1806 2892 1875 2934 put

108 2939 227 2978 wife:
256 2940 321 2978 the
337 2937 518 2989 governor
547 2939 656 2989 being
685 2940 754 2980 her
777 2939 960 2977 mother’s
1019 2939 1064 2987 by
1092 2937 1157 2975 the
1187 2937 1286 2975 same
1329 2939 1375 2988 by
1397 2938 1493 2986 king
1520 2940 1647 2990 James
1667 2939 1700 2975 1.
1740 2939 1811 2975 and
1832 2937 1878 2977 'so

109 2993 246 3038 father,
277 2993 404 3031 caused
421 2993 490 3030 her
509 2995 644 3042 restore
656 2994 721 3031 the
743 2995 907 3031 earldom
925 2991 971 3030 of
1019 2990 1220 3028 continued
1254 2993 1313 3029 ω’
1327 2991 1395 3028 the
1427 2993 1512 3040 days
1539 2992 1585 3029 of
1611 3003 1730 3040 queen
1749 2990 1876 3041 Mary.

109 3047 203 3085 Ross
222 3047 279 3093 for
296 3059 316 3083 a
334 3059 418 3083 new
429 3043 648 3086 infeftment
677 3056 716 3084 to
740 3046 883 3084 herself
895 3047 967 3084 and
1020 3043 1120 3082 This
1136 3045 1307 3082 Thomas
1325 3044 1405 3082 lord
1418 3041 1573 3082 Erlkine
1592 3055 1665 3082 was
1679 3042 1879 3081 descended

109 3099 180 3136 her
198 3098 466 3148 heirs‚vwhicht
477 3099 666 3148 failing,to
681 3097 786 3152 John
804 3101 964 3137 Stewart
1016 3097 1061 3136 of
1074 3098 1201 3134 Helen
1218 3096 1322 3142 Mar,
1350 3096 1531 3144 daughter
1557 3105 1598 3135 to
1616 3097 1783 3147 Gratney
1800 3096 1879 3135 earl

107 3152 186 3190 carl
209 3151 254 3191 of
282 3151 437 3192 But-han
466 3151 526 3190 his
548 3151 680 3191 second
697 3152 760 3190 son
780 3166 794 3203 3
829 3152 966 3200 lhortly
1014 3149 1062 3196 ,of
1077 3149 1178 3198 Mar.
1234 3158 1237 3159 ’

29 3239 32 3245 ,
112 3203 317 3242 thereafter
341 3204 400 3242 {he
417 3203 514 3258 died,
548 3204 615 3242 the
647 3218 827 3253 governor
856 3204 967 3253 being
1074 3202 1136 3253 (3)
1171 3200 1261 3239 The
1285 3200 1486 3251 univerfity
1509 3202 1555 3240 of
1579 3202 1634 3240 St.
1664 3201 1880 3250 A·ndrew's,-

3 3270 6 3272 ’
22 3286 24 3290 ,
111 3257 186 3296 evil
207 3254 389 3306 suspei’ted
407 3268 445 3295 as
462 3257 528 3299 the
545 3257 648 3302 cause
666 3257 825 3295 thereof.
1021 3255 1142 3302 begun
1160 3254 1200 3292 in
1217 3255 1302 3291 that
1320 3255 1438 3304 place,
1457 3255 1587 3294 which
1604 3256 1639 3295 is
1655 3269 1741 3295 now
1759 3257 1880 3295 called

29 3311 40 3323 ““’
106 3310 109 3313 ’
168 3310 230 3361 (2)
257 3311 418 3348 Natural
436 3309 496 3346 son
526 3318 565 3347 to
584 3310 716 3347 Alexr.
746 3311 822 3351 earl
834 3309 880 3347 of
893 3309 970 3347 Bu·
1023 3307 1091 3345 the
1108 3320 1191 3344 new
1219 3308 1390 3355 college:
1432 3309 1557 3358 bilhop
1583 3309 1768 3359 Kennedy
1786 3309 1885 3348 built

41 3411 44 3414 Δ
113 3363 226 3410 chan,
258 3363 306 3401 he
326 3362 483 3400 married
502 3362 622 3399 Dame
653 3361 768 3399 Isabel
800 3362 970 3410 Duglass,
1024 3359 1091 3397 the
1109 3359 1170 3396 old
1199 3360 1340 3407 college
1363 3358 1405 3398 in
1432 3360 1498 3399 the
1526 3362 1594 3400 last
1617 3363 1703 3412 days
1718 3362 1765 3401 of
1787 3362 1885 3411 king

117 3417 298 3465 daughter
315 3425 354 3453 to
372 3415 549 3453 william
584 3415 658 3451 first
689 3416 763 3451 earl
798 3414 843 3453 of
866 3415 972 3461 Dug-
1023 3413 1154 3465 James
1171 3411 1236 3450 the
1255 3414 1317 3450 2d.
1339 3412 1448 3451 Prior
1465 3414 1568 3466 John
1586 3414 1768 3466 Hepburn
1787 3415 1886 3453 built

117 3468 199 3515 lass,
222 3470 395 3517 begotten
415 3481 513 3520 upon
532 3468 721 3514 Margaret
738 3467 840 3514 Mar,
859 3466 967 3504 here·
1023 3468 1080 3502 St.
1112 3465 1297 3503 Leonards
1331 3464 1373 3503 in
1408 3466 1474 3504 the
1505 3469 1573 3506 last
1606 3471 1692 3519 days
1720 3469 1765 3506 of
1787 3468 1885 3515 king

47 3541 62 3558 -,
110 3522 192 3558 vtrix
210 3523 255 3560 of
273 3522 357 3559 that
370 3523 532 3559 earldom
550 3535 562 3569 ;
579 3521 648 3570 but
661 3520 708 3557 he
723 3520 794 3557 had
808 3533 856 3558 no
870 3519 970 3557 chil-
1022 3519 1150 3571 James
1167 3530 1206 3566 4.
1227 3518 1316 3556 The
1326 3529 1411 3561 new,
1422 3521 1563 3569 college
1577 3535 1652 3559 was
1669 3521 1882 3562 afterwards

57 3592 104 3632 ”q
116 3576 206 3612 :iren
224 3589 239 3627 5
256 3574 483 3626 where-upon
510 3574 681 3612 Thomas
711 3574 791 3611 lord
815 3568 973 3612 Erlkine
1025 3571 1196 3620 enlarged
1217 3571 1262 3623 by
1279 3571 1404 3624 bishop
1423 3573 1550 3626 James
1569 3574 1724 3622 Beaton,

1807 3675 1894 3735 Pe,
1949 3687 1953 3691 ’
