2055 3828
159 127 301 214 285'
468 151 822 214 Renum
913 144 1597 218 Scor-minum

156 261 309 302 cutus,
332 263 389 294 ex
405 253 463 294 eo
481 246 604 293 bello
622 260 733 298 rem,
758 249 798 288 Sc
821 241 1002 289 laudem
1026 243 1184 295 retulit
1208 265 1219 292 ε
1247 247 1317 308 (1)
1341 245 1571 310 opulentis
1592 246 1728 298 etiam
1747 235 1921 316 nuptiis

158 311 210 360 in
233 310 484 367 Hollandia
509 311 781 355 Batavorum
798 305 942 353 insula
959 310 1112 355 anetus
1136 309 1211 355 est.
1282 310 1371 357 Sed
1391 325 1496 357 cum
1521 313 1747 376 peregrini
1766 316 1915 366 homi-

158 375 232 423 nis
252 374 495 438 imperium
520 369 675 418 Batavi
715 386 806 417 non
829 369 1015 427 ferrent,
1058 371 1166 419 inde
1203 373 1401 421 reversus
1425 375 1602 422 classem
1640 382 1922 440 comparavit

158 438 337 504 ingenti
356 437 541 502 quidem
564 435 762 497 sumptu,
786 449 869 481 nec
907 452 1077 499 magno
1102 448 1254 486 tamen
1291 438 1622 495 emolumento,
1639 452 1688 487 ut
1707 441 1918 490 adversus

158 503 376 550 ‘homines
420 498 710 547 terrestribus.
751 504 791 548 δι
821 497 1058 548 navalibus
1093 501 1239 565 copiis
1274 501 1640 552 instruaiffimos.
1707 505 1921 555 Tandem

158 565 438 614 numerosam
463 579 619 610 eorum
645 564 822 610 claffem
845 563 1066 612 Dantisco
1100 566 1365 614 redeuntem
1400 567 1603 623 adortus,
1620 570 1674 616 ea
1693 581 1842 633 capta,
1872 574 1925 620 δε

160 631 368 694 spoliata,
392 627 539 675 nautis
559 629 694 682 caelis,
713 643 770 674 ac
793 628 983 676 navibus
1005 628 1242 686 succenfis,
1276 632 1493 679 damnum
1526 638 1777 694 accaeptum
1807 633 1922 682 hosti

165 694 410 754 multiplex
433 691 635 742 reddidit
668 711 677 738 ε
705 705 842 765 atque
863 692 928 739 ita
950 691 1164 742 ferociam
1182 710 1340 742 eorum
1359 694 1512 760 fregit,
1552 708 1599 743 ct
1635 710 1817 753 centum
1841 715 1923 746 an-

158 774 319 805 norum
341 755 543 803 inducia:
568 756 849 818 postularint,
877 761 916 804 δε
939 759 1224 820 accaeperint.
1264 761 1391 813 luem
1429 776 1615 824 quoque
1627 776 1814 825 gregem
1838 778 1924 810 no-

160 822 318 868 bilium
341 837 561 884 equarum
585 820 609 867 ὲ
628 820 862 868 Pannonia
883 821 1023 884 uffiue
1045 824 1366 872 adducendum
1393 822 1440 870 in
1460 825 1661 873 Scotiam
1679 825 1850 872 curavit
1907 843 1923 873 ι

155 886 285 946 cujus
310 885 484 932 soboles
506 885 553 930 in
589 885 756 932 multos
796 885 893 949 post
919 903 1072 934 ‘annos
1091 887 1287 934 duravit.
1356 888 1444 936 His
1480 888 1625 952 igitur
1661 888 1924 938 Comitibus

156 950 296 1014 longe
314 949 535 996 ditiffimis
562 949 651 995 fine
672 951 802 1012 prole
824 950 1049 997 defunctis
1072 951 1324 1007 Buchania,
1350 957 1389 1000 δι
1414 952 1587 1000 Mart-ia
1603 969 1759 1001 eorum
1782 955 1924 1017 patri-

155 1015 312 1061 monia
333 1016 389 1061 ad
413 1015 589 1078 Regem
608 1011 709 1072 jure
747 1030 1053 1077 pervenerunt
1077 1034 1089 1063 :
1131 1015 1196 1063 ita
1218 1011 1371 1071 trium,
1398 1016 1476 1079 qui
1502 1018 1707 1064 Roberto
1729 1018 1925 1065 secundo

123 1108 125 1110 -
154 1079 275 1143 Regi
297 1094 354 1125 ex
369 1095 508 1125 uxore
527 1078 767 1141 posteriore
787 1080 881 1127 nati
894 1091 1022 1127 erant
1040 1079 1230 1128 fratrum
1247 1080 1365 1132 solus
1384 1081 1475 1144 ipse
1489 1081 1617 1127 bonis
1641 1083 1812 1144 potitus
1833 1083 1921 1130 est:

154 1144 230 1191 sed
242 1158 331 1190 non
345 1144 437 1190 fine
454 1141 690 1190 hominum
705 1142 931 1193 nobilium
953 1144 1280 1218 largitionibus
1294 1145 1563 1193 assuetorum
1582 1145 1920 1210 indignatione,

152 1209 282 1272 quod
307 1209 406 1267 Rex
427 1208 452 1254 ἐ
476 1219 568 1253 tam
585 1207 805 1270 opulenta
822 1208 974 1272 praeda
997 1209 1113 1256 mhil
1134 1209 1239 1274 ipfis
1260 1209 1508 1258 decideret.
1792 1210 1798 1220 “

220 1273 368 1319 XLV.
403 1269 594 1318 Acceffit
611 1272 668 1318 ad
691 1272 866 1332 hanc&
887 1273 1027 1338 altera
1049 1275 1177 1321 causa
1210 1273 1450 1328 recentior,
1488 1274 1616 1338 quod
1688 1273 1867 1322 uasdam
1895 1273 1924 1322 a

154 1338 376 1390 Roberto,
401 1341 442 1383 ει
465 1336 689 1383 Mordaco
711 1337 944 1399 postremis
965 1338 1347 1402 gubernatoribus
1382 1291 1803 1404 largidonesiaaas
1822 1351 1922 1386 tan-

146 1417 292 1465 quam
313 1401 496 1463 injustas
511 1413 817 1447 revocaverat.
849 1401 904 1448 In
923 1400 992 1449 his
1006 1402 1109 1449 duae
1130 1413 1259 1451 erant
1274 1402 1498 1466 insignes:
1525 1404 1655 1451 Geor
1688 1402 1758 1452 ius
1770 1403 1922 1451 Dum-

153 1466 246 1513 rius
264 1466 398 1513 hostis
421 1465 631 1527 publicus
666 1464 983 1520 denunciatus,
1023 1466 1188 1514 deinde
1209 1479 1336 1529 parte
1355 1467 1588 1514 bonorum
1609 1420 1824 1521 ressituta,
1850 1484 1922 1516 re·

150 1542 338 1576 vocatus
362 1528 389 1575 ὲ,
411 1529 616 1576 Roberto
635 1526 795 1576 fuerat.
865 1530 919 1577 Ei
934 1530 1193 1579 successerat
1214 1530 1333 1578 filius
1356 1530 1608 1595 Georgius,
1633 1530 1788 1578 multis
1806 1549 1920 1596 gau·

147 1593 368 1642 dentibus
408 1593 662 1654 antiquam,
688 1597 729 1639 δι
752 1593 971 1649 nobilem,
1020 1599 1061 1642 δε
1100 1595 1214 1657 saepe
1236 1595 1294 1641 de
1317 1593 1466 1658 patria
1488 1595 1604 1642 bene
1623 1595 1830 1643 meritam
1850 1595 1920 1642 sa-

154 1658 327 1705 miliam
351 1659 397 1704 in
422 1655 649 1719 pristinam
673 1656 1162 1720 dignitatem'rediiss‘e.
1232 1659 1320 1705 Sed
1344 1658 1480 1722 Regi,
1516 1659 1626 1705 dum
1648 1658 1787 1719 injus
1823 1659 1917 1706 fisci

150 1721 439 1786 diligentius,
464 1737 520 1767 ne
542 1721 693 1767 dicam
716 1721 923 1769 acerbius
945 1722 1156 1785 inquirit,
1176 1721 1318 1769 visum
1353 1723 1413 1768 est
1431 1720 1695 1785 potestatem
1718 1722 1920 1786 ignomi-

151 1786 513 1840 niaedemendae‚
535 1786 692 1831 exules
712 1786 975 1840 revocandi,
1001 1793 1040 1833 Sc
1066 1786 1186 1834 bona
1206 1786 1269 1833 ob
1305 1786 1475 1834 crimen
1507 1784 1829 1860 perduellionis
1867 1786 1916 1835 in

154 1852 306 1898 fiscum
327 1852 453 1898 illata
470 1849 730 1897 restituendi
753 1851 968 1913 majorem
989 1852 1091 1905 effe,
1113 1850 1254 1914 quarn
1281 1864 1328 1898 ut
1346 1866 1445 1898 eam
1464 1848 1601 1898 alieni
1619 1849 1814 1899 vicarius
1831 1851 1920 1898 im-

149 1915 290 1979 perii,
317 1921 355 1963 &
391 1914 473 1978 qui
513 1913 673 1961 tutoris
711 1914 815 1962 loco
855 1916 1069 1980 eligatur,
1099 1915 1307 1979 usurpare
1329 1915 1524 1963 debeat:
1555 1915 1751 1978 quando
1783 1914 1922 1963 etiam

149 1979 417 2043 largitiones
441 1979 486 2026 in
504 1979 685 2042 Regum
706 1979 1093 2027 :etateimmatura
1107 1979 1234 2026 factae
1255 1981 1413 2043 possint
1434 1995 1489 2027 ex
1511 1980 1654 2026 veteri
1677 1980 1922 2028 Scotorum

147 2044 357 2091 instituto
378 2044 597 2097 revocari,
625 2042 706 2089 nist
725 2041 751 2088 ὲ
773 2044 978 2108 Regibus
999 2057 1129 2092 aetate
1152 2045 1338 2091 maturis
1359 2045 1701 2092 confirmentur.
1770 2044 1792 2090 1
1828 2042 1920 2097 itur

152 2109 364 2161 Iacobum
406 2119 455 2154 ut
494 2105 753 2155 Marcianos
794 2109 1002 2155 homines
1027 2108 1281 2164 bellicosos,
1306 2108 1488 2173 Angliae
1511 2107 1688 2155 vicinos
1725 2107 1773 2154 in
1815 2123 1920 2155 uam

151 2174 416 2235 potestatem
437 2172 527 2218 fine
547 2171 747 2217 tumultu
769 2186 1016 2228 revocaret,
1055 2172 1314 2236 Georgium
1336 2173 1459 2235 apud
1481 2172 1523 2219 se
1544 2173 1725 2220 retinet.
1795 2172 1921 2220 Lite-

151 2254 220 2284 ras
245 2237 301 2283 ad
324 2237 437 2282 arcis
460 2233 685 2282 Dumbari
709 2237 974 2298 praefeftum
997 2236 1150 2284 scribit
1175 2255 1186 2284 :
1220 2236 1432 2300 imperat,
1458 2248 1509 2283 ut
1530 2236 1594 2283 eis
1617 2236 1824 2301 perleftis
1848 2254 1919 2284 ar-

150 2318 254 2348 cern
279 2300 521 2348 Gulielmo
543 2298 779 2363 Duglassio
800 2301 1016 2366 Angufiae
1039 2301 1239 2364 Regulo,
1268 2309 1308 2346 tx
1340 2302 1411 2363 (2)
1440 2300 1621 2347 Adamo
1658 2301 1920 2364 Hepburno

152 2366 358 2419 Halmii,
379 2365 438 2411 ad
455 2380 552 2410 eam
574 2362 883 2425 recipiendam
907 2366 1057 2421 missis,
1089 2364 1232 2412 statim
1256 2376 1470 2412 traderet.
1539 2365 1789 2428 Georgius,
1813 2381 1919 2412 cum

149 2443 416 2493 quereretur
433 2430 476 2477 se
499 2429 627 2475 nullo
643 2427 748 2487 jure
768 2429 1046 2493 patrimonio
1066 2428 1247 2492 spoliari
1269 2429 1331 2476 ob
1352 2427 1525 2476 crimen
1545 2428 1765 2483 alienum,
1789 2430 1918 2490 cujus

148 2495 285 2541 etiam
305 2495 363 2541 ab
385 2509 456 2547 eo,
475 2492 558 2556 qui
572 2493 764 2540 ,summae
781 2511 931 2542 rerum
950 2506 1158 2558 praeerat,
1181 2492 1314 2541 venia
1337 2491 1484 2541 fuiss‘et
1503 2493 1772 2556 impetrata:
1798 2492 1918 2548 Rex,

150 2570 204 2605 ut
224 2558 319 2620 ejus
343 2557 545 2604 animum
567 2557 789 2619 placaret,
814 2564 855 2607 &
875 2556 1165 2606 clementiam
1190 2557 1312 2622 apud
1346 2557 1516 2621 vulgus
1533 2560 1789 2611 ostentaret,
1811 2573 1918 2606 eum

161 2625 234 2685 (3)
263 2621 496 2670 Buchania
516 2620 723 2670 donavit.
765 2624 871 2671 Hoc
894 2623 1036 2687 Regis
1058 2622 1227 2670 facium
1248 2623 1352 2670 cum
1371 2638 1455 2686 pro
1476 2621 1691 2686 cujusque
1710 2619 1915 2685 ingenio,

147 2691 199 2737 δε
221 2686 368 2735 studio
390 2685 514 2733 varie
531 2686 852 2757 celebraretur,
874 2687 1042 2735 incidit
1062 2687 1255 2735 alterum
1277 2701 1485 2751 quoque,
1524 2685 1649 2749 quod
1673 2687 1918 2750 vehemen-

203 2816 265 2866 (r)
294 2815 382 2852 The
419 2816 501 2864 lady
529 2815 725 2869 Jacquette
761 2816 927 2855 countess
965 2817 1010 2854 of

148 2870 313 2907 Holland
332 2870 401 2907 and
435 2868 519 2905 heir
536 2869 695 2917 thereos,
732 2869 921 2918 forsaking
939 2868 1007 2906 her

147 2923 310 2959 husband
347 2922 412 2960 the
447 2922 548 2958 duke
575 2921 620 2958 of
635 2922 811 2968 Brabant,
847 2923 1005 2960 married

148 2975 446 3024 firstHumphrey
457 2974 559 3011 duke
569 2974 899 3021 ofclocester,and
915 2975 1007 3012 then

154 3029 229 3065 this
244 3030 317 3066 earl
337 3028 380 3065 of
397 3028 611 3071 Mar.---
633 3031 695 3067 He
711 3030 794 3067 died
808 3031 922 3065 about
939 3028 1005 3066 the

146 3093 231 3129 }'tar
249 3092 362 3131 1434,
383 3082 452 3118 and
469 3080 511 3119 in
537 3094 559 3118 a
578 3081 788 3130 chartulary
808 3081 1006 3129 belonging

147 3144 186 3168 to
207 3133 269 3170 the
288 3134 415 3182 king's
440 3134 581 3182 college
599 3136 644 3172 of
660 3137 849 3181 Aberdon,
881 3134 913 3171 is
938 3137 1005 3170 de-

147 3187 191 3231 sig
200 3189 268 3223 ned
280 3187 353 3224 carl
368 3185 508 3225 nt'Mar
521 3189 782 3240 andGarioch,
795 3189 866 3225 and
877 3186 1004 3235 king‘s

145 3239 366 3283 mutemur,
385 3251 486 3286 7mo.
501 3240 693 3279 Kalendas
713 3242 868 3290 Augusti
882 3240 1004 3277 obitus

147 3291 334 3338 magnifici
367 3305 408 3327 ac
438 3294 597 3340 potentis
625 3294 772 3333 domini
799 3292 1011 3332 Alexandri

146 3345 304 3380 Stewart
322 3344 469 3382 comitis
488 3348 531 3382 de
552 3346 716 3394 Mam&
735 3349 779 3385 de
793 3345 1005 3396 Garwyach

147 3395 189 3432 ac
204 3396 494 3433 locumtenentis
511 3399 656 3437 domini
678 3401 772 3448 regis
794 3401 1005 3444 Scotorum,

145 3447 189 3486 de
208 3461 288 3497 quo,
298 3451 610 3491 commemoratio
625 3453 646 3491 8
663 3465 692 3490 s-
712 3455 756 3490 de
775 3453 810 3489 le
823 3452 1006 3490 Newlan·

145 3502 212 3537 dis.
461 3520 465 3527 ¹
965 3524 971 3529 ·

199 3553 262 3603 (²)
291 3555 328 3589 A
359 3551 450 3589 fatal
474 3552 588 3591 house
613 3564 652 3593 to
676 3557 775 3596 their
795 3559 968 3596 rctassncrs
988 3570 1000 3594 t

145 3606 202 3647 sor
221 3605 307 3655 they
326 3603 401 3651 rqse
421 3605 463 3655 by
480 3605 543 3644 the
563 3606 732 3647 Dunbars
751 3611 790 3648 in
810 3610 875 3649 the
893 3612 1003 3660 decay

1057 2816 1102 2855 os
1122 2816 1187 2854 the
1213 2815 1486 2866 Englishmen’s
1515 2828 1638 2866 power
1656 2815 1695 2853 in
1722 2814 1914 2867 scotland,

1059 2864 1234 2918 regnante
1247 2869 1387 2906 Davide
1402 2870 1489 2918 2d03
1504 2868 1568 2905 the
1583 2868 1656 2905 first
1670 2868 1786 2905 estne
1803 2867 1919 2919 house

1059 2925 1103 2960 of
1117 2922 1240 2959 Huius
1259 2921 1368 2968 being
1385 2933 1432 2958 an
1447 2921 1702 2969 Englifhman,
1720 2933 1740 2958 a
1757 2921 1914 2970 captive,

1061 2974 1254 3012 astum-ard
1273 2974 1443 3012 sotlower
1460 2974 1505 3011 of
1517 2974 1581 3011 the
1595 2975 1671 3012 carl
1687 2974 1732 3011 of
1743 2971 1877 3011 March
1901 2987 1912 3010 ε
2027 2995 2045 3020 ,Ι

1058 3039 1094 3065 a:
1108 3028 1172 3065 the
1184 3028 1260 3066 first
1271 3027 1504 3064 banifhment
1515 3026 1630 3065 ofthe
1643 3026 1812 3066 Dunbars
1842 3037 1915 3063 un·
2014 3022 2047 3083 ᾖ

1059 3082 1122 3117 der
1139 3080 1232 3127 king
1250 3080 1394 3118 Robur
1411 3079 1478 3118 the
1493 3083 1537 3131 3d
1555 3080 1644 3128 they
1663 3078 1836 3118 followed
1848 3077 1915 3117 the
2029 3085 2047 3122 τ

1059 3133 1285 3181 Dwglaffus,
1299 3132 1425 3170 which
1446 3144 1520 3170 was
1543 3132 1607 3169 the
1627 3132 1755 3170 second
1783 3132 1856 3181 ssep
1875 3130 1921 3169 of

1057 3186 1158 3224 their
1175 3186 1308 3234 rising:
1328 3186 1394 3223 the
1415 3187 1459 3236 3d
1478 3198 1553 3222 was
1573 3185 1618 3234 by
1637 3180 1702 3223 the
1720 3183 1935 3237 forfeiture‘
2034 3219 2046 3229 ,,

1057 3234 1103 3277 of
1115 3238 1180 3276 the
1197 3241 1290 3276 earls
1306 3239 1350 3276 ot'
1364 3238 1531 3287 Dugtass‚
1552 3230 1725 3287 whereby
1742 3235 1830 3285 they
1847 3245 1911 3284 got
2035 3242 2044 3287 'ff

1058 3304 1171 3339 many
1190 3290 1294 3328 larids
1311 3293 1380 3330 and
1396 3303 1493 3329 were
1508 3291 1616 3328 made
1632 3290 1729 3328 tonis
1741 3289 1787 3326 of
1798 3290 1912 3339 puli·
2040 3309 2045 3327 ;

1059 3352 1198 3382 ament.
1239 3344 1326 3381 The
1341 3343 1413 3392 μὴ
1431 3356 1505 3381 was
1523 3342 1568 3391 try
1584 3342 1651 3380 the
1668 3341 1861 3381 forfeiture
1873 3340 1919 3380 cf

1059 3397 1126 3434 the
1144 3397 1244 3435 duke
1255 3397 1459 3444 ofAtbany
1475 3397 1545 3434 and
1565 3394 1747 3444 ssaughter
1761 3393 1806 3432 of
1818 3390 1915 3443 king

1059 3447 1187 3503 Jum'es
1206 3451 1252 3501 3d
1270 3457 1308 3486 at
1325 3447 1616 3503 Bauumkbpm,
1644 3456 1682 3485 at
1700 3445 1803 3486 what
1818 3445 1912 3487 time

1055 3502 1143 3550 they
1161 3515 1258 3540 were
1276 3503 1385 3540 made
1399 3503 1507 3539 eatis.

1110 3555 1174 3604 (3)
1214 3555 1329 3592 Made
1357 3554 1439 3592 him
1467 3553 1542 3591 earl
1571 3551 1617 3590 of
1642 3552 1812 3596 nachan,
1843 3550 1912 3587 but

1056 3608 1223 3660 wanting
1239 3606 1339 3649 heirs-
1356 3606 1387 3646 it
1407 3606 1475 3647 feu
1494 3605 1592 3650 back
1607 3613 1648 3646 to
1664 3605 1730 3644 the
1746 3615 1884 3642 trown.

1404 3671 1417 3677 “
1843 3665 1914 3701 tet
