2025 3833
161 172 290 261 398
468 171 833 237 RERUM
928 137 1690 227 ScoTICARUMi

155 284 316 328 matre,
341 268 600 317 Comitibus
632 262 832 316 Araniae,
858 258 1077 312 Leviniae‚
1100 255 1369 309 Crafordiae,
1391 254 1787 319 compluribusque
1805 257 1907 306 aliis

154 334 352 400 supremi
372 331 543 381 ordinis
574 327 805 374 nobilibus
842 322 1100 371 auctoribus
1121 320 1317 368 Sterlino
1343 318 1679 381 Edimburg-um
1705 321 1832 369 venit
1850 325 1911 369 ad

156 411 370 464 quartum
388 395 596 444 calendas
609 388 832 454 Augusti.>
846 386 1127 434 Primoribus
1145 384 1192 431 in
1203 383 1398 446 Regiam
1417 381 1474 428 ad
1487 383 1659 428 Sanetae
1677 384 1819 430 crucis
1837 400 1914 431 co..

157 465 285 519 actis,
309 464 364 509 de
383 457 568 517 consilio
584 470 742 503 eorum
764 452 895 517 regni
915 447 1344 499 administrationem
1360 448 1462 493 R‘ex
1478 444 1680 508 Iuscaepit
1700 464 1710 492 :
1743 461 1796 491 ae
1813 448 1914 508 poi?-

156 529 293 578 tridie
313 540 469 574 omnes
488 537 608 569 novo
630 519 906 565 sacramento
925 516 971 563 in
989 514 1117 561 suum
1136 527 1301 559 nomen
1321 509 1493 572 adegit.
1562 508 1657 571 Qi
1679 510 1912 571 publicam

157 591 456 642 funetionem,
490 597 568 635 aut
601 580 967 647 procurat-ionem
989 577 1234 631 habebant,
1269 573 1493 622 universos
1522 570 1636 633 juris
1675 574 1918 636 usurpandi

157 657 286 705 causa
308 648 616 701 exauctoravit
639 666 652 695 :
685 662 737 694 ac
759 644 914 708 paucis
951 643 1049 707 post
1070 642 1232 688 diebus
1253 655 1411 686 omnes
1441 637 1489 684 in
1524 636 1778 700 pristinum,
1799 638 1918 685 unde

157 719 322 782 deJeeti
350 728 493 771 erant,
517 716 670 762 locum
691 710 896 758 restituit.
965 708 1144 770 Magno
1176 719 1414 768 procerum
1449 716 1639 748 numero
1661 701 1719 747 ad
1759 701 1919 748 vicesi-

156 801 282 834 mum
304 781 497 847 Augusti
514 779 635 826 diem
657 787 926 828 convocato,
951 784 1002 819 ut
1020 769 1281 833 imperium,
1302 767 1427 830 quod
1443 764 1537 828 ipse
1555 764 1650 825 jam
1674 765 1916 827 usurpave-

153 863 241 906 rat,
266 845 454 910 Proregi
476 845 736 906 abrogaret,
766 854 872 886 cum
895 835 1131 901 splendida
1163 837 1235 896 (ut
1258 831 1395 879 moris
1421 831 1505 891 est)
1538 844 1708 891 pompa
1729 829 1776 875 in
1799 829 1919 890 pub-

153 915 297 963 licum
320 912 442 961 urbis
460 905 722 973 praetorium
752 903 971 967 processit.
1037 898 1149 946 Fani
1169 897 1384 950 Andreae,
1426 899 1466 940 δε
1488 891 1766 940 Abredoniae
1788 893 1918 955 Epis-

155 978 280 1042 copi,
294 977 377 1042 qui
396 975 475 1022 soli
497 969 827 1022 diffentiebant,
852 971 900 1016 St
926 963 1138 1012 eatendas
1169 959 1447 1025 Septembris
1474 957 1775 1019 expectandas
1808 964 1916 1004 cen-v

154 1044 327 1097 sebant,
358 1042 406 1089 in
429 1035 674 1087 custodiam
691 1030 804 1080 dati.
870 1030 965 1085 Illi,
994 1041 1044 1075 ut
1064 1027 1151 1074 suis
1181 1025 1223 1073 se
1241 1023 1376 1073 armis
1402 1021 1736 1073 ulciscerentur,
1762 1021 1920 1068 omni.-

154 1109 240 1156 bus
258 1123 338 1171 per
359 1106 454 1153 suas
470 1097 803 1165 jurisdictiones
828 1095 1051 1142 sacrorum
1076 1091 1152 1138 usu
1172 1085 1481 1137 interdicunt.'
1534 1086 1710 1132 Verum
1733 1086 1829 1147 post
1851 1085 1918 1131 al-

153 1185 305 1285 }erum
325 1169 419 1218 fere
436 1165 635 1217 mensem
658 1164 788 1226 Rege
809 1160 1005 1225 placato,
1042 1156 1090 1203 in
1113 1154 1348 1218 pristinum
1370 1149 1529 1216 gratiae
1551 1149 1704 1196 locum
1725 1148 1922 1196 restituti

178 1245 356 1286 uerunt.
742 1252 746 1255 ·
788 1260 790 1263 -

108 1362 111 1364 ι
220 1301 375 1348 XXV.
408 1296 545 1347 Circa
560 1293 684 1357 idem
703 1290 795 1338 fere
809 1301 987 1352 tempus
999 1283 1272 1332 Arcibaldus
1286 1279 1544 1344 Duglaffius
1564 1281 1722 1343 (quem
1744 1276 1789 1324 in
1804 1278 1922 1323 Gal-

150 1366 264 1416 liam
286 1365 539 1427 relegatum
556 1357 775 1415 diximus)
793 1352 1012 1418 praemisso
1031 1351 1101 1411 (1)
1122 1348 1308 1395 Simone
1329 1347 1577 1406 Pennango
1595 1342 1780 1390 homine
1799 1343 1918 1396 acri,

156 1435 200 1479 δε
217 1429 293 1479 cui
312 1426 562 1494 plurimum
586 1421 768 1475 fidebat,
791 1419 888 1482 egit
910 1432 1012 1464 cum
1034 1416 1163 1477 Rege
1184 1410 1462 1474 Anglorum,
1484 1420 1533 1454 ut
1553 1424 1635 1469 per
1658 1398 1754 1467 ejus
1778 1407 1917 1452 ditio-

155 1512 264 1545 nem
285 1505 386 1544 tuto
406 1491 553 1539 redire
575 1489 764 1535 domum
785 1483 960 1530 liceret.
1027 1478 1226 1541 Anglus,
1250 1472 1331 1536 qui
1354 1472 1500 1520 Ducis
1534 1470 1696 1518 Albini
1721 1468 1922 1516 hominis

156 1557 348 1624 impigri
370 1544 687 1603 auctoritatem
705 1544 918 1595 imminui
943 1559 1035 1597 non
1058 1541 1239 1589 moleste
1262 1538 1450 1589 ferebat,
1475 1551 1527 1582 ac
1548 1551 1696 1582 rerum
1718 1534 1919 1580 Scotica-

156 1641 258 1673 rum
298 1619 598 1669 mutationem
633 1613 779 1660 libens
814 1608 1045 1660 audiebat,
1085 1604 1317 1651 Com-item
1351 1599 1666 1647 advenientem
1700 1599 1922 1645 benevole

161 1687 356 1752 accepit,
394 1690 435 1732 &
464 1678 712 1730 liberaliter
733 1674 918 1723 dimisit.
986 1671 1096 1733 Ejus
1116 1680 1269 1715 autem
1294 1664 1464 1711 reditus
1487 1665 1722 1709 Scotorum
1743 1662 1920 1708 animos

158 1751 282 1801 varie
304 1747 471 1798 affecit.
538 1746 662 1793 Nam
685 1757 789 1788 cum
808 1739 866 1786 ad
880 1735 1089 1799 Reginae,
1113 1739 1151 1779 δι
1172 1729 1369 1778 Comitis
1388 1728 1568 1774 Araniae
1587 1724 1824 1772 arbitrium
1846 1741 1924 1771 ne-

161 1816 290 1883 gotia
311 1813 498 1879 publica
512 1818 793 1874 gererentur,
829 1817 998 1865 magna
1019 1796 1296 1844 nobiliorum
1321 1809 1440 1856 parS,
1476 1790 1602 1851 cujus
1623 1789 1852 1853 principes
1876 1807 1923 1835 c-

159 1892 263 1930 rant
299 1881 487 1927 Ioannes
530 1877 736 1922 Stuartus
770 1867 992 1918 Leviniae‚
1032 1865 1082 1912 &
1117 1860 1316 1908 Calenus
1340 1855 1608 1904 Cambellus
1641 1853 1927 1917 Argatheliae

161 1944 369 1995 Comites
391 1942 432 1989 se
457 1940 509 1987 ad
534 1937 707 1986 nullam
741 1949 859 1982 curae
883 1927 1080 1994 publicae
1109 1937 1285 1989 partem
1314 1919 1455 1983 recipi
1488 1919 1649 1981 iniquo
1670 1918 1824 1965 animo
1854 1918 1922 1963 fe-⁴

159 2023 328 2064 rentes,
367 2022 472 2053 cum
502 2000 680 2067 ingenti
705 1995 1009 2062 gratulatione
1031 1989 1312 2053 Duglaffium
1348 1994 1628 2047 recaeperunt
1653 2000 1664 2029 ε
1711 1992 1775 2028 ut—-
1793 1980 1923 2041 cujus

159 2074 334 2124 auxilio
365 2071 437 2118 vel
459 2066 710 2132 potentiam
734 2059 942 2108 factionis
974 2055 1167 2103 adversae
1189 2052 1247 2098 ad
1284 2051 1326 2097 se
1349 2049 1652 2100 traducerent,
1687 2046 1762 2092 vel
1790 2060 1923 2091 *certe

156 2140 322 2188 ffastum
345 2135 657 2199 reprimerent.
725 2129 915 2179 Contra,
940 2119 1136 2183 Regina,
1161 2133 1264 2179 quae
1297 2114 1385 2176 (uti
1405 2113 1579 2158 dictum
1605 2111 1685 2169 est)
1710 2108 1923 2156 animum.

162 2220 190 2252 a
211 2203 374 2252 marito
397 2207 633 2250 averterat,
653 2192 749 2255 ejus
767 2189 965 2236 adventu
983 2194 1216 2231 commota
1230 2178 1444 2227 omnibus
1468 2173 1691 2222 machinis
1709 2189 1814 2220 eum
1839 2189 1924 2235 op-

663 2251 977 2315 Hamiltonius
998 2263 1184 2310 qnoque
1200 2260 1258 2290 ex
1279 2241 1454 2289 residuo
1473 2239 1580 2286 odio
1603 2237 1647 2284 ei
1668 2253 1759 2285 non
1784 2240 1928 2283 modo

200 2287 224 2316 u
263 2281 369 2315 nare
388 2262 595 2311 instituit.

160 2286 382 2385 indiuisus,
406 2326 476 2375 sed
500 2326 637 2372 etiam
661 2333 886 2372 metuens,
910 2332 967 2362 ne
990 2331 1015 2359 a
1035 2309 1288 2374 DuglaffiO,
1319 2321 1456 2368 quem
1475 2301 1670 2349 secundo
1691 2302 1796 2348 loco
1827 2316 1918 2346 non

162 2399 261 2446 fore
282 2405 548 2443 contentum
570 2387 754 2440 sciebat,
791 2383 839 2429 in
862 2380 1069 2428 ordinem
1092 2374 1390 2437 redigeretur,
1429 2365 1636 2414 adversus
1658 2381 1767 2412 eum.
1793 2366 1927 2418 veiut,

161 2478 249 2526 pro
270 2456 583 2508 dominatione
607 2449 845 2499 retinenda
861 2444 967 2493 totis
988 2441 1161 2488 viribus
1181 2433 1503 2484 contendebat.
1569 2429 1639 2478 Hi
1657 2445 1759 2476 cum
1780 2427 1830 2474 in
1849 2445 1921 2473 ar-

162 2544 216 2575 ce
244 2519 593 2584 Edimburgenfi
614 2516 657 2564 se
678 2512 981 2563 continerent,
1017 2520 1100 2552 nec
1119 2503 1382 2567 ignorarent
1403 2497 1569 2544 multos
1593 2493 1832 2556 procerum
1855 2509 1925 2538 re-

164 2606 266 2639 rum
289 2594 506 2634 novarum
525 2583 608 2630 effe
622 2577 829 2642 cupidos,
844 2587 993 2622 tamen
1010 2576 1049 2617 &
1067 2570 1172 2616 loco
1192 2562 1506 2616 munitissimo,
1520 2556 1714 2620 &Regis
1724 2550 1940 2620 quam-lias

166 2658 246 2704 bet
265 2649 430 2700 inermi
453 2645 717 2696 auctoritate
738 2640 907 2692 confisi,
932 2655 958 2683 a
978 2634 1025 2682 vi
1044 2631 1125 2680 fibi
1148 2631 1234 2678 tuti
1254 2627 1542 2676 videbantur.
1609 2624 1715 2670 Pars
1748 2619 1932 2668 adversa-

162 2720 323 2767 coa&o
356 2714 525 2776 majore
546 2706 801 2757 nobilitatis
823 2716 1029 2753 numero,
1075 2710 1161 2745 tres
1183 2712 1210 2742 e
1230 2693 1317 2741 suis
1337 2690 1517 2754 eligunt
1538 2686 1697 2752 Regis‘,
1732 2690 1773 2732 &
1795 2684 1928 2747 regni

165 2783 386 2834 custodeS,
411 2765 1014 2832 ArcibaldumDuglaflium
1034 2760 1268 2825 Augustae,
1290 2758 1510 2803 Ioannem
1534 2754 1767 2798 Stuartum
1788 2747 1927 2798 Levi·
1988 2770 1990 2772 v

164 2848 271 2903 niae,
296 2851 337 2893 δε
360 2843 584 2892 Calenum
604 2834 897 2884 Cambellum
916 2825 1195 2892 Argatheliae
1218 2819 1439 2869 ComiteS.
1476 2814 1546 2864 Hi
1560 2813 1790 2862 celeritate
1808 2812 1931 2859 sum.

164 2929 242 2961 ma
264 2912 326 2957 usi
342 2908 542 2972 primum
562 2899 808 2950 transmisso
829 2894 998 2947 Eortha
1018 2889 1238 2938 Iacobum
1254 2887 1476 2932 Betonem
1495 2880 1669 2927 summa
1687 2874 1931 2941 prudentia
1976 2868 1982 2874 “

164 2977 318 3024 virum
338 2968 578 3036 perspectis
610 2962 818 3013 faciionis
842 2956 1006 3022 opibus
1026 2953 1226 3002 recusare
1256 2965 1350 2996 non
1371 2946 1526 2993 ausum
1549 2941 1631 2991 fibi
1652 2940 1928 3005 adjungunt.
1961 2971 1976 2978 x

164 3042 280 3089 Inde
302 3035 548 3086 Sterlinum
566 3027 760 3096 profecti
780 3019 1053 3074 ministerii3‚
1074 3025 1114 3064 δε
1135 3009 1530 3080 procurationibus
1547 3004 1745 3072 publicis
1768 3006 1826 3051 ad
1842 3003 1930 3050 suae

167 3101 376 3153 factionis
397 3098 607 3147 homines
630 3089 848 3142 transsatis
863 3083 1202 3146 Edimbu'rgum
1225 3076 1362 3126 nullis
1384 3072 1601 3138 praesidiis
1622 3068 1848 3125 munitum
1875 3068 1927 3112 fi-

165 3187 223 3217 ne
244 3168 294 3216 vi
321 3162 659 3229 ingrediuntur.
724 3158 893 3203 Arcem
925 3148 1018 3197 levi
1036 3161 1202 3210 aggere
1221 3138 1511 3199 circumjecto
1543 3133 1767 3183 obfident.
1835 3128 1932 3192 Qi

166 3234 291 3282 intus
312 3240 456 3283 erant,
477 3224 607 3273 nulla
625 3241 673 3270 re
695 3221 753 3268 ad
773 3214 1057 3266 obsidionem
1077 3207 1361 3257 tolerandam
1381 3200 1484 3250 satis
1506 3196 1698 3263 provisa,
1719 3203 1758 3243 &
1782 3194 1929 3246 illam,

167 3300 222 3348 ὃς
240 3296 327 3343 sese
348 3293 538 3340 dedunt.
606 3284 796 3343 Caeteris
819 3291 982 3346 praeter
1015 3277 1192 3338 Regem
1215 3268 1417 3322 dimiffis,
1461 3278 1599 3311 omne
1633 3275 1754 3307 curae
1777 3256 1930 3322 publi-

171 3377 238 3408 cae
269 3357 447 3421 pondus
468 3354 518 3401 in
548 3365 654 3406 tres,
684 3365 802 3412 quos
832 3344 1049 3396 diximus,
1083 3334 1290 3386 Comites
1323 3328 1616 3381 transferunt,
1648 3339 1702 3370 ea
1727 3324 1847 3387 lege,
1880 3330 1930 3366 ut

172 3422 336 3487 singuli
358 3436 437 3484 per
457 3417 665 3466 ordinem
686 3424 928 3476 quaternos
950 3403 1120 3453 menses
1137 3399 1263 3465 apud
1284 3398 1462 3460 Regem
1483 3391 1637 3441 effent.
1694 3431 1696 3434 .

227 3551 293 3603 (1)
319 3547 448 3585 There
477 3559 566 3591 was,
596 3547 684 3595 long
701 3544 794 3582 time
820 3541 916 3578 aster
933 3536 1024 3581 this,
1079 3531 1197 3570 called
1213 3527 1288 3576 also
1317 3524 1448 3563 Simon
1466 3523 1697 3569 Pennango=
1736 3509 1812 3551 this
1839 3520 1926 3546 man

172 3621 198 3651 ⁴a
216 3602 429 3657 gentleman-
445 3599 487 3638 of
502 3599 561 3636 his
580 3598 702 3646 linage
720 3597 837 3643 living
855 3594 895 3632 in
911 3590 1028 3642 Kylz,
1080 3596 1156 3628 was
1172 3581 1320 3635 captain
1338 3578 1383 3618 of
1395 3574 1616 3623 Tantallon.
1749 3611 1930 3665 XXVI·
