2035 3833
46 3584 65 3593 ο

194 130 324 197 304
497 118 860 184 RERUM
954 120 1645 196 ScoTICARUM

189 212 434 274 Duglaffiae
455 214 756 278 superioribus
780 213 1058 270 Comitibus„
1083 219 1159 264 etsi
1188 237 1277 266 non
1301 222 1458 275 aleret,
1490 241 1578 271 non
1604 238 1753 275 tamen
1780 229 1878 277 satis
1901 249 1948 278 a·

186 282 322 330 criter
345 286 633 346 reprimeret:
651 280 721 325 sed
743 296 860 325 mor³
888 282 957 340 (ι)
982 280 1100 327 intra
1120 282 1354 330 biennium
1376 287 1593 334 subtraxit
1615 307 1716 336 eum
1741 294 1946 346 invidia.

185 349 314 396 Huic
330 349 356 396 ὲ
374 349 539 411 septem
562 346 663 392 filiis
680 345 940 390 Gulielmu·
963 358 1069 391 natu
1096 348 1322 394 maximus
1339 349 1548 398 successit.
1577 354 1618 398 ls
1639 355 1766 401 avitae
1788 373 1949 417 poten-

189 413 265 459 tiae
281 415 542 464 aemulus,ut
562 408 780 454 familiam
796 409 839 454 in
862 408 1093 470 pristinum
1112 412 1357 458 restitueret
1375 413 1674 475 splendorem,
1693 421 1838 480 patrui
1862 422 1947 466 tili-

187 494 259 523 am
287 478 527 522 rnultarum
567 473 805 534 regionum
832 474 1054 519 hzrredem
1091 475 1256 522 ducere
1283 476 1486 524 instituit.
1531 482 1579 526 ld
1604 484 1946 531 matrimonium

183 541 402 604 plaerique
414 553 471 584 ex
490 538 757 599 propinquis
773 537 935 599 partim
955 551 1002 583 ut
1021 537 1268 588 insolitum.
1285 557 1335 586 ac
1348 543 1538 603 proinde
1557 562 1647 591 non
1668 546 1946 607 legitimum:

184 606 349 667 partim
376 603 436 647 ob
461 602 622 647 nimias.
646 615 755 662 opes
778 603 918 662 vulgo
941 602 1234 656 invidiosum,
1252 606 1452 668 Regibus
1478 608 1837 665 formidolosum,
1856 628 1949 658 non

180 667 558 728 comprobabant.
625 666 802 711 Rumor
823 661 958 711 eriam
982 679 1093 719 erat,
1117 684 1196 713 nec
1219 669 1257 714 is
1281 683 1448 716 temere
1470 671 1653 733 sparsus.
1677 674 1849 736 Regem
1878 675 1948 721 ni·

184 733 251 778 hil
270 730 552 785 omissurum,
570 730 693 792 quod
717 730 769 775 ad
796 747 889 776 rem
914 730 1253 792 impediendam
1279 733 1462 780 faceret.
1515 737 1578 781 Ea
1602 736 1688 783 fuit
1705 738 1947 785 Gulielmo

189 796 319 841 causa
357 795 612 841 maturandi
643 794 863 839 connubii
897 796 966 854 (2)
991 795 1234 843 inter-difio
1257 799 1428 860 nuptiis
1459 813 1681 862 tempore,
1708 814 1756 847 ut
1779 802 1950 865 Regios

180 859 399 904 videlicet
419 871 607 904 conatus
631 858 916 919 praeveniret.
986 860 1148 905 Secuta
1171 861 1330 907 nimias
1353 879 1463 924 opes
1486 862 1947 919 iusblentia‚insolen-

179 924 289 970 tiam
314 923 487 969 invidia
515 923 810 984 grassantibus
850 921 1000 984 passim
1032 923 1258 971 latronum
1284 927 1517 988 gregibus,
1539 944 1731 988 quorum
1757 930 1894 976 duces
1921 930 1949 976 ὲ

178 987 403 1051 Duglassii
423 986 618 1033 consiliis
643 1001 731 1032 non
752 987 887 1033 alieni
906 987 1221 1034 credebantur.
1272 991 1323 1036 ln
1347 992 1396 1035 iis
1416 1004 1509 1037 erat
1536 993 1722 1038 loannes
1747 995 1948 1040 Gormzz-

178 1068 258 1097 cus
292 1051 523 1105 Atholius,
547 1051 626 1114 qui
658 1067 762 1097 cum
799 1052 954 1096 omnia
986 1052 1235 1099 latrociniis
1270 1053 1424 1100 infesta
1458 1056 1579 1104 circa
1602 1056 1641 1101 se
1669 1057 1945 1114 reddidisset,

181 1118 253 1178 (3)
285 1116 575 1162 Gulielmum
603 1114 862 1162 Ruvenium
898 1116 1048 1161 Perthi
1084 1121 1154 1179 (4)
1182 1117 1533 1171 Vicecomitem,
1557 1121 1683 1182 quod
1722 1123 1946 1168 latronem

179 1181 422 1227 Atholium
444 1180 501 1227 ad
524 1180 794 1242 supplicium
818 1179 1019 1232 duceret,
1037 1184 1264 1244 aggressus
1288 1184 1559 1245 propejusto
1581 1201 1684 1231 curn
1709 1203 1763 1232 eo
1786 1188 1947 1248 praelio

174 1244 401 1291 conflixit.
467 1245 679 1290 Tandem
717 1244 953 1290 Gormaco
981 1246 1098 1291 duce
1125 1262 1230 1292 cum
1266 1247 1453 1308 triginta
1476 1248 1603 1294 sociis
1625 1250 1753 1303 caeso,
1779 1249 1946 1312 reliqui

176 1309 288 1371 fuga
310 1309 352 1355 se
373 1321 641 1371 receperunt
660 1307 708 1355 in
733 1320 926 1355 montes.
994 1310 1164 1357 Incidit
1186 1310 1283 1357 haec
1306 1329 1462 1376 pugna
1490 1312 1537 1359 in
1561 1330 1730 1361 annum
1755 1314 1782 1360 a
1803 1315 1943 1362 Chri-

173 1373 237 1420 sso
263 1386 369 1420 nato
401 1390 557 1436 ¹443·

240 1439 369 1484 XIX.
407 1439 515 1484 Non
540 1437 654 1484 adeo
673 1437 828 1483 multis
850 1439 945 1498 post
976 1438 1136 1485 diebus
1157 1438 1548 1487 Britannodunum
1574 1459 1651 1490 arx
1675 1442 1845 1491 viribus
1868 1443 1940 1491 in-

172 1502 496 1564 expugnabilis
515 1502 634 1548 intra
653 1518 817 1564 paucos
842 1502 937 1547 dies
961 1503 1029 1550 bis
1059 1518 1191 1565 capta
1226 1503 1326 1549 fuit.
1397 1506 1590 1551 Praeerat
1620 1507 1709 1553 arci
1734 1507 1938 1554 inferiori

172 1567 402 1612 Robertus
425 1567 670 1627 Semplius,
694 1564 909 1627 superiori
940 1566 1159 1612 Patricius
1184 1568 1481 1623 Galbrethus‚
1507 1569 1571 1616 ita
1603 1571 1754 1630 partiti
1787 1576 1939 1632 impe-

170 1630 309 1682 rium,
333 1644 382 1676 ut
419 1629 694 1690 peculiarem
725 1629 914 1691 quisque
948 1631 1123 1676 aditum
1148 1630 1193 1677 in
1229 1630 1348 1676 suam
1387 1646 1558 1693 partem
1585 1634 1799 1682 habentes
1827 1639 1896 1699 (5)
1923 1654 1934 1682 :

170 1711 255 1741 nec
275 1695 319 1738 hi
345 1694 532 1756 quidem
558 1693 582 1739 a
611 1693 884 1739 factionibus
903 1693 1049 1741 liberi.
1120 1694 1338 1741 Patricius
1361 1695 1482 1741 enim
1507 1698 1686 1744 occulte
1710 1700 1938 1764 Duglaffi·

170 1759 268 1804 anis
291 1759 442 1805 favere
458 1758 742 1804 credebatur.
812 1759 952 1804 Hunc
979 1758 1224 1820 Semplius,
1250 1775 1351 1804 cum
1378 1759 1649 1821 superiorem
1685 1763 1799 1808 arcis
1834 1783 1938 1828 par-

169 1836 264 1869 tem
300 1821 607 1885 negligentius
637 1822 694 1869 ab
717 1838 771 1867 eo
793 1822 1004 1869 custodiri
1028 1824 1426 1876 animadvertoss'et,
1451 1840 1506 1870 ex
1536 1841 1588 1871 ca
1608 1827 1842 1888 expulsum
1869 1846 1938 1877 res

166 1887 265 1934 suas
287 1900 526 1949 exportare
541 1886 678 1946 jussit.
729 1886 943 1933 Postridie
962 1887 1182 1933 Patricius
1202 1904 1306 1933 cum
1330 1892 1527 1950 quatuor
1548 1891 1794 1938 comitibus
1818 1894 1938 1941 iner-

165 1950 318 1998 mibus
355 1951 413 1998 ad
445 1950 771 2012 supelleflilem
810 1952 1138 2017 exportandam
1175 1952 1408 2015 ingress'u5‚
1435 1952 1631 2014 primum
1669 1955 1933 2017 janitorem,

167 2031 274 2061 eum
300 2015 441 2062 solum
466 2017 639 2069 nactus,
664 2014 832 2061 deinde
862 2016 1050 2078 arreptis
1075 2016 1229 2070 armis,
1263 2028 1449 2063 caeteros
1480 2034 1535 2064 ex
1569 2035 1671 2065 arce
1709 2019 1936 2082 superiore

167 2079 352 2142 dejecit.
421 2080 539 2126 Mox
557 2078 712 2124 accitis
734 2095 789 2125 ex
811 2079 986 2142 oppido
1006 2079 1266 2142 propinquo
1287 2080 1486 2135 auxiliis,
1511 2082 1648 2130 etiarn
1668 2099 1724 2128 ex
1747 2085 1937 2134 inferio-

162 2160 211 2192 re
229 2144 434 2197 exclusit,
465 2142 705 2205 totamque
737 2143 955 2189 arcem‘in
979 2142 1100 2190 suam
1126 2145 1386 2206 potestatem
1411 2146 1602 2209 redegit.
1672 2148 1936 2213 l’laeraeque

165 2225 249 2271 per
268 2208 318 2255 id
350 2220 531 2269 ternpus
551 2206 827 2270 ignobilium
853 2207 1093 2255 hominurn
1115 2206 1260 2254 caedes
1284 2207 1429 2263 fact&
1465 2225 1565 2270 quae
1596 2212 1758 2272 partim
1785 2212 1810 2259 a
1833 2215 1936 2261 Du-

163 2272 390 2336 glassiams
414 2272 724 2334 patrabantur,
746 2272 909 2333 partim
935 2273 994 2318 ab
1015 2271 1214 2318 inimicis
1237 2273 1293 2318 ad
1312 2288 1388 2318 eos
1410 2273 1737 2323 referebantur.
1805 2278 1936 2343 Rege

161 2336 419 2398 igiturjarn
442 2335 616 2389 adulto,
638 2341 678 2382 ἃς
711 2335 843 2382 rebus
865 2336 1077 2399 gerendis
1112 2335 1338 2389 adhibito,
1362 2336 1622 2400 Duglassius
1643 2339 1829 2387 invidiae
1851 2360 1935 2389 no-

163 2400 375 2454 bilitatis,
401 2405 440 2447 &
463 2399 609 2461 plebis
631 2400 688 2446 de
712 2400 753 2446 se
777 2400 972 2462 querelis
992 2399 1159 2463 impar,
1185 2400 1335 2446 statuit
1358 2401 1541 2447 mutatis
1563 2403 1765 2450 moribus
1784 2422 1935 2469 popu·

161 2466 212 2512 lo
233 2465 501 2520 satisfacere,
524 2465 574 2512 δε
598 2463 944 2527 quibuscunque
966 2465 1107 2526 posset
1128 2464 1397 2519 rationibus,
1422 2465 1597 2527 Regem
1628 2466 1708 2513 sibi
1730 2470 1933 2518 aversum

162 2528 425 2576 conciliare.
493 2528 672 2590 Magno
704 2527 859 2601 itaque
880 2528 1101 2574 comitatu
1137 2527 1382 2575 sterlinum
1414 2530 1555 2576 venit.
1622 2531 1799 2594 Regem
1826 2549 1933 2582 cnm

160 2608 244 2657 per
263 2592 436 2639 aulicos
462 2591 530 2638 lar
564 2589 702 2638 iendo
723 2592 805 2638 fib1
826 2592 1006 2639 venales
1029 2592 1259 2654 placatum
1283 2591 1487 2647 resciss'et,
1512 2607 1607 2640 tum
1632 2594 1816 2643 demum
1841 2596 1935 2660 ipse

160 2655 278 2704 adiit
306 2674 317 2702 :
351 2672 404 2702 ac
425 2655 486 2710 se,
514 2607 699 2718 {isque
735 2655 936 2702 fortunas
958 2655 1001 2701 ei
1035 2656 1252 2718 permisit.
1312 2655 1575 2718 Ruperioris
1602 2658 1708 2705 vitae
1738 2659 1933 2709 crimina

158 2719 328 2783 partim
352 2733 534 2782 purgat,
551 2719 716 2778 partim
741 2720 981 2782 (quoniar'n
1003 2719 1052 2766 id
1075 2719 1346 2783 placabilius
1363 2720 1623 2783 videbatur)
1644 2722 1844 2788 ingenue
1860 2725 1930 2774 fa·

158 2797 297 2832 tetur.
367 2781 703 2846 Qarncfinque
726 2784 909 2846 posthac
939 2783 1175 2830 habiturus
1196 2785 1302 2831 esset
1322 2784 1569 2839 fortunam,
1600 2802 1699 2834 eam
1723 2788 1766 2835 se
1789 2789 1933 2856 Regis

157 2848 435 2901 elementiae,
456 2863 546 2894 non
586 2846 672 2894 suae
702 2845 977 2893 innocentiae
999 2847 1279 2894 debiturum.
1347 2849 1489 2912 Qud
1512 2849 1541 2895 si
1565 2851 1666 2898 Rex
1686 2853 1866 2909 officiis,
1891 2861 1933 2903 &

157 2911 381 2974 obsequio
403 2910 484 2958 fibi
506 2909 706 2958 satisfieri
728 2910 947 2973 patiatur,
974 2910 1016 2957 se
1038 2925 1319 2964 curaturum,
1359 2926 1406 2958 ut
1429 2913 1534 2968 fide,
1557 2914 1857 2970 observantia.
1882 2922 1934 2968 δε

158 2975 309 3023 studio
328 2970 438 3039 erga
466 2992 570 3023 eum
605 2973 633 3020 ὲ
659 2973 842 3021 nemine
862 2973 1087 3021 vincatur.
1156 2975 1208 3021 ln
1236 2976 1517 3030 coe'rcendis,
1538 2982 1575 3024 δι
1601 2978 1845 3041 puniendis
1865 2981 1934 3029 la·

159 3039 389 3094 tronibus,
410 3054 607 3102 quorum
640 3038 806 3086 scelera
834 3037 1011 3085 inimici
1034 3039 1083 3085 in
1105 3037 1252 3101 ipsum
1275 3039 1551 3095 conferrent,
1581 3043 1760 3090 nullum
1782 3060 1933 3108 neque

157 3103 402 3158 acriorem,
434 3119 583 3167 neque
620 3101 962 3175 diligentiorem
995 3102 1220 3150 futurum.
1288 3104 1345 3150 Se
1363 3120 1417 3152 ea
1438 3103 1614 3153 familia
1633 3119 1803 3164 ortum,
1825 3125 1933 3172 quae

157 3181 253 3212 non
274 3165 453 3228 injuriis
485 3167 535 3215 in
557 3165 902 3222 imbecilliores,
920 3165 995 3213 sed
1012 3167 1148 3214 armis
1172 3167 1462 3231 protegenda
1476 3168 1611 3230 plebe
1633 3170 1814 3219 Scotica
1831 3188 1933 3220 cre·

156 3227 303 3276 visset.
370 3231 475 3278 Hac
502 3230 709 3278 oratione
731 3229 949 3285 Comitis,
970 3230 1319 3294 aulicorumque
1340 3232 1509 3279 secreta
1527 3235 1931 3285 commendatione

158 3291 264 3340 Rex
279 3292 394 3342 adeo
415 3306 616 3344 mutatus
634 3296 713 3352 est,
725 3306 776 3342 ut
791 3293 1000 3343 omniurn
1018 3294 1259 3360 superioris
1279 3295 1386 3345 vitae
1406 3295 1651 3348 criminum
1668 3298 1816 3365 gratia
1834 3299 1932 3351 fac·

214 3419 283 3474 (ι)
313 3420 450 3459 March
472 3434 633 3476 1443-4.
1071 3425 1148 3465 carl
1167 3424 1212 3479 οξ
1224 3423 1394 3465 Gowrie.

214 3473 284 3524 (2)
313 3473 358 3510 In
375 3475 473 3512 Lent
490 3475 597 3515 time.
1128 3478 1192 3529 (4)
1221 3476 1374 3516 Sheriff.

215 3527 284 3582 (3)
315 3524 545 3569 Predeceffox
569 3536 609 3571 to
634 3529 700 3573 the
726 3532 808 3575 loni
822 3531 1021 3585 Ruthven,
1126 3531 1192 3585 (5)
1219 3529 1311 3574 scil.
1327 3529 1455 3591 essent.
