1994 3833
121 132 256 223 4¹78
415 133 775 199 RERUM
881 131 1578 204 Sco‘rICARUM

119 227 454 284 vehementiuS,
489 244 624 293 quarn
647 225 837 291 pei-illa
857 238 1065 290 tempora
1086 239 1235 275 tutum
1270 232 1382 285 erat,
1418 230 1752 284 instaur-antium
1787 254 1883 289 rem

122 293 465 356 ecclesiasticam
487 293 664 339 causam
693 303 912 346 tueretur,
936 306 962 337 a
984 292 1214 345 GufianiS,
1252 294 1333 356 qui
1367 295 1523 342 omnia
1544 300 1663 359 apud
1685 301 1884 351 Francis.

122 365 228 405 cum
252 359 472 404 minorem
500 367 727 420 poterant,
750 356 809 402 ad
838 368 1053 404 terrorem
1075 357 1344 405 inferiorum
1365 357 1577 405 ordinum
1603 362 1889 412 morti'destir

117 422 332 470 nabatur.
397 421 501 477 Nec
523 419 753 466 dubitavit
774 419 1033 468 Cardinalis
1052 421 1335 468 Lotharenus
1358 438 1461 468 curn
1485 422 1532 468 in
1554 424 1704 475 senatu
1732 428 1890 476 Parisi-

121 486 213 531 ensr
236 484 549 532 vehementius
567 481 614 529 in
638 483 814 530 causam
837 483 1089 532 instauratae
1107 485 1342 549 religionis
1360 485 1664 543 inveheretur,
1684 505 1890 550 pronun-

122 549 240 595 ciare
262 565 336 595 eos
371 564 515 610 prope
544 547 665 594 diem
689 547 959 612 supplicium
994 551 1266 612 spesiaturos
1285 549 1502 605 hominis,
1527 551 1605 613 qui
1629 552 1890 616 principum

123 612 381 676 dignationi
418 613 523 658 esset
567 612 773 674 aequalis.
839 614 894 660 Id
917 613 997 660 ille
1019 628 1122 661 cum
1146 613 1352 668 rescisset,
1394 627 1529 676 atque
1551 615 1599 664 in
1625 619 1890 671 memoriam

121 677 380 730 revocasset,
405 677 447 722 se
471 692 561 724 non
586 675 651 722 ita
672 675 848 739 pridem
874 693 977 723 curn
1001 677 1134 725 Duce
1158 678 1301 725 Gufio
1322 678 1508 726 libe-rius
1528 680 1665 735 verba
1683 696 1892 729 commu-

121 742 244 792 taffe,
264 740 540 787 clandestina
552 740 663 804 fuga
684 741 740 787 de
758 741 945 788 consilio
969 742 1218 789 amicorum
1241 742 1374 789 saluti
1391 743 1620 790 consuluit
1640 762 1652 791 ι
1688 758 1741 796 ac
1763 747 1894 793 dere·

123 816 261 867 pente
289 816 454 868 praeter
487 805 693 851 omnium
715 805 1077 866 expectationem
1112 806 1364 854 domesticis
1400 806 1675 856 'tumultibus
1696 808 1893 858 interve·

119 868 191 915 nit
214 885 225 920 2
253 884 308 916 ac
325 869 419 932 ipse
442 869 500 915 ad
523 882 673 931 partes
692 869 930 917 vindicum
955 870 1134 932 pietatis
1157 870 1346 918 accessit.
1395 872 1518 918 Cum
1543 883 1668 933 patre
1683 873 1819 920 etiam
1839 881 1892 922 e‘·
1927 877 1937 913 ἶ

117 933 206 998 git,
233 948 282 980 ut
303 932 344 979 se
367 933 432 980 eis
453 933 723 998 adjungeret
745 952 756 982 :
799 951 852 982 ac
870 937 1039 983 multos
1061 952 1086 982 e
1112 933 1339 983 veteribus
1385 936 1564 987 offensis
1605 936 1649 982 ei
1678 936 1893 986 inimicos

122 997 455 1044 reconciliavit.
1822 1046 1824 1048 v

185 1061 312 1119 XLI.
346 1062 577 1126 Principes
599 1061 828 1118 fafflonis,
871 1063 953 1126 qui
974 1061 1039 1109 ibi
1062 1063 1265 1119 aderant,
1289 1079 1392 1111 cum
1416 1079 1501 1121 pro
1528 1075 1653 1111 certo
1675 1064 1894 1119 audissent

122 1125 360 1174 auxiliares
384 1127 537 1190 copias
561 1128 726 1189 partim
743 1127 839 1187 jam
855 1127 1089 1191 appulisse,
1117 1127 1280 1190 partim
1305 1142 1354 1174 ut
1375 1128 1716 1191 quamprimum
1738 1130 1896 1178 mitte·

122 1202 296 1254 rentur‚
320 1190 559 1246 conscribi,
576 1190 866 1256 Lethamque
888 1191 1069 1239 summa
1081 1192 1127 1239 vi
1145 1191 1438 1246 communiri,
1461 1203 1509 1239 ut
1530 1193 1741 1241 horreum
1766 1210 1895 1242 com-

121 1267 375 1311 meatuum,
412 1261 453 1303 &
487 1269 729 1319 apparatus
763 1256 920 1303 bellici
941 1257 1048 1303 effet
1071 1273 1092 1322 ε.
1118 1254 1276 1320 ibique
1303 1256 1445 1304 Gallie
1466 1255 1514 1303 in
1544 1258 1678 1305 rebus
1704 1260 1895 1306 adversis

122 1332 377 1383 receptum,
401 1319 449 1366 in
472 1320 677 1367 secundis
699 1333 880 1383 portum
908 1319 1200 1383 suscipiendis
1223 1320 1382 1368 amicis
1410 1320 1649 1377 haberent,
1674 1323 1896 1383 (1)·Scoti
1952 1351 1964 1358 ·-

125 1400 206 1457 per
241 1385 340 1435 haec
364 1396 569 1448 tempora
597 1384 754 1431 accitis
792 1385 1096 1447 undequaque
1119 1385 1282 1448 copiis,
1307 1385 1500 1432 Letham
1533 1385 1785 1442 obsidione,
1809 1386 1896 1442 -sed
1938 1393 1954 1414 ·’

124 1450 283 1495 trustra
340 1449 551 1496 claudere
585 1461 778 1496 tentant.
847 1449 971 1496 Nam
1017 1449 1110 1495 fere
1154 1448 1379 1512 quicquid
1407 1465 1638 1495 aenearum
1663 1450 1896 1498 machina-

125 1530 287 1563 narum
309 1525 404 1559 erat
421 1511 470 1559 in
494 1513 664 1567 scotia,
679 1530 816 1575 penes
834 1515 1090 1577 Regentem
1111 1525 1222 1568 erat,
1249 1526 1327 1560 aut
1348 1514 1416 1574 (2)
1432 1513 1544 1560 arcis
1559 1514 1897 1577 Edirnburgen-

125 1578 180 1630 fis
204 1577 486 1640 praefefhim,
511 1577 592 1639 qui
614 1574 820 1625 nondum
844 1594 947 1624 cum
971 1577 1191 1628 libertatis
1216 1579 1414 1639 publicae
1432 1577 1688 1624 vindicibus
1712 1579 1753 1625 se
1787 1593 1897 1626 con.

121 1639 332 1701 junxerat
359 1659 369 1687 :
403 1657 553 1704 neque
570 1657 707 1704 penes
730 1657 887 1689 eorum
924 1641 1165 1693 faciionem
1193 1642 1263 1687 hae
1285 1642 1401 1687 vires
1423 1655 1568 1695 erant,
1604 1655 1651 1688 ut
1674 1642 1899 1704 oppidum

128 1701 188 1751 ab
213 1722 300 1753 una
323 1718 448 1770 parte
472 1722 585 1752 mari
605 1706 821 1759 ducllum,
847 1711 895 1755 &
919 1705 1062 1752 fluvio
1081 1704 1274 1752 divisum
1297 1706 1504 1755 claudere
1520 1706 1638 1766 justa
1660 1706 1902 1760 obsidione

127 1771 318 1833 possent.
387 1770 553 1816 Gallus
575 1769 747 1816 interea
768 1770 825 1816 de
848 1786 995 1818 rerum
1022 1769 1302 1819 Scoticarum
1328 1770 1438 1819 statu
1461 1769 1625 1819 certior
1647 1769 1789 1817 facilus
1811 1771 1901 1818 La,

138 1834 349 1881 broflium
367 1834 572 1896 equitem
599 1836 669 1895 (3)
696 1833 978 1881 Conchiliati
999 1833 1171 1880 ordinis
1195 1850 1301 1879 cum
1320 1832 1499 1883 duobus
1523 1833 1726 1880 millibus
1770 1835 1901 1897 pedi?

128 1909 228 1946 tum
251 1901 308 1947 εὸ
330 1898 466 1955 mifit,
505 1897 596 1961 qui⁴
627 1899 827 1963 Regenti
849 1901 1042 1961 Papanae
1066 1896 1389 1961 superstitionis
1410 1898 1585 1945 cultum
1610 1899 1902 1960 promoventi

130 1978 218 2026 pro
250 1963 423 2010 viribus
461 1964 672 2014 adessent.
741 1963 900 2009 Missus
939 1962 1027 2010 fuit
1050 1961 1411 2025 una-Episcopus
1430 1962 1764 2013 Ambianensis.
1797 1963 1902 2009 tres·

127 2044 221 2091 que
243 2029 450 2083 doctores
462 2027 721 2082 Sorbonici,
731 2027 813 2089 qui
823 2027 879 2074 de
893 2027 1222 2079 controversus,
1247 2026 1278 2073 fi
1299 2042 1415 2089 opus
1428 2027 1549 2081 eflet,
1569 2026 1900 2089 disceptarent:
1935 2077 1941 2081 x

128 2108 289 2139 eorum
313 2092 533 2141 adventus
554 2093 774 2155 Regentis
808 2093 1011 2138 animum
1035 2091 1260 2151 dejectum
1282 2089 1348 2137 ita
1371 2091 1531 2143 erexit,
1558 2105 1607 2137 ut
1629 2091 1773 2138 sancte
1795 2108 1903 2154 pro-

131 2155 417 2213 mitteret‚.se
438 2156 726 2220 propediem
766 2172 925 2220 poenas
962 2156 1019 2207 de
1049 2157 1281 2209 divorum,
1331 2160 1371 2206 δι
1395 2156 1579 2218 Rregum
1602 2156 1802 2222 hostibus
1823 2172 1904 2206 ex·

131 2233 400 2284 petituram.
1440 2261 1444 2269 .

201 2286 358 2337 XLII.r
385 2286 423 2332 E
446 2280 729 2348 principibus
771 2282 1032 2332 nobilitatis-
1063 2281 1309 2333 duodecim
1344 2294 1441 2332 tum
1472 2281 1752 2346 Edirnburgi
1775 2296 1904 2331 erant
1955 2288 1957 2292 ’

139 2350 340 2405 colleffl,
363 2366 390 2395 a
409 2349 577 2412 quibus
611 2348 868 2404 Labroflio,
890 2355 928 2396 δι
971 2347 1215 2411 Episcopo,
1239 2348 1319 2411 qui
1352 2348 1393 2399 se
1412 2349 1585 2410 legatos
1609 2347 1755 2394 missos
1779 2348 1906 2394 dice*

136 2409 266 2472 bant,
294 2420 333 2461 Sc
356 2411 478 2460 diem
499 2414 555 2460 ad
579 2413 852 2476 explicanda
893 2414 1105 2460 mandata
1135 2423 1341 2475 peterent
1365 2430 1376 2459 :
1412 2412 1668 2474 responsum
1692 2413 1769 2467 est‘,
1796 2420 1829 2439 “
1852 2429 1904 2459 e-
1955 2450 1979 2465 ,,

139 2494 191 2525 os
215 2495 305 2529 non
330 2494 490 2541 pacem
516 2480 663 2540 (quod
682 2476 971 2538 simulabant)
993 2494 1212 2547 quaerere,
1238 2478 1310 2524 sed
1334 2477 1506 2523 bellum
1527 2474 1705 2523 minari.
1774 2475 1908 2522 Alio..

134 2543 219 2611 qui
240 2542 353 2606 quid
368 2542 592 2589 attinebat
611 2557 798 2588 armatas
819 2542 1029 2589 cohortes
1043 2542 1098 2590 ad
1121 2541 1460 2605 disceptandum
1485 2540 1710 2597 adducere
1728 2543 1744 2586 ἰ
1771 2540 1813 2586 se
1825 2556 1908 2591 ve,-

139 2623 194 2654 ro
213 2617 306 2654 non
327 2608 443 2655 adeo
465 2623 615 2654 rerum
638 2608 723 2652 effe
743 2606 945 2670 ignaros,
973 2618 1023 2653 ut
1043 2606 1090 2652 in
1113 2623 1211 2656 earn
1235 2604 1608 2668 disceptationem
1629 2605 1670 2651 se
1691 2604 1907 2656 commit-

138 2682 308 2726 terent,
333 2671 412 2718 ubi
434 2670 539 2734 cogi
562 2672 734 2732 possent
753 2670 1119 2728 ad‘conoitiones
1157 2670 1451 2724 inimicorum
1472 2669 1661 2716 arbitrio
1681 2668 1910 2732 accipien-

139 2737 237 2790 daS.
307 2734 451 2798 Qod
472 2736 502 2781 fi
527 2734 782 2796 pacificatio
800 2733 919 2782 inter
941 2751 1066 2781 arma
1107 2734 1324 2797 placeret,
1365 2734 1407 2781 se
1449 2750 1634 2796 quoque
1655 2746 1907 2788 curaturos,

142 2818 202 2847 ne
226 2792 376 2862 magis
398 2798 444 2844 vi
465 2800 704 2861 compulsi,
720 2815 856 2861 quam
872 2798 1122 2850 rationibus
1135 2798 1318 2847 adducti
1330 2797 1608 2845 viderentur.
1639 2798 1715 2844 Illi
1739 2809 1910 2853 autem,

141 2863 272 2927 quod
290 2880 383 2926 prae
404 2863 447 2909 se
470 2863 641 2917 ferunt,
665 2865 695 2909 fi
717 2879 839 2917 vere,
865 2866 915 2912 δε
935 2880 1000 2909 ex-
1024 2863 1177 2911 animo
1201 2873 1374 2930 petant,
1399 2860 1691 2925 peregrinum
1714 2861 1910 2908 militem

141 2929 398 2983 remittant,
435 2927 718 2990 inermesque
739 2931 811 2988 (ut
830 2925 944 2987 saepe
960 2926 1089 2985 alias)
1122 2967 1130 2989 ¹.
1142 2925 1435 2981 conveniant,
1479 2927 1606 2972 velut
1626 2926 1682 2971 ad
1725 2941 1819 2972 rem
1853 2924 1912 2974 ex
1943 2958 1957 2967 ‚
1986 2953 1992 2967 a

145 3008 279 3056 aequo
321 2992 708 3063 componendam,
749 3007 841 3038 non
864 2990 1001 3045 ferro,
1041 2996 1081 3037 δι
1119 2990 1291 3042 viribus
1333 2990 1717 3045 decernendam.'’
1794 2986 1914 3037 Haec

147 3058 333 3118 quidem
374 3056 432 3104 de
471 3056 648 3120 legatis.
709 3055 786 3114 De
820 3055 1077 3102 munitione
1113 3055 1272 3101 Lethae
1309 3053 1358 3102 in
1379 3055 1498 3103 hanc
1520 3053 1614 3107 fere
1646 3053 1913 3101 sententiam
1939 3056 1976 3117 ⁶,

143 3119 483 3193 rescripserunt,
541 3122 576 3159 ‘1‘
600 3120 641 3167 se
670 3119 964 3167 vehementer
983 3119 1156 3174 mirari,
1178 3119 1306 3181 quod
1328 3121 1512 3183 Regens
1533 3117 1670 3166 nullis
1692 3132 1914 3181 provoca·
1955 3118 1970 3130 ”

146 3196 193 3230 ta
232 3185 412 3250 injuriis
455 3198 549 3232 tam
598 3184 693 3231 cito
734 3201 763 3231 a
798 3183 1036 3238 conventis
1057 3183 1291 3231 recess'erit
1329 3202 1342 3230 ι
1391 3198 1444 3230 ac
1484 3182 1715 3229 veteribus
1755 3181 1915 3228 Lethae'
1988 3196 1990 3199 ·

144 3248 310 3295 incolis
350 3251 569 3314 expulsis,
606 3247 1043 3320 peregrinorumque
1080 3247 1263 3295 colonia
1298 3246 1366 3294 ibi
1405 3246 1648 3304 collocata,
1666 3261 1814 3293 arcem
1851 3241 1915 3313 'ad

145 3373 185 3403 to
203 3367 303 3412 God,
316 3366 501 3416 receiving
515 3367 580 3406 the
597 3365 687 3417 holy
701 3367 852 3418 supper3
870 3366 999 3406 which'
1106 3365 1168 3417 (2)
1196 3365 1300 3418 John
1315 3363 1584 3412 lord¹Erss<ine2
1603 3363 1799 3402 afterward
1836 3360 1921 3404 ead·

150 3419 307 3467 promise
325 3419 373 3456 he
392 3421 588 3470 faithfully
601 3421 787 3470 observed,
806 3421 865 3458 for
878 3419 1005 3458 which
1059 3419 1223 3466 ofMar,
1240 3419 1308 3456 lib.
1332 3431 1392 3468 17.
1406 3431 1487 3468 cap.
1505 3418 1570 3461 26,
1585 3417 1652 3455 lib.
1675 3408 1737 3454 181
1754 3427 1831 3464 cap.
1847 3424 1914 3450 22·

127 3474 201 3521 ,he
220 3483 293 3506 was
314 3483 415 3510 more
431 3474 522 3510 than
542 3487 562 3510 a
581 3487 666 3522 year
691 3474 860 3511 detained
890 3473 1005 3524 priso-
1113 3476 1154 3524 (3
1170 3488 1180 3518 ι
1207 3471 1359 3520 Knight
1376 3471 1422 3508 of
1436 3472 1502 3517 the
1515 3472 1621 3507 order
1635 3469 1680 3506 of
1687 3468 1751 3505 the
1768 3464 1928 3510 cockler

151 3536 219 3574 ner
235 3530 274 3559 at
290 3523 378 3561 Bois
396 3526 440 3561 de
458 3527 681 3569 Vincennes
701 3539 790 3564 near
807 3527 925 3565 Paris,
1004 3566 1007 3567 γ
1061 3525 1252 3577 thechies
1266 3526 1375 3575 order
1392 3522 1438 3563 of
1449 3521 1687 3572 knighthood
1703 3520 1744 3559 in
1760 3519 1914 3574 Francey.

186 3577 267 3627 ‘(1¹)
295 3576 404 3616 Hanc
421 3589 552 3627 vocem
571 3579 686 3619 deleri
698 3579 807 3631 jubet
823 3579 939 3628 Cras-h
1169 3574 1174 3579 ⁴
1310 3589 1317 3594 '
1541 3578 1546 3583 ”
1729 3587 1735 3592 '

1757 3606 1917 3676 interi„
1941 3628 1965 3643 ··
