2035 3833
173 160 308 221 320
485 143 849 211 RERUM
942 145 1626 222 ScoTtCARtJM

172 237 526 305 Fomsthimque,
552 249 592 290 Sc
615 243 789 289 vicinos
814 241 1211 304 Duglaffianorum
1236 263 1368 310 agros
1390 248 1617 297 incubuit.
1669 254 1936 303 Vastitatem

171 318 388 367 agrorum
409 307 567 361 sames,
589 307 754 352 famem
777 304 908 366 pestis
930 307 1171 354 consecuta
1187 310 1263 356 est.
1292 312 1471 359 Interea
1490 315 1802 375 prudentiores
1824 321 1939 366 ami-

171 381 331 417 corum
354 372 458 417 etim
490 371 795 431 saepenumero
824 386 929 416 cum
953 370 1189 436 Duglaslio
1211 373 1415 438 egiss‘ent,
1441 390 1490 424 ut
1511 377 1569 431 se,
1595 378 1762 442 suique
1783 385 1940 430 onmia

173 431 336 497 Regiae
355 435 627 488 clementiae,
640 450 777 496 quam
797 448 930 480 antea
949 435 1211 499 frequenter
1227 440 1418 500 majores
1436 441 1534 501 ejus
1548 445 1722 505 experti
1744 444 1940 501 fuerant,

171 498 455 558 permitteret
479 515 488 542 ε
523 512 626 543 cum
654 498 895 560 praesertim
919 500 1096 562 Regem
1121 502 1308 549 haberet
1326 519 1485 551 natura
1507 505 1708 562 facilem,
1725 511 1768 557 8<
1792 524 1873 571 per
1893 527 1943 556 a·

171 560 317 608 micos
341 560 617 607 exorabilem
637 579 648 608 :
675 580 757 610 nec
786 563 861 609 sua
880 565 1129 625 pertinacia
1147 566 1367 615 familiam
1389 569 1671 617 clarissimam
1696 573 1939 635 extingue-

173 637 242 671 ret
270 642 282 672 :
317 628 475 688 totque
498 626 698 672 virorum
724 627 983 683 illustrium,
1007 631 1088 691 qui
1112 630 1270 677 sectam
1294 633 1389 693 ejus
1413 633 1728 696 sequebantur,
1753 635 1941 684 salutem

172 691 403 750 proderet,
420 701 498 736 aut
519 692 576 737 εὸ
602 691 866 738 necessitatis
885 709 962 738 eos
985 694 1311 749 adduceret,ut
1340 698 1674 745 calamitatibus
1701 699 1828 747 fracti
1860 701 1943 748 sibi

171 754 401 800 consulere
422 768 714 818 cogerentur,
731 756 912 803 facilem
931 757 973 802 ei
994 758 1087 805 sore
1107 760 1469 821 pacificationem
1491 763 1622 809 rebus
1643 764 1908 811 florentibus
1927 784 1938 812 ς

170 816 345 864 deserto
366 818 424 864 ab
445 819 603 865 amicis
627 821 800 866 nullam
824 821 945 882 spem
971 825 1115 869 veniae
1137 824 1369 887 superesse.
1429 827 1616 888 Juvenis
1635 840 1783 882 aetate,
1810 834 1849 874 δι
1868 830 1943 875 in—

170 881 311 943 genio
333 882 462 929 ferox
491 883 739 944 respondit,
766 902 1001 947 nunquam
1022 905 1179 934 eorum
1203 890 1409 951 potestati
1441 890 1481 936 se
1506 891 1836 953 permifl'uruin,
1859 893 1941 955 qui

169 962 254 992 nec
272 946 576 1008 purioris‚nec
596 948 757 1003 divini,
780 963 857 996 aut
881 953 1064 999 humani
1084 952 1197 1013 juris
1219 954 1414 1000 vinculis
1440 956 1543 1001 ullis
1567 955 1936 1004 continerentur:

167 1009 247 1072 qui
284 1011 382 1056 suos
405 1014 649 1072 patrueleS,
681 1014 959 1078 fratremque
983 1017 1150 1063 blande
1174 1018 1437 1079 pollicendo
1460 1020 1517 1065 ad
1540 1019 1581 1065 se
1603 1022 1821 1066 adductos
1846 1034 1940 1068 tani

166 1075 427 1137 perfidiose,
446 1084 484 1123 δι
508 1077 753 1125 crudeliter
775 1081 1044 1127 trucidarint
1066 1101 1076 1127 :
1109 1082 1265 1128 omnia
1287 1083 1438 1145 petius
1460 1098 1663 1130 extrema
1689 1086 1934 1146 passurum,

167 1139 309 1201 quam
334 1154 382 1187 ut
403 1157 560 1188 eorum
594 1142 634 1189 se
667 1144 773 1190 fidei
806 1146 1025 1192 crederet.
1096 1146 1212 1192 Haec
1238 1164 1319 1210 pro
1351 1150 1540 1211 ingenio
1562 1148 1751 1211 quisque
1775 1152 1937 1212 proba·
2012 1206 2019 1214 ι

165 1203 263 1259 bat,
281 1219 357 1252 aut
376 1207 754 1267 reprehendebat.
825 1211 1101 1264 Ferociores,
1117 1225 1195 1257 aut
1211 1211 1378 1275 quibus
1400 1211 1519 1258 mala
1542 1212 1728 1276 publica
1749 1215 1937 1275 quaestui

164 1283 310 1325 erant,
333 1269 476 1317 animi
498 1271 864 1334 magnitudinem
886 1274 1071 1322 laudare
1098 1294 1108 1322 ε
1147 1276 1462 1337 prudentiores
1486 1278 1683 1330 luadere,
1703 1295 1756 1324 ne
1779 1280 1834 1324 ad
1859 1295 1942 1324 cx·

164 1345 360 1382 tremum
384 1335 692 1382 deserentibus
713 1336 871 1384 amicis
893 1340 1172 1386 occasionem
1201 1340 1469 1400 pacificandi
1490 1342 1584 1388 sero
1606 1356 1869 1405 quereretur
1887 1359 1939 1390 0-

163 1398 336 1447 mifl'am
371 1419 382 1448 :
415 1401 496 1462 qui
520 1401 612 1447 fere
629 1402 776 1448 exitus
799 1402 941 1450 stultis
963 1404 1158 1450 consiliis
1181 1406 1264 1450 esse
1288 1404 1412 1451 salet.

231 1465 382 1512 XLII.
419 1469 482 1511 At
521 1465 774 1513 Crafordiae
810 1470 978 1514 Comes
1014 1469 1258 1531 longinqui
1290 1469 1401 1516 belli
1437 1469 1665 1532 pertaesus‚
1698 1473 1742 1519 &
1774 1471 1933 1524 causae,

163 1544 304 1591 quam
323 1530 564 1576 sustinebat
585 1529 896 1592 iniquitatem,
914 1533 1270 1594 communesque
1293 1550 1439 1580 rerum
1464 1535 1845 1597 commutationes
1870 1536 1933 1582 sc-

162 1608 268 1639 cum
296 1607 524 1656 reputans,
542 1595 795 1657 gnarusque
814 1598 992 1643 veniam
1014 1599 1349 1659 praeoccupanti
1377 1599 1596 1660 principis
1621 1599 1811 1662 gratiam
1838 1599 1934 1646 fore

161 1657 363 1711 facilem,
385 1658 683 1721 perseveranti
708 1659 753 1705 in
777 1660 912 1705 armis
933 1661 1183 1713 difficilem,
1207 1663 1333 1707 simul
1357 1664 1413 1707 ab
1437 1662 1687 1708 amicorum
1709 1677 1833 1724 parte
1854 1665 1934 1709 de·

160 1722 315 1775 sertus,
343 1722 624 1784 reliquorum
650 1724 737 1770 fide
762 1723 974 1786 suspec'ta‚
998 1727 1174 1787 Regem
1198 1743 1277 1788 per
1294 1728 1541 1788 Angutiam
1565 1726 1649 1771 iter
1673 1726 1934 1781 facientem.

158 1787 318 1833 habitu
345 1788 542 1833 maxime
577 1788 632 1833 ad
669 1789 1026 1836 misericordiam
1050 1791 1324 1853 composito,
1346 1790 1517 1852 cupite,
1543 1790 1824 1854 ped‘biisque
1847 1809 1931 1838 nu·

160 1851 277 1898 datis
301 1852 491 1914 supplet<
514 1852 625 1898 adiit
651 1869 661 1897 :
695 1852 991 1917 ingenueque
1013 1867 1272 1916 temporum
1298 1855 1578 1918 superiorum
1603 1856 1791 1901 offensas
1822 1871 1933 1902 con·

158 1915 311 1970 fessus,
327 1917 386 1971 se,
403 1915 570 1978 sufique
587 1916 633 1963 in
655 1917 790 1964 fidem
815 1920 956 1981 Regis
973 1918 1180 1972 tradidit,
1196 1932 1553 1966 commemorata
1571 1919 1692 1981 prius
1712 1919 1758 1966 in
1783 1922 1934 1983 Reges

157 1981 384 2042 majorum
419 1979 597 2027 suorum
629 1981 931 2036 observantia,
957 1991 995 2031 δι
1019 1984 1179 2030 officiis
1266 1984 1390 2030 Scire
1415 1984 1490 2030 sua
1515 1985 1667 2046 culpa,
1700 1984 1742 2030 se
1779 1987 1936 2033 omnia

155 2058 362 2092 extrema
384 2045 616 2092 meritum.
660 2047 900 2112 Qicquid
925 2050 1046 2102 vitae,
1064 2048 1443 2110 fortunarumque
1462 2050 1512 2095 sit
1529 2048 1578 2096 in
1603 2049 1826 2111 posterum
1849 2050 1931 2098 ha-

156 2109 351 2163 biturus,
375 2109 419 2155 id
444 2109 484 2156 se
509 2111 669 2174 Regia:
692 2112 955 2159 debiturum
975 2113 1250 2160 clementiae.
1286 2114 1420 2166 Haec,
1446 2112 1671 2176 pluraque
1691 2114 1823 2174 hujus
1847 2131 1928 2178 ge·

157 2173 277 2221 neris
300 2191 391 2221 non
415 2174 505 2221 sine
530 2175 761 2222 lachrimis
798 2178 976 2224 locutus
999 2190 1311 2224 commoverat
1334 2179 1626 2225 vehementer
1646 2194 1823 2232 omnes,
1848 2177 1930 2242 qui

153 2239 358 2287 aderant.
425 2240 481 2286 In
504 2239 666 2303 primis
688 2241 906 2302 quosdam
931 2242 956 2289 ὲ
982 2241 1222 2288 nobilitate
1241 2242 1504 2305 Angusiana
1527 2259 1538 2286 :
1575 2242 1674 2305 qui,
1698 2243 1774 2289 etsi
1799 2242 1930 2306 supe·

151 2303 351 2351 rioribus
374 2306 658 2366 temporibus
681 2306 857 2369 Regem
881 2306 1021 2353 secuti
1044 2307 1239 2360 fuerant,
1267 2318 1420 2353 tamen
1441 2306 1662 2352 familiam
1687 2321 1779 2354 tam
1799 2322 1929 2355 vetu-

152 2368 282 2424 stam,
305 2374 347 2415 &
369 2370 538 2415 claram
559 2369 809 2432 cupiebat-t
828 2371 887 2416 ab
909 2371 1097 2418 interitu
1114 2371 1414 2418 vindicatam.
1464 2372 1498 2416 F
1505 2365 1664 2418 iffiom
1686 2373 1746 2418 est
1770 2371 1832 2417 ibi
1856 2375 1929 2418 Ia·

152 2432 296 2480 cobus
330 2433 581 2481 Kennedus
605 2440 645 2480 δι
674 2434 784 2481 boni
817 2435 1049 2499 Episcopi,
1072 2439 1123 2486 δε
1156 2434 1268 2482 civis
1293 2435 1479 2482 officio:
1513 2434 1593 2507 qui
1627 2435 1851 2497 plurimis,
1885 2441 1928 2484 δε

151 2496 420 2561 gravissimis
443 2497 643 2545 Comitis
664 2496 844 2547 offensis
867 2500 1068 2555 remissis,
1088 2500 1277 2547 salutem
1307 2500 1404 2561 ejus
1428 2501 1548 2563 Regi
1570 2500 1778 2546 accurate
1796 2515 1926 2547 com·

153 2562 420 2609 mendavit:
453 2562 498 2609 id
524 2563 647 2610 enim
668 2565 793 2628 quod
816 2578 929 2621 erat,
954 2565 1154 2620 rebatur,
1184 2563 1327 2628 Regis
1348 2564 1501 2610 viribu
1539 2576 1667 2610 tanta
1687 2565 1927 2611 accessione

150 2625 314 2682 audis,
344 2627 517 2674 hostem
554 2626 603 2674 in
636 2629 865 2690 posterum
903 2630 1053 2678 indies
1086 2629 1360 2677 debiliorem
1396 2628 1618 2680 futurum.
1643 2628 1798 2675 multis
1834 2642 1928 2676 tam

150 2690 265 2752 clari
289 2689 487 2738 hominis
510 2694 774 2755 exemplum
798 2693 1031 2742 secuturis.
1100 2695 1203 2741 Rex
1224 2694 1361 2741 etiam
1385 2710 1490 2740 eum
1519 2692 1765 2739 arbitratus
1789 2692 1930 2741 fracta

151 2754 341 2818 pristina
371 2754 541 2803 ferocia
562 2771 617 2803 ex
649 2755 806 2809 animo
828 2759 1162 2821 praeteritorum
1195 2758 1473 2820 poenituisse,
1500 2773 1591 2804 non
1614 2757 1846 2805 difficilem
1887 2759 1928 2806 se

149 2819 351 2883 praebuit
374 2836 386 2866 ε
420 2820 651 2883 veniaque
667 2821 791 2876 data,
808 2823 1082 2885 &(i)bonis,
1103 2823 1371 2886 honor6que
1394 2821 1579 2886 pristino
1602 2823 1804 2869 restituto
1827 2838 1927 2871 mo·-

153 2883 273 2939 nuit,
288 2899 337 2932 ut
354 2884 403 2931 in
422 2885 574 2947 officio
596 2898 899 2948 permaneret.
925 2886 1196 2934 Crafordius
1217 2902 1404 2950 quoque
1426 2886 1614 2934 lenitate
1628 2885 1789 2949 Regis,
1805 2892 1845 2934 δι
1861 2887 1930 2934 fa-

144 2945 323 2997 cilitate
341 2961 613 3013 provocatus
631 2950 760 2997 omni
777 2966 945 3015 genere
962 2951 1217 3001 officiorum
1235 2966 1341 2998 eum
1363 2951 1514 3014 postea
1532 2950 1753 2998 demereri
1771 2951 1927 2999 studu-

150 3012 219 3060 it:
256 3017 297 3060 δι
320 3012 369 3061 in
391 3014 575 3061 ultimas
597 3013 731 3078 regni
747 3031 848 3063 oras
869 3015 1229 3079 proficiscentem
1251 3031 1357 3063 cum
1375 3015 1462 3063 suis
1483 3014 1630 3078 copiis
1651 3018 1710 3063 est
1734 3016 1929 3064 comita-

152 3088 259 3124 tus:
303 3078 526 3143 rebusque
546 3077 613 3126 ibi
636 3095 721 3143 pro
755 3092 964 3144 tempore
983 3080 1264 3144 compositis,
1288 3080 1513 3146 reversum
1542 3080 1670 3127 domi
1697 3080 1786 3128 suae
1813 3081 1930 3128 libe-

151 3141 308 3189 raliter
327 3143 538 3207 accaepit.
604 3144 748 3192 Eunti
767 3146 824 3193 ad
848 3144 1063 3209 reliquias
1087 3144 1196 3192 belli
1218 3144 1367 3192 civilis
1389 3142 1712 3201 conficiendas,
1734 3159 1930 3209 quantas

149 3206 377 3254 conficere
406 3208 565 3271 poss'et,
600 3207 758 3271 copias
787 3208 1068 3274 pollicetur:
1110 3208 1319 3274 adeoque
1350 3215 1535 3257 omnem
1561 3208 1667 3255 vitae
1701 3208 1928 3257 rationem

147 3271 473 3328 commutavit,
489 3284 540 3320 ut
557 3272 744 3346 pristina
765 3272 937 3322 ferocia
955 3273 1161 3338 deposita
1177 3273 1428 3330 mansuete,
1444 3277 1486 3320 &
1506 3273 1701 3321 comiter
1719 3289 1824 3320 cum
1844 3289 1931 3321 no-

149 3329 333 3382 bilitate
353 3335 508 3384 vicina
526 3336 720 3386 vixerit:
739 3340 891 3404 εόῳιε
911 3338 1124 3388 interitus
1141 3337 1239 3400 ejus
1257 3337 1386 3386 brevi
1406 3336 1674 3385 consecutus
1706 3337 1930 3399 majorem

149 3392 291 3461 Regi,
309 3400 579 3466 popul6que
600 3401 810 3452 universo
829 3403 1039 3452 dolorem
1060 3401 1282 3452 attulerit.

205 3487 269 3540 (ι)
296 3489 376 3529 onl
430 3491 529 3533 some
561 3494 609 3534 of
630 3495 692 3537 his
724 3496 838 3536 north
861 3506 1019 3548 country
1071 3505 1210 3547 ment3
1238 3495 1357 3536 sothe
1368 3495 1642 3538 hadbeeuearl
1660 3493 1924 3550 besec-effl-

151 3540 273 3589 finds»
305 3556 345 3581 as
394 3544 558 3584 adenach
588 3551 660 3588 and
678 3550 886 3598 Lochaber,
918 3564 1018 3589 were
1071 3551 1085 3590 l
1128 3552 1199 3589 and
1221 3550 1370 3600 Argile,
1404 3551 1472 3589 but
1489 3561 1529 3590 at
1561 3549 1748 3590 thittime
1774 3542 1931 3588 md*

153 3593 333 3634 bestowed
350 3610 450 3648 upon
484 3597 549 3635 the
573 3601 648 3639 earl
681 3602 722 3640 oi>
755 3604 920 3653 Huntly,
957 3603 1016 3642 for
1115 3616 1177 3646 em
1192 3611 1348 3645 cameto
1365 3602 1410 3646 be
1429 3603 1554 3647 before
1568 3602 1670 3643 him·

149 3645 213 3688 ¹15⁸
234 3645 386 3700 senice,
416 3662 455 3690 as
484 3651 561 3693 also
578 3651 639 3702 his
669 3655 774 3706 place
807 3656 847 3696 in
877 3656 1015 3707 parlia-
1158 3653 1162 3657 ’
1210 3708 1213 3709 ⁷
1598 3674 1776 3726 mu·
1808 3672 1924 3722 cn,
