2043 3864
470 136 796 206 LrnaR
901 127 1464 198 snm-rmum
1764 149 1882 216 173

756 239 1022 287 LXXXIX.
1073 241 1115 286 R
1137 240 1175 287 E
1196 240 1261 289 X.

184 321 344 372 XXV.
378 320 402 368 Ι
416 319 462 366 G
479 320 501 364 I
515 317 561 364 T
574 317 624 365 U
638 316 680 362 R
700 312 893 362 occultis
916 312 1094 360 nunciis
1112 317 1263 361 actum
1281 326 1390 360 cum
1406 309 1594 375 Edgaro
1613 309 1888 364 Milcolum4

115 387 170 436 'bi
186 387 297 441 filio,
321 398 368 433 ut
388 385 445 431 ad
461 397 655 446 regnum
677 377 995 440 capessendum
1012 376 1055 423 se
1070 376 1234 426 ducem
1256 377 1480 440 praeberet
1500 394 1511 422 :
1544 392 1637 424 non
1660 377 1888 437 defutura,

121 454 204 500 ubi
226 452 426 515 primurn
448 446 504 492 ad
524 445 720 492 limitem
738 443 932 497 veniret,
957 440 1141 489 auxilia.
1195 443 1300 489 Nec
1320 457 1437 488 vana
1456 439 1641 489 fuerunt
1662 443 1892 505 promiss'a.

123 511 329 581 Edgarus
342 512 465 558 enim
481 526 584 557 cum
602 507 920 573 perEdgarum
936 507 1214 554 avunculum
1232 505 1425 553 modicis
1439 505 1619 554 auxiliis
1633 507 1794 554 aRufo
1805 508 1896 555 im..

122 577 309 645 petratis
325 576 406 623 vix
425 574 626 622 Scotiam
641 574 701 621 est
718 571 1066 636 ingreffus,cum
1081 572 1323 618 Donaldus
1341 587 1367 617 a
1383 567 1470 617 suis
1490 569 1728 618 destitutus
1740 572 1891 636 fugite:

121 659 261 706 atque
283 659 308 689 e
330 641 442 705 fuga
462 641 678 686 retractus
702 637 760 683 ad
793 635 1030 698 Edgarum
1051 635 1295 682 adducitur
1319 653 1330 682 ε
1375 640 1416 682 &
1436 634 1486 682 in
1506 635 1692 683 vincula
1712 638 1894 699 conjec-

122 717 195 756 tus
217 723 312 755 non
334 705 480 753 multo
502 704 599 767 post
622 712 827 750 mortuus
849 701 926 748 est.
994 700 1201 764 Edgarus
1224 700 1274 746 in
1296 701 1513 763 Regnum
1541 699 1718 750 summo
1740 702 1916 763 omni--

122 789 202 820 um
225 770 438 819 ordinum
461 766 675 815 consensu
696 766 926 820 reductus,
960 765 1162 828 primum
1183 763 1392 811 omnium
1430 781 1593 827 pacem
1626 782 1733 813 cum
1757 766 1898 815 Guli-

122 837 248 885 elmo
270 835 423 899 Anglo
446 832 556 880 fecit
579 850 591 880 ε
625 843 763 894 atque
791 846 846 877 eo
870 830 960 877 sine
984 828 1139 876 liberis
1161 829 1396 884 defuncte,
1419 830 1612 878 eandem
1633 847 1740 878 cum
1756 831 1897 880 ‘Hen-

122 902 222 949 rico
243 900 339 961 ejus
363 899 501 946 fratre
523 894 826 945 confirmavit.
893 894 951 942 Ei
977 894 1224 942 Matildem
1247 893 1444 941 sororem
1471 894 1567 955 (cui
1595 911 1653 942 ex
1674 895 1898 950 moribus,

125 966 195 1014 uti
216 966 388 1012 dictum
411 965 489 1018 est,
531 977 790 1027 cognomen
824 961 964 1008 Bonae
999 959 1157 1007 datum
1182 958 1290 1019 fuit)
1326 974 1516 1006 uxorem
1539 958 1683 1007 dedit.
1751 961 1822 1007 Ex
1844 977 1902 1007 eo

124 1028 423 1078 matrimonio
442 1026 588 1092 geniti
606 1026 707 1073 sunt
730 1027 801 1088 (1)
819 1023 1101 1079 Gulielmus,
1117 1023 1393 1077 Richardus,
1420 1021 1650 1079 Eufemia‚
1676 1029 1718 1071 δε
1736 1024 1901 1072 Matil-

125 1096 218 1142 dis.
284 1093 517 1157 Regnavit
537 1092 746 1154 Edgarus
765 1090 816 1137 in
837 1089 1011 1136 summa
1030 1104 1144 1152 pace
1164 1104 1339 1134 annnos
1363 1102 1546 1143 novem,
1589 1092 1636 1137 ὅτ
1660 1087 1735 1134 sex
1769 1105 1902 1137 men,

127 1159 211 1214 ses,
235 1156 367 1206 bonis
389 1156 602 1204 omnibus
625 1171 773 1211 carus,
814 1157 865 1203 δε
885 1154 1108 1200 verendus
1134 1170 1146 1199 ε
1181 1150 1313 1200 malis
1343 1150 1458 1197 adeo
1493 1151 1818 1208 formidabiliS,
1855 1164 1904 1202 ut

130 1234 229 1271 toto
247 1222 344 1285 ejus
364 1221 496 1287 regni
515 1230 721 1283 tempore
743 1215 861 1266 nulli
883 1228 1034 1265 motus
1055 1215 1276 1271 intestini,
1298 1215 1451 1262 nullus
1473 1216 1531 1262 ab
1551 1215 1675 1263 hoste
1713 1230 1905 1268 externo

129 1301 279 1336 metus
301 1286 453 1335 fuerit.
534 1286 699 1333 Unum
720 1298 913 1346 operum
935 1281 1144 1329 civilium
1166 1281 1265 1343 ejus
1287 1291 1641 1327 monumentum
1675 1280 1765 1328 fuit
1788 1283 1904 1330 Col·

131 1352 378 1417 dingamiae
399 1349 665 1399 coenobium
685 1348 824 1396 Divae
846 1346 993 1395 Ebbae
1013 1345 1185 1411 virgini
1209 1344 1432 1400 dicatum,
1457 1343 1650 1408 septimo
1671 1346 1803 1410 regni
1823 1363 1906 1395 an-

133 1433 196 1467 no
220 1434 232 1463 z
263 1416 482 1479 posterius
502 1414 552 1461 in
576 1413 792 1461 Cutberti
812 1428 982 1461 nomen
1004 1411 1285 1459 transsatum.

200 1578 382 1626 XXVI.
416 1577 455 1623 E
469 1576 515 1623 D
531 1576 580 1623 G
595 1575 639 1623 A
653 1578 696 1623 R
712 1576 756 1622 O
789 1496 1052 1620 fiufggsselss
1070 1495 1311 1628 {eiii-neto,
1333 1570 1531 1620 succeffit
1546 1571 1685 1620 frater
1706 1572 1908 1622 Alexan-

136 1644 218 1692 der
240 1654 550 1705 cognomento
575 1641 711 1687 Acer.
762 1639 907 1685 Hunc
925 1636 1048 1683 inito
1069 1635 1215 1682 statim
1235 1653 1379 1700 regno
1394 1637 1611 1697 juventus
1634 1636 1801 1700 quietis
1819 1638 1910 1685 im-

102 1738 107 1739 ν
135 1707 315 1771 patiens
339 1718 434 1752 rata
451 1715 664 1766 pacatum
685 1703 794 1766 (hoc
811 1702 888 1756 est,
909 1713 960 1747 ut
979 1699 1075 1764 ipsa
1095 1700 1494 1763 interpretabatur,
1517 1699 1759 1763 ignavum)
1783 1702 1910 1749 futu-

137 1788 241 1819 rum
263 1768 476 1831 exemplo
499 1767 665 1822 fratris,
707 1779 760 1813 ut
782 1765 954 1827 majore
976 1781 1081 1812 cum
1101 1764 1289 1812 licentia
1310 1764 1673 1821 latrocinaretur,
1696 1782 1802 1814 eum
1830 1783 1911 1813 oc-

138 1836 266 1884 culta
278 1834 437 1881 fraude
455 1832 615 1879 tollere
629 1831 848 1879 decrevit.
868 1830 954 1877 Ille
971 1829 1196 1893 patefacta
1208 1829 1521 1892 conjuratione
1539 1829 1587 1875 in
1606 1830 1817 1878 ultimam
1840 1831 1909 1877 us·

139 1916 233 1963 que
256 1897 450 1945 Rossiam
473 1896 630 1960 fugere
652 1896 893 1943 molientes
914 1911 992 1940 eos
1014 1895 1074 1940 est
1097 1893 1288 1940 secutus.
1325 1894 1525 1955 (2)Cum
1545 1894 1603 1940 ad
1622 1896 1797 1957 Spaeam
1813 1913 1910 1942 am-

142 1980 252 2012 nem
271 1960 578 2015 constitiffent,
603 1977 655 2007 ac
672 1959 777 2006 freti
795 1958 1035 2022 rapiditate
1049 1957 1250 2004 fluminis
1270 1958 1452 2005 transitu
1472 1959 1648 2021 Regem
1667 1959 1914 2020 prohibere

142 2038 433 2079 conarentur,
458 2026 558 2072 Rex
580 2041 606 2070 a
626 2024 711 2070 suis
733 2035 952 2077 retentus,
976 2022 1105 2085 quod
1128 2022 1231 2069 aestu
1255 2022 1392 2069 maris
1413 2022 1641 2069 allabente
1665 2023 1912 2088 imperme-

139 2092 274 2140 abilis
298 2090 531 2137 videretur
549 2088 714 2143 amnis,
752 2088 846 2151 ipse
868 2086 1043 2151 primus
1064 2087 1318 2134 calcaribus
1340 2103 1462 2150 equo
1482 2087 1693 2144 subditis,
1717 2089 1912 2145 emeris,

139 2174 199 2205 ne
213 2157 392 2218 Regem
406 2155 456 2201 in
471 2165 598 2201 tanto
614 2153 819 2216 periculo
835 2151 1105 2208 desererent,
1130 2151 1439 2215 sequentibuS‚
1459 2152 1518 2198 ad
1535 2152 1704 2199 hostem
1723 2153 1789 2200 ire
1807 2171 1914 2218 per·

138 2221 227 2286 git.
294 2221 471 2266 Verum
497 2222 581 2281 (ut
601 2218 720 2278 dixi)
746 2235 772 2264 a
792 2216 878 2264 suis
902 2228 1104 2264 retentus
1125 2217 1393 2263 Alexandro
1415 2217 1612 2264 Carroni
1633 2218 1907 2274 Alexandri,

139 2286 270 2348 cujus
292 2283 424 2347 supra
445 2283 756 2338 meminimus,
798 2282 892 2329 filio
915 2294 1092 2344 part-em
1116 2281 1342 2329 exercitus
1364 2281 1510 2336 dedit,
1532 2280 1616 2344 qui
1637 2282 1785 2329 subito
1806 2300 1913 2331 cum

139 2349 229 2397 fuis
247 2365 429 2396 amnem
445 2347 663 2410 ingreffus
687 2346 890 2394 audaciae
912 2345 1135 2394 miraculo
1156 2347 1271 2394 adeo
1291 2346 1545 2394 conterruit
1562 2347 1724 2401 hostes,
1751 2361 1799 2395 ut
1815 2348 1915 2412 pas<

141 2417 223 2462 fim
244 2413 294 2461 in
315 2412 474 2476 fugam
498 2410 644 2459 statim
662 2411 704 2460 se
723 2410 1016 2474 conjicerent.
1057 2410 1204 2458 Multi
1220 2409 1341 2458 inter
1357 2409 1630 2473 fugiendum
1648 2412 1749 2458 caeli
1763 2430 1772 2457 :
1788 2412 1916 2474 prin-

137 2479 265 2543 cipes
288 2493 444 2524 eorum
467 2476 542 2523 vel
561 2489 660 2524 tum
683 2477 823 2539 capti,
842 2477 916 2523 vel
938 2476 1089 2538 postea
1106 2476 1163 2522 ad
1181 2476 1360 2538 Regem
1383 2475 1569 2522 adducti
1590 2477 1756 2539 laqueo
1778 2479 1919 2524 stran-

139 2542 305 2607 gulati.
372 2543 492 2588 Haec
513 2540 750 2604 expeditio
771 2557 828 2588 ex
848 2539 932 2587 illo
953 2541 1012 2588 ad
1045 2540 1182 2588 finem
1205 2540 1342 2604 usque
1364 2540 1472 2587 vitae
1498 2556 1656 2603 pacem
1679 2541 1723 2587 ei
1745 2543 1913 2604 praesti-

139 2608 216 2655 tit.
285 2605 517 2653 Redeunti
533 2623 614 2669 per
630 2605 862 2653 Merniam
884 2604 1083 2652 occurrit
1104 2604 1268 2652 mulier
1288 2605 1567 2668 paupercula
1586 2605 1787 2669 graviter
1803 2623 1917 2669 que-

141 2688 246 2720 rens
270 2670 485 2718 maritum
506 2671 635 2717 suum
663 2686 688 2717 a
710 2669 907 2717 Comitis
932 2669 1129 2717 Merniae
1153 2669 1268 2724 filio,
1294 2678 1433 2732 quem
1454 2669 1502 2717 in
1534 2670 1611 2729 jus
1637 2670 1700 2717 ob
1723 2687 1781 2717 aes
1805 2671 1916 2718 alie-

139 2753 258 2785 num
278 2735 488 2789 vocaffet‚
512 2734 618 2781 loris
641 2733 822 2782 caesum.
857 2736 960 2781 Rex
981 2734 1358 2798 indignabundus
1380 2751 1437 2781 ex
1453 2750 1574 2795 equo
1592 2734 1800 2782 defiliens
1822 2753 1919 2782 non

144 2800 274 2864 prius
297 2798 574 2854 conscendit,
596 2815 737 2861 quam
755 2799 980 2862 supplicio
1003 2797 1218 2847 facinoris
1242 2801 1398 2846 auctor
1418 2798 1567 2846 fuisset
1587 2801 1789 2847 affectus.
1845 2802 1941 2846 Ita,

146 2866 336 2911 demum
367 2863 424 2909 ad
454 2865 813 2928 Ennergoream,
851 2864 945 2918 vel,
969 2875 1020 2910 ut
1040 2863 1120 2910 alii
1141 2863 1358 2918 scribunt,
1383 2863 1442 2909 ad
1463 2864 1705 2928 Baledgar,
1747 2865 1834 2911 hoc
1855 2866 1917 2911 est

146 2928 322 2991 Edgari
343 2926 502 2974 villam
525 2929 586 2975 est
605 2928 819 2976 reversus.
886 2930 958 2976 Ex
976 2928 1046 2976 his
1068 2927 1202 2975 rebus
1220 2929 1278 2975 ab
1305 2944 1360 2975 eo
1378 2928 1510 2991 gestis
1533 2927 1559 2973 s
1558 2941 1654 2982 unt,
1680 2928 1760 2992 qui
1782 2928 1917 2975 Acris

148 3009 317 3040 nomen
339 2990 384 3039 ei
417 2991 618 3040 inditum
634 3006 816 3057 putant.
882 2991 983 3042 Alii
1004 2993 1152 3058 magis
1179 2991 1404 3057 tragicam
1425 2991 1715 3057 cognominis
1738 2992 1938 3042 causam„

203 3122 266 3170 (1)
299 3123 476 3161 william
507 3126 577 3161 and
595 3122 762 3163 Richard
788 3138 884 3164 were
914 3124 1004 3164 both
1112 3123 1179 3176 (2)
1207 3125 1307 3162 Cum
1326 3125 1368 3160 ad
1397 3124 1549 3173 Spaearm
1571 3124 1930 3164 amnesnconffltis0'

149 3178 336 3222 drowned,
352 3175 543 3224 returning
555 3186 620 3214 out
637 3178 931 3227 ofNormandy3
949 3179 1006 3216 see
1060 3178 1151 3224 sent,
1172 3192 1212 3215 ac
1231 3178 1319 3215 freti
1345 3177 1539 3225 rapiditate
1562 3177 1745 3224 fluminis,
1757 3179 1920 3217 transitu

135 3242 231 3278 cap.
249 3242 310 3279 30.
332 3228 541 3278 Euphemia
558 3229 641 3266 died
658 3231 894 3279 unmarried3
916 3233 1006 3268 Ma·
1060 3232 1205 3279 Regem
1240 3229 1434 3279 prohibere
1462 3240 1697 3278 conarentur,
1713 3232 1776 3269 etfi
1806 3233 1921 3270 maris

150 3282 282 3319 thildis
306 3295 349 3319 or
366 3282 483 3318 Maud
503 3283 659 3320 married
684 3284 813 3333 Henry
830 3286 905 3320 IV.
924 3297 1021 3321 exn-¹
1060 3287 1148 3322 aestu
1182 3283 1387 3320 allabente-
1416 3281 1706 3332 imper-meabilis
1737 3285 1923 3323 videretur

150 3343 314 3385 pei-or,to
322 3335 446 3375 whom
462 3335 519 3371 {he
533 3337 616 3372 bare
629 3348 677 3372 no
688 3335 872 3384 children3
884 3336 1009 3374 there·
1063 3336 1198 3382 amnis,
1217 3335 1291 3385 ipse
1309 3343 1434 3372 tamn
1451 3336 1592 3385 primus
1609 3336 1810 3377 calcaribus
1827 3351 1924 3388 equo

147 3388 244 3429 after
273 3388 332 3425 she
361 3388 518 3425 married
549 3388 725 3438 Geoffrey
750 3389 1030 3437 PlanlageiietL
1064 3389 1234 3435 subditis,
1249 3389 1392 3430 caeteris
1406 3401 1453 3425 ne
1471 3390 1616 3437 Regem
1643 3391 1683 3428 in
1701 3400 1806 3428 tanto
1823 3392 1921 3441 peri·-

150 3441 227 3477 earl
244 3441 287 3478 of
296 3441 424 3490 Anjou
437 3441 476 3477 in
491 3441 692 3486 France,to
704 3441 832 3480 whom
851 3442 912 3480 ihe
926 3442 1010 3480 bare
1063 3443 1150 3479 culo
1167 3442 1371 3479 desererent
1396 3441 1644 3490 sequentibus,
1664 3446 1708 3482 ad
1727 3444 1869 3482 hostem
1887 3445 1920 3481 i-

149 3494 282 3544 Henry
309 3495 361 3532 ΙΙ.
383 3493 477 3542 king
497 3494 541 3531 of
554 3495 743 3545 England.
1064 3506 1104 3532 re
1134 3495 1267 3544 pergit.
1338 3495 1484 3532 Verum
1513 3509 1534 3532 a
1559 3496 1630 3535 suis
1662 3506 1827 3539 retentus
1863 3499 1923 3535 A·

1067 3548 1142 3587 lex.
1163 3546 1332 3595 Carroni,
1351 3550 1421 3587 ὣς.
1443 3548 1531 3586 MS.

1711 3654 1880 3701 afferun
1888 3664 1921 3707 t,
