2106 3838
267 183 356 249 70
581 161 938 228 RERUM
1030 150 1712 232 ScoTrcAR'UM

268 263 354 310 bus
374 259 605 324 tribusque
631 260 906 310 civitatibus,
922 257 978 303 ad
1006 259 1359 327 propulsandum
1380 278 1622 311 commune
1640 264 1894 327 periculum
1913 254 2029 317 corr·

268 339 431 374 ventus
457 343 468 372 ε
504 325 570 372 ita
590 325 698 371 dum
723 322 884 385 singuli
906 336 1134 384 pugnant,
1170 322 1359 371 universi
1384 326 1640 374 vincuntur.
1711 329 1894 379 Coelum
1930 351 2027 381 cre·
2049 371 2053 377 .

265 390 363 439 bris
395 389 638 440 imbribus,
672 404 724 434 ac
755 385 931 432 nebulis
951 384 1143 434 foedum.
1212 387 1439 450 Asperitas
1462 391 1685 454 frigorum
1705 393 1844 439 abest.
1913 397 2030 443 Die-

267 471 368 503 rum
392 454 533 517 spatia
554 454 670 498 ultra
692 450 824 497 nostri
847 448 968 495 orbis
992 450 1262 501 mensuram.
1287 455 1333 500 8(
1362 469 1450 499 nox
1473 456 1609 511 clara,
1637 461 1674 502 δ’
1706 471 1907 505 extrema
1929 461 2027 507 Bri-

267 519 436 567 tannia:
469 528 596 580 parte
618 515 783 565 brevis,
811 524 858 558 ut
880 513 1034 567 finem,
1070 528 1207 578 atque
1240 513 1424 562 initium
1449 518 1561 564 lucis
1579 520 1748 584 exiguo
1767 522 2029 572 discrimine

262 581 554 632 internoscas.
622 578 763 636 Quod
784 577 814 623 st
838 576 980 624 nubes
1000 594 1090 624 non
1110 580 1328 632 officiant,
1350 582 1485 642 alpici
1508 599 1579 643 pu
1611 595 1786 632 nectem
1812 587 1902 633 solt:
1939 590 2028 635 iul-

262 663 441 712 got-em,
465 658 549 690 nec
571 642 778 687 occidere
812 645 852 690 ἃ
883 658 1121 702 exurgere,
1159 643 1232 690 sed
1265 645 1446 690 transire
1469 647 1724 694 affirmant:
1758 650 1927 697 scilicet
1949 669 2028 698 ex-

261 725 404 759 trema
426 721 471 755 et
494 709 627 770 plana
649 719 865 752 terrarum
888 706 1053 753 humili
1078 708 1237 754 umbra
1256 725 1344 755 non
1365 709 1548 771 erigunt
1571 711 1794 763 tenebras,
1818 713 2028 778 infraque

263 775 429 821 coelum
455 778 494 818 δι’
516 771 656 815 sidera
677 786 768 816 nox
790 770 928 816 cadit.
1000 772 1155 818 Solum
1180 765 1341 834 prcc'ter
1362 774 1528 827 oleam,
1555 773 1804 838 vitemque,
1830 782 1868 822 &
1893 793 2027 827 caete-

253 856 304 885 ra
323 833 622 883 calidioribus
646 833 774 880 terris
796 835 904 880 oriri
926 835 1065 889 sueta,
1092 837 1266 897 patiens
1290 836 1492 896 frugum,
1521 838 1806 886 foecundum.
1870 842 2027 891 Tarde

256 900 513 952 mitescunt,
539 897 634 945 cito
657 897 945 960 proveniunt.
1015 901 1279 962 Eademque
1312 897 1544 964 utriusque
1576 901 1643 949 rei
1675 905 1819 959 causa,
1854 908 2025 954 multus

248 967 421 1014 'humor
443 976 681 1017 terrarum,
704 959 920 1026 coelique.
989 965 1094 1010 Fert
1117 963 1350 1011 Britannia
1383 982 1561 1020 aurum,
1604 972 1642 1012 δε
1683 982 1939 1030 argentum,
1983 979 2025 1020 δι

252 1030 343 1078 alia
374 1028 574 1084 metalla,
601 1026 800 1100 pretium
836 1026 1052 1076 vifloriae.
1121 1028 1292 1090 Gignit
1325 1034 1365 1075 Sc
1402 1033 1611 1076 Oceanus
1645 1029 1915 1093 Margarita,
1950 1036 2025 1084 sed.

252 1093 476 1150 subfusca,
499 1096 546 1142 δε
580 1092 784 1145 liventia.
854 1091 1059 1155 Qidam
1089 1105 1232 1139 artem
1264 1093 1406 1140 abesse
1438 1094 1695 1155 legentibus
1730 1095 2022 1147 arbitrantur.

242 1155 379 1207 'Nam
400 1157 449 1205 in
479 1156 618 1204 rubro
640 1156 754 1204 mari
773 1156 895 1212 viva,
920 1172 970 1202 ac
1001 1156 1214 1219 spirantia
1234 1156 1345 1204 saxis
1369 1159 1524 1212 avelli,
1559 1157 1607 1204 in
1634 1158 1863 1208 Britanma
1887 1178 2025 1226 prout

249 1221 438 1288 expulsa
458 1221 544 1269 {int
564 1220 738 1286 colligi.
807 1221 908 1283 Ego
931 1219 1110 1267 facilius
1132 1221 1404 1268 crediderim
1434 1237 1639 1272 naturam
1663 1225 1919 1287 margaritis
1942 1229 2021 1275 de-

249 1289 353 1342 effe,
378 1302 519 1350 quam
535 1284 667 1333 nobis
687 1283 939 1333 avaritiam.
1009 1286 1094 1349 Ipsi
1120 1285 1324 1333 Britanni
1348 1287 1583 1339 dilefiium‚
1610 1304 1660 1333 ac
1683 1288 1869 1344 tributa,
1886 1294 1929 1339 ὃς
1949 1292 2022 1339 in-

241 1353 403 1417 junssa
425 1348 608 1414 imperii
639 1366 829 1397 munera
848 1349 1047 1413 impigre
1069 1351 1258 1405 obeunt,
1284 1350 1315 1397 fi
1347 1350 1524 1413 injuriae
1557 1351 1699 1400 absmt
1734 1372 1744 1399 :
1788 1353 1867 1401 has
1899 1358 2022 1421 aegre

248 1417 463 1470 tolerant,
483 1416 578 1476 jam
602 1413 766 1462 domiti
789 1427 837 1461 ut
861 1427 1063 1478 parcant,
1095 1415 1298 1462 nondum
1328 1426 1375 1461 ut
1398 1412 1606 1463 serviant.
1675 1417 1825 1479 igitur
1845 1419 2020 1482 primus

248 1480 461 1528 omnium
491 1481 806 1526 Romanorum
840 1479 903 1525 D.
929 1478 1076 1541 Julius
1107 1495 1212 1526 cum
1249 1478 1449 1528 exercitu
1474 1479 1754 1528 Britanniam
1779 1482 2019 1547 ingressus,

248 1561 512 1610 quanquam
535 1541 746 1606 prospera
779 1559 936 1606 pugna
957 1543 1167 1590 terruerit
1199 1543 1388 1599 incolas,
1413 1561 1466 1592 ac
1487 1546 1620 1592 litore
1642 1558 1816 1607 potitus
1837 1549 1908 1603 fit,
1932 1566 2016 1611 po-

238 1607 329 1657 'test
350 1607 497 1656 videri
527 1607 758 1654 ostendisse
781 1606 965 1669 posteris
1001 1624 1092 1654 non
1115 1608 1356 1655 tradidiss'e.
1425 1608 1541 1655 Mox
1565 1610 1685 1656 bella
1707 1609 1878 1667 civilia,
1904 1620 1942 1660 δι
1966 1614 2016 1661 in

240 1672 580 1736 'rempublicam
603 1671 726 1717 versa
743 1671 1004 1734 principum
1027 1688 1167 1726 arma,
1187 1688 1238 1719 ac
1256 1672 1396 1735 longa
1412 1673 1589 1720 oblivio
1607 1673 1853 1721 Britanniae
1875 1677 2014 1725 etiam

245 1737 295 1786 in
329 1752 461 1801 pace.
528 1736 781 1783 Consilium
820 1734 869 1782 id
904 1735 968 1783 D.
1003 1734 1232 1800 Augustus
1263 1736 1474 1791 vocabat,
1506 1737 1724 1786 Tiberius
1763 1739 2013 1803 praecipue.

247 1802 451 1867 Agitasse
473 1802 530 1848 C.
564 1799 790 1847 Caesarem
812 1800 869 1846 de
891 1798 1104 1847 intranda
1124 1800 1359 1847 Britannia
1380 1800 1480 1848 satis
1503 1803 1691 1858 constat,
1715 1801 1762 1849 ni
1785 1807 1918 1850 velox
1940 1806 2015 1853 in-

282 1865 406 1921 enio‚
431 1863 616 1928 mobilis
647 1864 936 1926 poenitentia,
962 1870 1000 1912 ἃ
1027 1864 1236 1929 ingentes
1266 1864 1473 1912 adversus
1502 1866 1800 1917 Germaniam
1825 1883 2014 1918 conatus

245 1883 406 1978 {rustra
427 1929 621 1976 fuissent.
691 1929 839 1976 Divus
863 1929 1087 1976 Claudius
1109 1931 1265 1977 aut‘ltor
1285 1929 1454 1991 operis,
1469 1930 1728 1978 transveffis
1751 1933 2012 1996 legionibus

240 1994 531 2058 auxiliisque,
555 1997 606 2044 δε
627 1994 848 2055 affumpto
871 1994 915 2039 in
937 2006 1111 2057 partem
1133 2010 1281 2041 rerum
1306 1993 1594 2058 VespafianO.
1664 1997 1803 2059 Qod
1825 1996 2013 2047 initium

243 2072 447 2107 ventura:
468 2074 575 2104 mox
593 2058 786 2105 fortuna:
811 2058 911 2112 fuit,
939 2058 1126 2105 domitae
1148 2070 1325 2121 gentes,
1341 2058 1460 2122 capti
1486 2061 1656 2131 Reges,
1676 2068 1712 2108 δι
1743 2061 2012 2111 monstratus

245 2123 350 2170 fatis
373 2123 685 2186 Vespasianus.
724 2121 1041 2170 Consularium
1065 2124 1237 2186 primus
1262 2123 1409 2171 Aulus
1431 2124 1631 2170 Plautius
1652 2124 1933 2188 praepositus,
1958 2144 2011 2174 ac

238 2187 436 2235 ‘subinde
458 2187 662 2234 Ostorius
686 2188 896 2250 Scapula,
921 2200 1112 2250 uterque
1136 2187 1256 2234 bello
1278 2187 1489 2251 egregius
1516 2207 1525 2234 :
1559 2189 1832 2253 redassaque
1851 2191 2010 2253 paula-

245 2251 331 2299 tim
348 2252 395 2299 in
422 2252 614 2299 formam
637 2250 884 2315 provinciae
908 2251 1118 2315 proxima
1138 2268 1239 2314 pars
1264 2250 1504 2299 Britanniae
1526 2271 1536 2298 z
1561 2252 1716 2299 addita
1733 2252 1915 2317 insuper
1930 2272 2011 2304 ve-

242 2327 504 2364 teranorum
526 2317 723 2363 colonia.
792 2316 1016 2379 Qaedam
1047 2316 1251 2364 civitates
1275 2316 1524 2381 Cogiduno
1545 2316 1668 2380 Regi
1700 2317 1895 2366 donatae.
1963 2321 2010 2367 Ie

235 2380 301 2428 'ad
325 2382 517 2428 nostram
541 2381 677 2444 usque
700 2379 967 2428 memoriam
1002 2380 1232 2427 fidissimus
1266 2381 1448 2436 mansit,
1464 2393 1617 2438 vetere
1633 2397 1685 2428 ac
1699 2380 1799 2443 jam
1827 2383 2008 2445 pridem

242 2459 427 2511 recepta
449 2444 610 2510 populi
633 2444 831 2492 Romani
866 2444 1207 2500 consuetudine,
1233 2459 1283 2492 ut
1300 2445 1487 2493 haberet
1507 2445 1801 2506 instrumenta
1821 2448 2007 2496 servitu·

234 2509 318 2564 tis,
347 2517 392 2559 ὅ(
418 2511 586 2574 Reges.
652 2510 769 2557 Mox
792 2508 959 2558 Didius
982 2509 1148 2557 Gallus
1179 2523 1306 2573 parta
1327 2509 1354 2558 a
1374 2509 1602 2574 prioribus
1625 2509 1867 2565 continuit,
1891 2528 2006 2575 pau-

239 2574 315 2624 cis<
330 2573 577 2623 admodum
598 2575 788 2621 castellis
811 2574 857 2621 in
881 2573 1095 2621 ulteriora
1125 2574 1364 2637 promotis,
1389 2591 1470 2638 per
1490 2591 1593 2647 quse
1615 2573 1736 2621 fama
1765 2575 1886 2622 auiti
1907 2577 2007 2624 offi-

239 2638 305 2686 cii
320 2652 610 2702 qua-teretur.
681 2638 874 2685 Didium
891 2639 1115 2686 Veranius
1138 2640 1333 2702 excepit,
1350 2638 1476 2702 isque
1499 2654 1617 2685 intra
1653 2656 1821 2686 annum
1855 2641 2006 2687 extin-

239 2703 336 2750 ftus
359 2704 435 2750 est.
504 2702 745 2750 Suetonius
769 2703 875 2749 hinc
898 2703 1114 2751 Paulinus
1137 2703 1325 2749 biennio
1357 2704 1586 2765 prosperas
1611 2721 1678 2750 res
1702 2703 1879 2760 habuit,
1901 2705 2003 2751 sub-

236 2767 346 2816 'aflis
366 2765 646 2820 nationibus,
671 2767 946 2830 firmatisque
969 2767 1216 2830 praesidiis:
1250 2771 1445 2830 quorum
1471 2767 1635 2813 fiducia
1657 2768 1849 2814 Monam
1882 2768 2003 2815 insu·
2032 2788 2043 2801 2

236 2830 330 2878 lam
353 2845 404 2880 ut
423 2832 540 2879 vires
558 2831 805 2879 rebellibus
827 2830 1154 2879 ministrantem
1176 2833 1421 2895 aggressus,
1436 2844 1566 2892 terga
1586 2832 1807 2878 occasioni
1831 2832 2006 2893 patefe-

233 2895 313 2943 cit.
382 2896 586 2960 Nanque
607 2895 806 2944 absentia
831 2897 972 2960 legati
1002 2907 1179 2942 remoto
1200 2908 1345 2950 metu,
1372 2894 1580 2942 Britanni
1617 2895 1789 2958 agitare
1822 2898 1942 2943 inter
1963 2897 2007 2945 se

236 2961 358 3007 mala
376 2960 620 3016 servitutis,
640 2961 847 3007 conferre
867 2959 1141 3022 injurias,‚w&
1174 2959 1524 3023 interpretando.
1551 2959 1798 3006 accendere
1824 2979 1836 3007 ;
1885 2960 2006 3008 nihil

231 3023 394 3087 profici
413 3024 654 3089 patientia,
676 3025 757 3072 nisi
782 3037 830 3073 ut
846 3023 1057 3088 graviora
1078 3039 1296 3087 tanquam
1314 3039 1371 3071 ex
1392 3022 1520 3070 facili
1540 3024 1839 3072 tolerantibus
1854 3023 2006 3087 impe·

233 3103 421 3137 rentur:
456 3089 656 3153 singulos
677 3089 760 3135 fibi
780 3087 893 3136 olim
914 3088 1067 3153 Reges
1088 3086 1233 3142 fuiffe,
1257 3103 1379 3135 nunc
1413 3087 1545 3135 binos
1566 3088 1762 3152 imponi,
1787 3089 1814 3137 ὲ
1835 3088 2003 3152 quibus

231 3151 410 3216 legatus
433 3154 481 3200 in
498 3153 794 3218 sanguinem„
810 3165 1076 3218 procurator
1097 3150 1291 3200 in'bona
1325 3151 1498 3199 saeviret
1523 3169 1534 3198 ε
1569 3169 1700 3216 aeque
1732 3151 2006 3200 discordiam

230 3216 597 3279 praepofitorum,
634 3235 763 3280 aeque
805 3217 1099 3265 concordiam
1135 3215 1344 3277 subjeftis
1381 3215 1656 3268 exitiosam:
1688 3215 1873 3270 alterius
1906 3232 2003 3263 ma-

231 3295 315 3326 nus
350 3281 656 3337 centuriones,
686 3281 871 3331 alterius
909 3280 1023 3336 vim,
1061 3283 1110 3330 &
1150 3281 1452 3328 contumelias
1491 3280 1677 3330 miscere
1700 3296 1713 3326 t
1749 3279 1868 3328 nihil
1902 3280 2003 3341 jam

230 3342 504 3406 cupiditati„
531 3345 647 3393 nihil
681 3345 867 3394 libidini
906 3355 1152 3408 exceptum
1191 3363 1201 3391 ε
1251 3345 1299 3391 in
1331 3344 1491 3408 praelio
1526 3343 1765 3392 fortiorem
1803 3345 1887 3391 ess'e
1956 3346 2004 3395 ui

227 3405 408 3470 spoliet,
444 3424 568 3456 nunc
587 3410 646 3457 ab
666 3410 844 3474 ignavis
867 3410 1157 3474 plaerunque‚
1181 3413 1221 3456 &
1245 3409 1517 3469 imbellibus
1536 3407 1656 3472 eripi
1689 3408 1874 3463 domoS,
1903 3424 1928 3454 a
1965 3408 2003 3455 s·

228 3470 348 3519 trahi
373 3471 558 3527 liberm,
583 3472 768 3536 injungi
788 3475 999 3528 diiee‘tus,
1028 3487 1244 3535 tanquam
1280 3473 1398 3520 mori
1422 3485 1598 3520 tantum
1620 3489 1706 3536 pro
1738 3472 1887 3536 patria
1923 3488 2006 3518 ne-

227 3533 508 3583 scientibus:
540 3549 765 3599 quantum
802 3538 925 3586 enim
958 3539 1153 3585 transisse
1174 3537 1396 3592 militum,
1437 3537 1467 3583 si
1487 3535 1575 3584 sese
1609 3535 1818 3584 Britanni
1843 3551 2004 3583 nume-

227 3603 367 3649 rent?
401 3600 460 3649 ἐς
483 3601 757 3654 Germanias
790 3601 1016 3652 excuffiffe
1046 3602 1234 3673 jugum,
1275 3606 1316 3652 &
1351 3600 1545 3658 flumine
1586 3616 1680 3650 non
1703 3601 1896 3711 Oceano
1919 3599 2004 3712 ge,-

292 3677 295 3679 ⁸
1861 3680 1915 3712 en
1953 3680 1969 3711 ι
1989 3681 2005 3710 ;

694 3816 722 3838 ’ἱ
