2075 3807
123 2620 146 2639 ·
231 2610 346 2651 num
365 2603 586 2653 invaserat
607 2604 806 2654 mensem
828 2600 1110 2653 in'AEbudas
1137 2604 1361 2670 profugit.

220 184 344 237 1⁶⁷2
503 164 873 250 ‚Renum
959 157 1658 232 Secu-minum

215 260 555 314 dunum-relata
573 264 691 312 sunt.
742 261 958 321 Regnum
980 256 1129 308 tenuit
1150 258 1484 307 Milcolurnbus
1507 277 1649 318 annm
1678 262 1867 327 triginta
1890 265 1997 320 sex,

219 330 355 377 nullo
374 331 552 402 prorius
572 327 688 373 vitio
710 321 924 370 notabilis
949 339 969 369 ε.
997 321 1171 376 multis.
1187 327 1229 370 δε
1251 323 1430 400 magnis
1448 323 1695 373 virtutibus
1713 329 1769 374 ad
1789 331 1985 392 posteros

222 392 431 456 infigms.
495 389 671 437 Genuit
691 403 751 435 ex
770 384 1025 451 Margarita
1043 385 1118 434 sex
1139 386 1257 434 filios
1281 405 1294 434 τ
1328 407 1355 437 e
1418 387 1550 436 uibus
1571 389 1809 439 Eduardus
1835 394 1882 440 in
1905 394 1990 441 ob·
2062 442 2065 445 Α

224 457 403 507 {idione
425 452 653 501 Annevici
675 451 700 499 ὲ
720 451 913 499 vulnere
933 461 1127 499 mortem
1148 451 1280 499 obiit.
1348 453 1385 500 E
1469 453 1633 508 ondus,
1676 459 1715 503 &
1752 456 1811 503 Et
1846 458 1994 504 eldre-

225 521 313 570 dus
335 520 490 568 exules
511 515 559 563 in
578 515 800 580 Angliam
818 531 846 562 a
866 514 1084 563 Donaldo
1102 526 1266 580 patruo
1287 517 1400 579 pulfi
1421 515 1708 566 interierunt.
1779 520 1849 566 Tr
1878 538 1897 566 s
1918 537 1998 568 re-

223 585 346 645 liqui
365 584 590 644 Edgarus,
605 579 938 637 Alexander‚.&
957 578 1114 628 David
1132 594 1327 644 regnum
1349 579 1565 642 deinceps
1584 594 1842 631 tenuerunt.
1943 600 1993 630 u·

227 665 358 698 arum
378 646 570 692 filiarum
589 644 735 705 major
755 642 987 698 Matildis,
1017 658 1328 709 cognomento
1349 644 1493 699 Bona,
1518 645 1725 693 Henrico
1749 649 1869 711 Regi
1941 665 1997 696 n-

263 714 430 763 lorum,
466 709 617 757 minor
637 708 790 757 Maria
825 707 1059 761 Eustathio
1089 708 1306 758 Bononiae
1327 707 1568 757 maritimae
1603 711 1786 774 Regulo
1824 729 1917 775 nup
1939 726 1994 758 nt.

256 787 356 824 nter
374 772 591 839 prodigia
607 773 698 821 hoc
725 784 931 836 tempore
952 785 1216 822 numeratur
1235 772 1372 821 maris
1394 772 1665 822 Germanici
1699 785 1790 821 tam
1813 774 1996 823 insolita

225 838 488 893 inundatio,
511 848 562 885 ut
582 853 676 886 non
697 853 829 901 agros
852 838 992 884 modo
1025 835 1305 895 demerserit,
1342 841 1392 888 δι
1410 837 1558 886 arenis
1582 837 1804 895 obruerit,
1828 839 1901 885 sed
1926 839 1997 886 vi-

226 919 325 959 cos,
347 901 538 976 oppida,
571 908 614 951 δι
636 917 761 949 arces
780 902 1012 948 everterit.
1077 901 1311 948 Tonitrua
1342 900 1482 950 etiam
1512 900 1646 950 solito
1667 903 1998 965 frequentiora,

224 983 282 1016 ac
305 983 451 1032 magis
473 967 700 1015 horrenda
724 983 736 1012 z
769 963 1033 1029 pluresque,
1050 980 1188 1029 quam
1211 980 1415 1029 unquam
1433 964 1483 1012 in
1505 966 1740 1015 Britannia
1763 967 1997 1016 memoria:
2066 1001 2075 1017 .

226 1032 465 1097 proditum
481 1030 642 1087 suerit,
661 1029 934 1079 fulminibus
952 1029 1219 1081 exanimati.

852 1115 1146 1164 LXXXVII.
1196 1115 1238 1163 R
1261 1115 1300 1163 E
1321 1115 1382 1162 X.

294 1194 477 1244 xxm.
510 1192 601 1243 Mi
613 1191 705 1242 Le
718 1193 763 1241 O
776 1191 815 1239 L
827 1191 874 1239 U
888 1190 942 1236 M
955 1191 988 1237 B
1003 1191 1058 1237 Ο
1071 1189 1206 1236 rebus
1227 1187 1438 1238 humanis
1457 1188 1631 1238 sublato
1648 1188 1888 1239 Donaldus
1907 1192 1993 1240 Ba-

228 1274 333 1315 nus,
357 1258 446 1305 hoc
467 1258 528 1305 est
551 1256 715 1310 Albus,
738 1255 834 1304 e‘us
853 1254 1009 1310 frater,
1030 1254 1109 1318 qui
1132 1253 1374 1302 Macbetbi
1396 1267 1521 1302 metu
1539 1254 1585 1300 in
1610 1256 1820 1303 AEbudas
1841 1256 1996 1320 perfu-

227 1336 377 1432 giiu’
403 1320 772 1433 M³3¹320¹1³532³m
806 1318 1999 1432 ⁰¹:¹5355523‘1‘1'25532253³35⁰&{ff‘ssss’dssc‘iffizssss
2055 1407 2061 1414 ‚

223 1403 511 1498 ἒεὲἱὲξὲἓδ
531 1448 605 1503 iis,
636 1449 717 1512 qui
744 1400 1220 1511 suggriorem’kegem
1244 1400 1469 1510 corrugtae
1491 1447 1714 1508 majorum
1747 1418 1999 1511 disciplina}
2069 1434 2073 1441 ⁴

227 1514 342 1561 salso
363 1514 684 1561 insimulabant
710 1531 721 1560 :
757 1512 1023 1577 Anglosque
1040 1512 1182 1558 domo
1203 1511 1354 1575 pulsos
1375 1512 1422 1559 in
1447 1513 1684 1559 Scotorum
1708 1512 1829 1577 agris
1851 1513 1999 1560 collo·

227 1591 356 1626 catos
378 1578 611 1626 dolebant.
661 1577 871 1642 Edgarus
893 1576 941 1623 in
961 1589 1053 1623 tam
1075 1573 1221 1622 subita
1240 1575 1490 1623 mutatione
1512 1592 1682 1631 rerum,
1706 1576 1865 1624 sororis
1884 1576 2001 1624 libe·

228 1641 292 1689 ris
326 1659 409 1706 per
441 1653 619 1689 aetatem
642 1641 794 1688 adhuc
816 1639 1008 1688 infirmis
1040 1652 1263 1691 metuens,
1295 1654 1372 1686 eos
1396 1639 1442 1685 in
1467 1639 1686 1702 Angliam
1708 1640 1764 1686 ad
1789 1639 1833 1688 se
1859 1641 1999 1688 trans·

227 1706 480 1770 portandos
515 1704 692 1753 curavit
715 1723 729 1752 t
772 1704 845 1752 sed
876 1721 930 1751 ea
968 1702 1054 1751 viri
1084 1702 1249 1766 optimi
1273 1702 1416 1765 pietas
1437 1703 1666 1750 calumnia
1698 1720 1795 1751 non
1832 1704 1999 1752 caruit.

230 1771 358 1818 Nam
381 1770 439 1817 ab
462 1771 644 1833 Orgaro
664 1771 736 1816 An
773 1769 821 1816 lo
843 1768 1036 1832 gratiam
1056 1767 1177 1831 apud
1198 1767 1489 1814 Gulielmum
1512 1767 1684 1814 Rufum
1716 1769 1893 1833 Regem
1916 1785 2000 1816 au·

228 1847 428 1897 cupante
457 1833 687 1881 accusatus
709 1786 787 1889 eff,
810 1833 938 1897 quod
960 1832 1140 1879 occulte
1163 1832 1379 1894 jactaret,
1410 1830 1470 1887 se,
1493 1831 1679 1895 suosque
1712 1833 1996 1897 propinquos

226 1898 466 1963 legitimos
488 1897 620 1962 regni
640 1897 857 1945 haercdcz.
926 1899 976 1944 ld
1001 1896 1173 1943 crimen
1198 1911 1300 1942 cum
1324 1895 1502 1944 delator
1518 1895 1661 1943 nullis
1686 1898 1865 1944 testibus
1886 1913 1999 1945 con·

226 1962 447 2018 firmaret,
470 1960 731 2010 certaminis
753 1962 862 2008 aleae
879 1960 1104 2022 judicium
1120 1959 1455 2008 'committitur.
1515 1960 1729 2008 Tandem
1747 1961 1922 2008 delator
1939 1962 2001 2008 ab

228 2028 324 2074 alio
347 2028 525 2090 Aegle,
563 2026 643 2089 qui
679 2042 761 2089 pro
784 2027 968 2090 Edgaro
984 2026 1079 2088 jam
1101 2023 1273 2073 seniore
1297 2041 1379 2072 nec
1402 2024 1502 2071 satis
1527 2025 1653 2072 firma
1674 2025 1934 2073 valetudine
1957 2027 2003 2073 se
2040 2054 2047 2059 ·

228 2092 290 2138 ad
324 2100 552 2139 certamen
586 2089 832 2147 obtulerat,
871 2089 1015 2138 victus
1037 2090 1119 2137 est.
1181 2088 1465 2144 Donaldum‚
1490 2089 1569 2154 qui
1595 2090 1791 2136 externis
1813 2089 1998 2138 auxiliis

228 2169 336 2202 cum
356 2155 431 2202 sua
453 2154 648 2203 factione
669 2154 770 2215 conj
780 2155 923 2202 unciis
944 2170 1143 2218 regnum
1159 2152 1396 2208 invaserat,
1417 2169 1523 2200 cum
1545 2152 1654 2200 boni
1673 2169 1849 2207 omues,
1872 2154 2002 2217 apud

226 2233 347 2282 quos
372 2219 642 2267 sacrosancta
667 2232 763 2267 erat
806 2218 1120 2274 Milcolumbi,
1160 2222 1201 2265 &
1225 2217 1489 2281 Margaritae
1513 2218 1751 2272 memoria,
1785 2216 2006 2274 odissent,
2049 2242 2066 2278 .'-

230 2283 324 2346 ipse
348 2284 393 2330 id
418 2283 578 2331 odium
595 2282 673 2330 sua
694 2283 950 2332 temeritate
971 2283 1265 2330 vehementer
1286 2282 1433 2337 auxit,
1456 2282 1600 2329 multa
1619 2281 1737 2329 inter
1754 2282 1852 2329 suos
1871 2282 1996 2345 capi·
2055 2276 2066 2326 i

229 2349 267 2394 ti
309 2347 541 2395 nobilium
572 2348 802 2404 minatus,
831 2348 910 2412 qui
949 2347 1275 2395 sacramentum
1309 2346 1461 2394 dicere
1498 2346 1775 2393 abnuebant.
1848 2346 2011 2411 Igitur
2056 2343 2068 2359 ³

230 2412 513 2460 Duncanum
530 2411 827 2460 Milcolumbi
850 2411 1063 2468 nothum,
1098 2411 1182 2476 qui
1213 2410 1336 2474 apud
1357 2412 1534 2458 Rufum
1573 2410 1655 2458 diu
1678 2411 1861 2457 honesto
1895 2412 2005 2458 loco

229 2475 530 2531 militaverat,
560 2475 769 2524 adversus
789 2476 1058 2524 Donaldum
1079 2477 1326 2525 accersunt.
1392 2476 1469 2525 Ad
1491 2475 1588 2536 ejus
1609 2474 1853 2521 adventum
1877 2474 1998 2523 mul·

229 2540 289 2586 tis
312 2540 656 2596 deficientibus,
666 2539 911 2588 Donaldus
927 2541 1061 2588 rebus
1081 2540 1166 2588 suis
1185 2539 1413 2598 diffidens,
1432 2540 1530 2606 post
1548 2538 1720 2587 sextum
1739 2554 1876 2602 quam
1894 2555 1999 2605 reg·

868 2698 1186 2747 LXXXVIII.
1234 2699 1276 2746 R
1299 2699 1336 2745 E
1361 2699 1424 2746 X.

295 2774 477 2821 XXIV.
508 2774 558 2821 N
576 2775 615 2822 E
634 2773 676 2821 C
706 2774 960 2821 Duncanus
981 2771 1062 2819 diu
1082 2787 1275 2836 regnum
1299 2772 1447 2819 tenuit
1470 2789 1486 2818 z
1515 2771 1655 2818 homo
1677 2771 1801 2819 enim
1825 2766 2015 2820 milita?

229 2836 311 2892 ris,
334 2843 376 2885 δι
393 2838 558 2886 artium
581 2838 705 2901 pacis
728 2852 821 2884 non
839 2836 1088 2884 admodum
1111 2852 1291 2899 gnarus,
1318 2838 1421 2883 curn
1446 2834 1746 2898 imperiofius,
1771 2850 1910 2897 quam
1932 2834 2001 2882 ci·

230 2902 336 2949 vilis
359 2902 475 2949 ratio
496 2901 727 2974 exigebat,
751 2900 907 2948 omnia
924 2901 1148 2955 traftaret,
1172 2898 1296 2946 brevi
1311 2899 1357 2946 in
1381 2899 1635 2946 maximum
1654 2899 1835 2962 majoris
1860 2899 2001 2962 partis

229 2966 396 3014 odium
413 2965 621 3013 incumt.
687 2965 742 3012 ld
761 2979 866 3012 cum
890 2962 1132 3011 Donaldus
1159 2965 1264 3010 exul
1293 2965 1350 3010 ad
1383 2979 1541 3010 omnes
1562 2963 1658 3023 ejus
1681 2975 1831 3010 motus
1849 2962 2002 3010 inten-

230 3042 305 3076 tus
330 3029 535 3087 resciss'et,
557 3041 773 3093 corrupto
793 3027 1096 3090 Macpendiro
1109 3028 1304 3074 Merniae
1320 3027 1503 3075 Comite
1523 3028 1800 3075 Duncanum
1818 3025 1866 3072 in
1884 3025 2017 3092 ‘rai-¹

231 3095 340 3143 chia
370 3095 503 3142 nocte
535 3107 663 3143 curat
694 3093 1078 3140 obtruncandum.
1146 3093 1246 3140 Post
1288 3109 1456 3139 annum
1480 3097 1520 3139 &
1555 3091 1629 3138 sex
1660 3090 1832 3138 menses
1860 3106 2000 3164 quam

231 3173 424 3221 regnare
447 3169 668 3222 coeperat,
689 3157 802 3221 ipse.
822 3155 955 3206 bonis
985 3172 1088 3202 cum
1116 3154 1274 3219 inopia
1295 3156 1506 3204 melioris
1517 3153 1661 3219 magis
1683 3153 2017 3209 tolerantibus,-

187 3268 191 3271 .
212 3274 214 3277 ,
230 3237 374 3282 quam
396 3222 713 3284 probantibus,
729 3223 831 3284 plus
854 3221 1002 3268 minus
1021 3220 1218 3267 triennio
1239 3218 1672 3268 turbulentiffimum
1689 3234 1884 3282 regnum
1900 3217 2001 3282 ges-

175 3284 179 3290 '
232 3284 288 3331 fit
310 3303 319 3329 :
355 3285 464 3332 hinc
479 3285 714 3338 Insulanis,
741 3285 849 3332 hinc
871 3285 1037 3348 Anglis
1058 3301 1255 3347 regnum
1275 3283 1605 3331 infe-flantibus.
1636 3281 1830 3329 Acceflit
1850 3285 1896 3330 ἃ
1923 3281 2005 3329 illa

234 3348 379 3408 major
418 3348 597 3396 invidia
624 3365 682 3396 ex
712 3349 869 3397 insulis
899 3348 1263 3396 occidentalibus
1296 3365 1379 3413 per
1411 3347 1638 3410 Magnum
1673 3346 2001 3410 Noruegorum

234 3412 414 3473 Regem
431 3412 666 3486 occupatis
690 3429 707 3468 ,-
739 3429 853 3477 quas
880 3412 973 3460 etli-
992 3412 1074 3459 ille
1093 3414 1323 3476 velutper
1342 3411 1437 3460 vim
1457 3410 1676 3475 ingressus
1696 3409 1820 3462 esset.
1845 3421 2005 3457 tamen*

232 3490 395 3522 omnes
416 3476 754 3540 intelligebant,
778 3476 987 3525 fraudem
1007 3475 1191 3531 subeffe,
1213 3492 1305 3524 non
1327 3475 1371 3525 se
1385 3487 1715 3523 commovente
1749 3473 1806 3520 ad
1828 3485 2001 3522 tantam

233 3539 562 3586 contumeliam
590 3540 826 3588 Donaldo.
892 3542 963 3588 Ac
991 3540 1176 3588 tandem
1207 3541 1355 3588 multo
1376 3536 1704 3591 vehementius.
1723 3535 1906 3584 accensa
1939 3534 2000 3584 est

230 3603 425 3666 publica
457 3601 734 3666 indignatio,
770 3605 938 3654 secreta
957 3604 1059 3666 ejus
1087 3603 1299 3667 pactione
1326 3601 1377 3652 in
1398 3603 1562 3668 vulgus
1593 3601 1788 3666 prolata.
