2013 3828
130 114 272 185 268
450 121 813 188 RERUM
907 120 1591 192 Scorxemsum

137 220 258 268 riensi
282 231 465 282 captum
488 221 636 267 adhuc
659 220 803 264 secum
828 218 1045 278 habebat)
1066 219 1324 282 paciscitur,
1342 221 1372 268 fi
1390 238 1575 284 operam
1594 223 1713 273 suam
1732 222 1895 273 adver«-

140 282 209 330 sus
233 285 407 347 Regem
432 300 560 346 aeque
583 283 775 338 fortiter,
792 285 839 332 ὃ(
861 283 1055 342 fideliter
1069 283 1151 332 fibi
1164 285 1418 349 impendat,
1441 302 1494 332 ac
1514 286 1746 335 adversum
1760 290 1801 336 se
1820 290 1893 336 fo·

140 362 209 397 ret
246 348 360 403 usus,
384 365 486 395 eum
511 347 553 393 se
575 347 768 393 liberum
804 346 993 395 domum
1021 347 1320 397 dimissurum.
1388 349 1665 413 Duglassius,
1690 352 1768 413 qui
1793 353 1900 399 nul-

143 413 235 461 lam
257 429 406 476 operae
435 411 653 458 navandae
672 409 878 458 adversus
909 412 1116 475 Anglum
1138 413 1450 461 conditionem
1472 415 1578 461 ess'et
1597 414 1897 470 recusaturus,

141 478 337 525 libenter
355 474 555 539 promisit
581 494 591 521 ;
616 479 655 520 δι
679 474 835 538 paucis
856 492 912 522 cx
933 475 1197 533 clientibus,
1221 483 1262 525 ἃς
1283 477 1439 525 amicis
1462 478 1723 526 convocatis
1745 479 1802 525 ad
1825 478 1900 525 fu·

143 554 290 588 turam
316 542 354 586 ie
384 538 728 586 dimicationem
768 552 896 602 parat
919 558 937 586 z.
962 557 1047 588 nec
1068 540 1246 604 segnius
1267 541 1316 589 in
1338 540 1497 604 praelio
1519 542 1562 589 se
1580 542 1725 607 gessit,
1755 541 1899 604 quam

141 607 299 654 Percio
315 602 592 667 promiserat.
656 602 779 651 Nam
802 617 1066 668 contempta
1085 605 1384 653 multitudine
1406 605 1454 653 in
1476 622 1615 653 uuum
1638 608 1815 670 Regem
1844 623 1897 653 a-

140 686 336 720 mmom,
355 668 600 731 oculosque
619 667 819 716 intentos
844 670 1028 717 tenebat
1050 688 1063 716 :
1095 675 1136 716 δι
1158 686 1263 719 cum
1285 670 1434 733 plures
1457 669 1782 733 paludamento
1805 672 1896 718 Re-

138 735 218 795 gio
236 735 372 780 essent
397 733 570 787 amieii,
591 734 699 794 (sive
725 745 771 778 ut
793 731 937 781 hostes
958 735 1055 797 ejus
1075 733 1214 797 capiti
1236 733 1528 782 imminentes
1560 734 1896 798 deciperentur,

139 800 228 846 five
244 809 294 845 ut
308 796 583 845 omnibus-»in
597 798 707 844 locis
729 796 896 844 milites
913 796 1178 862 praesentem
1196 797 1283 847 suae
1300 798 1499 853 virtutis,
1513 801 1557 849 δι
1575 797 1771 862 ignaviae
1790 814 1896 845 eum

138 863 179 908 sc
203 862 354 908 testem
379 861 545 909 habere
573 863 827 920 crederent)
861 862 1120 927 Duglaffius
1140 863 1187 910 in
1212 879 1352 912 unum
1375 878 1532 910 eorum
1556 862 1691 910 armis
1712 862 1892 925 conspi-

128 943 273 978 cuum
305 925 413 973 totis
432 925 608 974 viribus
629 926 833 974 invefius
854 944 956 973 eum
982 942 1038 973 ex
1064 943 1187 991 equo
1208 926 1369 988 dejicit
1390 945 1401 973 :
1440 925 1521 990 qui
1545 943 1649 974 cum
1673 925 1701 972 ὲ
1721 926 1894 975 circum

136 990 380 1039 astantibus
397 1003 635 1053 exemptus
659 989 803 1038 suisset
818 991 1041 1055 periculo,
1056 990 1222 1039 iterum
1240 991 1498 1054 Duglaffius
1515 991 1727 1046 alterum,
1745 1007 1797 1038 ac
1815 993 1896 1039 de-

133 1053 243 1103 inde
267 1056 449 1103 tertium
487 1059 557 1118 (ut
579 1071 742 1119 praeter
762 1057 930 1104 nostros
951 1055 1088 1103 etiam
1110 1055 1301 1103 affirmat
1334 1055 1572 1103 Eduardus
1606 1056 1773 1106 Hallus
1796 1057 1896 1103 An·

136 1120 262 1182 glus)
283 1135 509 1168 armorum
533 1119 786 1184 splendore,
811 1124 857 1171 δε
885 1121 1208 1183 paludamento
1229 1120 1448 1183 deceptus
1475 1120 1658 1192 dejecit.
1726 1121 1895 1183 Neque

135 1198 227 1232 tam
249 1184 330 1232 suo
347 1184 554 1248 periculo
572 1198 848 1240 commotus,
870 1184 1010 1248 quam
1035 1185 1155 1232 unde
1178 1198 1245 1232 tot
1261 1186 1413 1249 Reges
1435 1184 1669 1239 venissent,
1689 1183 1894 1233 miratus.

132 1249 346 1299 Tandem
371 1250 466 1312 post
481 1248 834 1303 cruentissimum
856 1249 1120 1299 confliflum
1142 1249 1262 1296 versa
1279 1248 1478 1304 fortuna,
1502 1265 1553 1296 ac
1573 1247 1742 1297 victore
1764 1250 1896 1314 Rege

124 1313 393 1375 ,Duglaffius
411 1313 569 1362 multis
592 1313 856 1361 vulneribus
878 1314 1049 1361 saucius
1070 1313 1190 1361 inter
1209 1313 1413 1376 captivos
1434 1329 1537 1361 reco
1572 1311 1713 1367 nitus,
1739 1314 1893 1362 multis

132 1377 185 1427 in
205 1378 298 1440 ejus
316 1377 508 1425 exitium
529 1378 876 1433 imminentibus
899 1377 925 1426 ὲ
946 1380 1073 1442 Rege
1095 1379 1152 1425 cst
1172 1377 1385 1432 servatus,
1408 1394 1498 1424 non
1539 1378 1663 1424 olum
1686 1377 1774 1424 fide
1796 1378 1893 1441 ejus

131 1458 243 1498 eiga
264 1442 460 1490 amicum
485 1442 680 1496 laudata,
706 1442 776 1488 scd
803 1442 1069 1490 fortitudine
1091 1441 1353 1488 muneribus
1375 1441 1604 1488 honestata
1625 1460 1636 1488 :
1660 1456 1713 1489 ac
1732 1443 1891 1490 vulne-

133 1505 258 1555 ribus
281 1506 446 1554 curatis
470 1522 573 1554 cum
598 1507 773 1571 aliquot
800 1508 971 1554 menses
1000 1506 1122 1570 apud
1144 1506 1352 1571 Anglum
1374 1503 1538 1562 fuisset,
1561 1522 1729 1570 magna
1749 1522 1891 1570 pecu-

132 1570 207 1618 nia
230 1571 455 1632 persoluta
473 1571 549 1617 vix
572 1574 752 1619 tandem
777 1569 996 1618 dimissus·

197 1637 309 1684 ΧΠ.
346 1636 524 1682 Interea
540 1636 598 1682 de
622 1636 803 1682 Davide
826 1635 950 1687 Scoti
974 1631 1282 1698 primogenito
1299 1633 1462 1684 scelere
1480 1634 1629 1697 patrui
1645 1634 1792 1682 occiso
1813 1653 1891 1682 ru-

131 1715 233 1746 mor
254 1701 308 1746 ad
345 1699 554 1746 miserum
590 1713 820 1763 parentem
845 1711 1081 1762 permanat
1105 1717 1117 1745 ι
1150 1700 1399 1761 audorque
1416 1698 1609 1747 occultis
1630 1699 1896 1747 rumoribus

132 1768 257 1823 (nam
278 1765 433 1828 palam*
454 1780 587 1811 nemo
606 1764 802 1812 audebat
820 1764 1052 1812 bominem
1077 1777 1167 1810 tam
1186 1774 1418 1825 potentem
1439 1763 1662 1826 accusare)
1683 1763 1890 1828 designa-

130 1827 279 1876 batur.
346 1829 447 1877 Rex
477 1828 613 1876 fratre
632 1829 688 1874 ad
716 1828 757 1875 se
785 1827 947 1884 accito,
971 1827 1170 1892 graviter
1198 1842 1304 1877 cum
1326 1844 1380 1876 eo
1401 1827 1671 1891 expostulat.
1719 1828 1805 1875 llle
1831 1829 1889 1876 de

129 1906 278 1940 morte
298 1892 595 1942 adolescentis
609 1893 705 1959 jam
729 1908 833 1941 ante
854 1907 1056 1955 paratam
1077 1891 1279 1940 fabulam
1301 1890 1481 1940 exorsus
1509 1891 1682 1940 crimen
1704 1892 1751 1940 in
1774 1891 1890 1940 alios

128 1957 359 2012 transfert,
374 1957 433 2012 se,
454 1957 654 2022 suosque,
670 1958 873 2020 quando,
889 1962 927 2004 δι
945 1956 1023 2004 ubi
1039 1958 1139 2004 Rea
1156 1957 1267 2004 velit
1288 1957 1346 2004 ad
1363 1956 1539 2003 causam
1558 1956 1799 2005 dicendam
1819 1957 1887 2005 af·

127 2019 307 2068 futuros
331 2022 572 2084 promittit.
640 2023 678 2070 E
707 2021 847 2069 caedis
868 2033 1020 2069 autem
1046 2021 1349 2083 patratoribus
1368 2019 1586 2085 quosdam
1608 2019 1651 2068 se
1671 2037 1810 2085 penes
1837 2021 1889 2069 in

127 2086 322 2133 vinculis
357 2087 440 2133 esse
465 2104 476 2132 ε
521 2087 722 2148 reliquos
755 2085 1002 2150 diligenter
1022 2083 1387 2147 perquisiturum.
1442 2084 1704 2148 Qaestione
1724 2085 1887 2132 consti·

127 2160 229 2197 tuta
250 2150 340 2213 ipse
362 2150 535 2202 sceleris
556 2152 711 2197 auEtor
732 2148 859 2213 cogit
878 2148 1145 2204 concilium,
1163 2149 1438 2196 accusatores
1458 2149 1636 2197 instruit
1659 2169 1673 2205 ;
1693 2155 1731 2197 Sc
1756 2151 1886 2214 Rege

124 2215 345 2276 praesente
366 2227 581 2278 tanquam
616 2214 777 2262 noxius
799 2212 1027 2261 accusatus
1055 2229 1140 2277 pro
1161 2212 1352 2261 innoxio
1373 2208 1643 2262 dimittit‘ur.
1664 2214 1760 2262 Rex
1784 2215 1885 2262 vin·

126 2279 293 2326 didiam
318 2279 517 2335 coelitus,
537 2285 576 2327 &
592 2278 864 2344 gravissimas
881 2278 1000 2326 diras
1018 2278 1102 2334 εἰς,
1120 2293 1370 2340 eorumque
1385 2276 1571 2342 posteris
1592 2277 1885 2340 imprecatus,

125 2344 205 2406 qni
231 2357 321 2391 tam
354 2343 578 2392 nefarium
611 2343 786 2390 facinus
807 2354 1110 2407 patraverant,
1132 2341 1271 2398 curis,
1300 2341 1654 2405 infirmitateque
1677 2342 1887 2406 ,corporis

126 2423 247 2469 aegcr
268 2407 314 2454 in
338 2409 498 2456 Botam
529 2409 648 2455 unde
668 2421 870 2462 venerat,
894 2407 953 2453 est
974 2404 1336 2463 reversus„au6ta
1356 2404 1597 2469 suspitione
1615 2405 1674 2453 de
1695 2406 1884 2469 parrici-

124 2471 203 2516 dio
228 2470 254 2517 a
274 2473 409 2522 fratre
432 2472 666 2521 commisso
691 2490 702 2519 :
728 2472 797 2519 sed
823 2471 1054 2535 potentior
1074 2483 1187 2525 erat,
1210 2470 1351 2535 quam
1377 2483 1425 2518 ut
1444 2470 1502 2517 ab
1523 2484 1579 2519 eo
1634 2485 1737 2516 oena
1758 2469 1883 2535 exigi

124 2536 282 2596 posset.
334 2537 419 2584 Ille
436 2538 548 2584 vero
567 2552 613 2583 ut
637 2552 730 2583 rem
751 2536 925 2583 strenue
941 2533 1251 2591 dissimularet,
1267 2535 1345 2599 sup
1381 2531 1572 2582 osititios
1589 2487 1764 2583 {cleris
1777 2550 1884 2582 auc-

123 2612 243 2647 t-ores
259 2601 283 2648 ὲ
300 2616 480 2657 carcere
501 2600 732 2663 producit,
750 2603 795 2650 &
818 2599 1090 2648 facinorosos
1106 2600 1295 2671 quidem
1315 2552 1437 2655 illos,
1459 2597 1534 2646 sed
1551 2598 1680 2661 eujus
1695 2597 1883 2647 insimu-

121 2663 333 2715 labantur
351 2665 554 2713 criminis
574 2680 747 2728 expertt
763 2681 783 2711 s
802 2663 932 2729 gravi
946 2661 1171 2727 supplicio
1198 2663 1351 2713 afficit.

191 2729 278 2776 ΧΗ
286 2730 323 2781 1,.
358 2731 459 2776 Rex
479 2728 652 2777 interea
672 2729 730 2776 de
751 2728 920 2776 iacebo
938 2727 1113 2775 minore
1126 2726 1222 2776 filio
1241 2727 1476 2783 sollicitus,
1498 2743 1635 2790 quem
1658 2728 1783 2792 apud
1807 2731 1879 2789 (ι)

120 2793 637 2850 ValterumVardilaum
658 2793 769 2845 Fani
786 2790 1391 2855 AndreaeArchiepiscopum
1410 2791 1472 2838 ho
1525 2791 1535 2801 '
1572 2806 1643 2838 em
1659 2794 1877 2854 probum,

123 2862 162 2902 δι
183 2857 264 2905 fibi
280 2857 420 2907 fidum
435 2857 701 2919 deposuerat
718 2855 1078 2908 custodiendum,
1097 2871 1205 2902 cum
1224 2852 1384 2902 amicis
1403 2852 1536 2901 consu
1558 2866 1640 2902 tat.
1684 2856 1760 2903 Illi
1778 2856 1883 2904 nus-

122 2937 260 2984 quam
283 2937 387 2968 eum
411 2921 458 2968 in
479 2921 630 2970 Scotia
650 2932 797 2970 tutum
819 2918 915 2967 fore
940 2919 1026 2966 rati
1055 2919 1257 2966 austeres
1278 2918 1477 2974 fuerunt,
1502 2930 1552 2966 ut
1573 2918 1631 2966 ad
1660 2920 1882 2970 Carolum

120 2987 292 3033 sextum
317 2985 578 3033 Galliarum
604 2986 784 3048 Regem
815 2985 887 3044 (z)
911 2997 1108 3031 veterem
1133 2981 1321 3038 socium,
1345 2988 1384 3031 δι
1410 2981 1578 3031 Scotici
1607 2982 1803 3032 nominis
1827 3002 1881 3032 u·

122 3049 225 3097 nice
242 3049 439 3102 amicum
462 3066 568 3096 eum
588 3047 872 3096 transmittat.
939 3044 1176 3117 Nusquam
1201 3063 1348 3120 neque
1371 3048 1530 3100 tutius,
1553 3064 1701 3112 neque
1718 3048 1881 3096 hones·

41 3155 48 3162 ,
122 3112 212 3162 tius
240 3130 344 3161 eum
367 3112 548 3161 educari
580 3115 716 3175 posse.
779 3111 1000 3163 Haerebat
1026 3127 1148 3157 cmm
1171 3109 1219 3158 in
1242 3112 1406 3160 animis
1436 3127 1592 3164 recens
1616 3112 1880 3175 exemplum

121 3176 316 3225 Favidis
338 3175 513 3234 Bruffii,
536 3178 618 3242 qui
638 3175 794 3225 dubiis
813 3175 940 3223 domi
956 3174 1239 3238 temporibus
1255 3175 1432 3240 aliquot
1451 3190 1593 3223 anuos
1607 3174 1677 3223 ibi
1691 3175 1879 3224 honori-

176 3305 239 3354 (-r)
268 3307 408 3345 Others
423 3308 545 3346 would
569 3308 667 3351 have
683 3307 753 3347 the
765 3306 914 3355 reading
932 3316 971 3344 to
1022 3304 1152 3344 uh3ch
1182 3307 1285 3344 lands
1310 3300 1372 3345 arc
1390 3306 1526 3344 halden
1544 3302 1588 3343 of
1602 3304 1666 3344 the
1685 3304 1740 3344 see
1759 3305 1803 3344 of
1817 3306 1874 3344 St.

119 3360 164 3398 b:
181 3359 413 3409 Hernicum-3
433 3360 490 3398 sor
502 3361 559 3411 say
572 3361 822 3411 they‚Walter
834 3360 971 3398 Ward-
1023 3360 1218 3399 Andrews.

120 3414 191 3450 law
205 3412 368 3449 cardinal
389 3424 461 3448 was
482 3413 605 3464 biihop
623 3414 869 3461 osciasgow,
899 3415 970 3451 and
1077 3412 1141 3461 (2)
1168 3413 1240 3451 Hi·
1260 3412 1322 3450 old
1334 3411 1577 3452 consedente.
1608 3410 1876 3450 'rhenonum

121 3466 230 3503 uncle
244 3472 282 3500 to
299 3463 376 3500 this
393 3465 471 3502 Mr.
487 3468 629 3516 Henry,
643 3466 767 3503 whizn
785 3466 844 3503 M.
863 3467 970 3503 Hen·
1023 3467 1140 3504 called
1158 3465 1259 3504 their
1278 3465 1510 3503 consedente
1534 3464 1649 3514 kings
1680 3466 1754 3501 and
1768 3465 1874 3506 states

119 3531 160 3568 ry
189 3516 302 3556 raised
332 3517 398 3554 tue
432 3516 543 3556 house
585 3521 630 3557 ef
654 3521 774 3569 Ten‘y
802 3519 844 3559 in
873 3518 970 3566 Piso,
1025 3517 1138 3558 socios
1153 3521 1315 3569 reges&
1334 3517 1457 3557 sociat.
1477 3521 1547 3555 ‹ft-c.

1783 3596 1882 3666 'fiee
