2085 3864
494 210 839 275 ‘Lt‘e'E‘R‘
928 208 1397 275 S‘Exffi‘u'ss
1703 229 1822 295 149

71 313 156 378 qui
176 326 281 360 cum
299 308 519 374 corporis,
542 308 777 368 animique
798 304 973 353 viribus
1003 308 1181 372 magnis
1203 308 1357 361 effensst,
1381 318 1466 354 nec
1488 305 1662 354 minore
1683 308 1732 357 in
1753 326 1835 374 pa—

73 379 206 426 triam
224 376 427 429 caritate,
449 385 579 436 pater
589 372 724 434 jugo,
748 369 832 417 filii
849 371 1214 434 quodcuiquein'
1234 378 1454 435 promptu
1472 370 1577 426 fuit,
1599 388 1683 432 pro
1702 372 1838 425 armis

63 455 278 505 accepto,
304 438 382 486 ubi
399 436 700 485 denfiffimum
717 433 995 498 fugientium
1014 453 1180 501 agmen
1197 436 1544 499 conspexerunt,
1569 435 1749 484 obviam
1769 439 1841 486 lo-

71 523 129 553 co
150 507 335 570 angusto
356 499 551 566 profeffl
587 499 789 563 primum
823 500 1059 556 convitiis,
1096 501 1263 559 deinde
1286 501 1422 547 minis
1441 495 1675 564 *fugientes
1698 502 1841 550 sistere

74 581 310 618 conantur.
378 565 468 614 His
492 564 572 612 ubi
594 563 711 611 nihil
736 563 1000 626 proficiunt,
1025 565 1255 627 proximos
1278 565 1465 621 feriunt,
1490 566 1533 612 se
1552 581 1740 629 quoque
1760 583 1844 614 voa-

71 635 312 684 ciserantes
334 630 542 678 adversus
562 627 808 693 fugiente5‚
831 628 989 676 Danos
1012 631 1206 677 futuros.
1240 630 1316 677 Ad
1337 631 1437 676 haec
1457 629 1710 677 timidiores
1733 642 1842 678 con-

72 699 227 747 iistunt
251 716 263 744 ε
297 695 524 750 fortioreS‚
542 694 624 757 qui
645 710 737 740 non
758 706 852 740 tam
870 706 1013 750 metu,
1037 710 1176 757 quam
1201 696 1331 741 turba
1349 695 1531 755 suorum
1554 694 1732 759 abrepti
1750 706 1839 743 ter-

71 779 133 828 ga
157 772 402 816 verterant,
424 760 482 806 ad
505 774 583 805 eos
601 758 645 805 se
662 770 936 821 aggregant,
955 759 1205 806 clamantes
1223 759 1444 806 auxilium
1468 760 1628 806 adesse.
1680 761 1751 806 Ita
1772 773 1842 807 to-

72 840 176 876 tum
213 837 379 891 agmen
412 823 460 870 in
495 823 667 870 hostem
690 835 966 871 convertunt
999 842 1010 870 τ
1055 827 1107 873 δί
1135 824 1294 870 Danos'
1332 841 1425 872 non
1457 824 1608 871 minus
1645 824 1840 887 trepida,

71 908 213 957 quam·
233 891 318 953 ipst
339 899 559 937 venerant
576 888 688 952 fuga
716 898 840 935 retro
866 889 924 935 ad
946 887 1045 935 suos
1068 887 1371 952 compellunt.
1439 890 1515 935 Ad
1537 890 1656 936 hanc
1684 889 1845 938 Danos

73 973 176 1003 rum
202 952 814 1017 trepidationemagasones,
840 954 892 1004 &
912 951 1114 999 imbellis
1136 952 1377 1014 agrestium
1401 953 1536 1000 turba
1555 953 1733 1000 sublato
1753 955 1846 1002 cla*-

74 1033 202 1071 more
231 1019 428 1082 speciem
462 1017 572 1065 novi
593 1016 814 1065 exercitus
838 1018 1102 1081 praebuere.
1141 1019 1208 1063 Ea
1226 1034 1294 1064 res
1317 1029 1495 1065 tantum
1516 1017 1658 1064 animi
1681 1019 1846 1075 Seo'tis3

76 1091 118 1133 &
142 1083 400 1132 formidinis
423 1081 572 1130 Danis
594 1080 767 1135 attulit,
804 1095 855 1128 ut
876 1082 1039 1129 alteros
1074 1082 1133 1128 de
1155 1081 1294 1129 salute
1316 1082 1601 1144 desperantes
1634 1084 1846 1144 erexerit,

76 1149 227 1197 alteris
247 1165 331 1212 pro
351 1147 525 1210 sperata
536 1145 728 1192 vietoria
749 1157 919 1192 certam
936 1145 1246 1195 calamitatem
1267 1146 1485 1194 attulerit>
1546 1147 1597 1192 H
1602 1154 1668 1192 ae'c'
1687 1147 1748 1193 est
1767 1148 1849 1194 ina

75 1212 269 1262 victoria
290 1213 348 1259 ad
371 1211 648 1259 Loncartem
676 1209 833 1256 vicum
856 1223 1002 1272 parta,
1026 1210 1126 1265 illo,
1164 1212 1216 1258 ’δε
1238 1211 1414 1272 aliquot
1436 1210 1658 1273 proximis
1686 1211 1855 1260 diebus

78 1278 252 1326 summa
272 1276 459 1331 lae'ticia,
483 1277 541 1322 ad
559 1274 758 1339 posteros
781 1287 1002 1338 perpetua
1024 1275 1146 1321 fama
1167 1275 1409 1320 celebrata.

82 1342 84 1347 ’
143 1342 370 1392 XXXIII.
408 1343 532 1391 Cum
554 1339 698 1403 spoiia
718 1338 910 1385 vietores
930 1338 1206 1394 dividerent,
1231 1339 1380 1386 Haius
1403 1337 1452 1385 in
1474 1340 1682 1388 omnium
1700 1354 1781 1388 ore*
1802 1357 1850 1388 e-

78 1420 164 1455 rat.
233 1406 377 1454 Multi
408 1405 618 1453 homines
648 1403 822 1450 honesti
851 1404 1203 1451 testificabantur
1233 1403 1275 1450 se
1299 1403 1455 1450 vidiffe
1477 1421 1751 1469 quacunque
1771 1406 1854 1454 ille

79 1487 187 1519 cum
209 1470 364 1518 liberis
392 1468 726 1534 impreffionem
750 1467 936 1524 fecisset,
963 1469 1033 1516 ibi
1064 1469 1316 1515 nostrorum
1338 1467 1521 1515 ordines
1541 1468 1785 1526 restitutos,
1811 1477 1853 1519 δε

29 1545 33 1548 ’
79 1537 288 1586 hostilem
311 1535 458 1582 aciem
480 1535 608 1582 velut
628 1532 760 1583 ruina
775 1532 1036 1596 impulsam.
1061 1577 1064 1579 .
1105 1535 1280 1580 Omnes
1301 1530 1500 1596 denique
1525 1544 1615 1580 uno
1636 1551 1714 1582 ore
1734 1552 1854 1598 prae-

79 1600 204 1657 dam,
240 1600 495 1655 victoriam,
529 1599 718 1653 famam,
742 1598 931 1647 salutem
954 1598 996 1645 se
1018 1597 1082 1645 eis
1108 1598 1275 1644 debere
1295 1598 1571 1645 fatebantur.
1629 1599 1777 1648 Haius
1797 1602 1855 1647 ad

81 1666 261 1729 Regem
282 1665 528 1728 perdu&us
551 1662 749 1710 modeste
766 1663 824 1709 de
853 1662 895 1711 fe
913 1664 1111 1715 locutus,
1136 1662 1393 1724 splendidas
1414 1663 1553 1709 vestes
1577 1662 1676 1717 fibi,
1703 1670 1743 1711 δε
1766 1665 1854 1711 fili·
1902 1668 1912 1671 s

80 1730 119 1776 is
142 1730 335 1784 oblatas,
360 1739 409 1775 ut
430 1726 759 1790 conspectiores
781 1726 995 1775 Bertham
1017 1726 1383 1789 ingrederentur,
1399 1727 1577 1774 renuit:
1602 1743 1653 1774 ac
1676 1733 1855 1777 tantum

83 1793 274 1840 absterso
303 1793 508 1855 pulvere,
533 1790 806 1853 quotidiano
832 1791 1030 1838 amiculo
1060 1789 1266 1845 indutus,
1285 1790 1547 1854 jugumque
1573 1808 1667 1854 quo
1689 1794 1855 1842 eratin

82 1857 244 1921 praelio
268 1857 385 1910 usuS,
401 1857 547 1903 ferens
571 1856 726 1902 multis
745 1872 771 1901 a
785 1854 1121 1918 Regeanteire,
1143 1871 1194 1900 ac
1216 1855 1317 1901 satis
1342 1863 1510 1919 magno
1528 1857 1769 1904 intervallo
1787 1857 1855 1905 se-

83 1922 165 1986 qui
181 1922 322 1982 juflis,
343 1921 497 1967 multis
520 1921 577 1966 ad
600 1920 709 1967 novi
721 1921 900 1983 generis
917 1919 1223 1982 speetaculum
1243 1921 1580 1967 accurrentibus
1606 1922 1765 1968 urbem
1784 1923 1864 1970 ἔῃ..

82 1985 291 2050 greditur
315 2004 325 2031 :
351 1984 650 2046 omniumque
671 2001 765 2039 ora,
792 1991 832 2032 δε
863 1983 1092 2047 oculos-in
1120 1983 1162 2030 se
1185 2000 1330 2030 unum
1364 1985 1593 2032 convertit
1616 2005 1628 2033 :
1653 2003 1705 2033 ac
1738 1986 1858 2035 solus

82 2067 227 2114 prope
248 2060 435 2097 omnem
453 2049 580 2097 illius
602 2048 696 2095 diei
717 2049 1031 2095 celebritatem
1048 2047 1170 2095 tulit.
1238 2049 1340 2095 Post
1361 2049 1602 2097 Danorum
1625 2050 1859 2103 discessum

83 2114 187 2162 ocio
210 2126 372 2177 praeter
393 2113 516 2176 spem
541 2126 633 2160 tam
656 2112 749 2160 cito
770 2127 920 2175 parto,
942 2113 991 2159 in
1016 2125 1248 2159 conventu
1270 2129 1529 2176 procerum,
1560 2115 1641 2177 qui
1659 2116 1717 2163 ad
1746 2119 1858 2164 Sco-

83 2196 190 2226 nam
208 2179 306 2241 post
324 2193 492 2240 paucos
515 2176 611 2223 dies
635 2179 695 2224 est
717 2179 898 2224 habitus
930 2176 1045 2224 nihil
1069 2177 1213 2240 prius,
1243 2194 1382 2240 quam
1405 2179 1463 2226 de
1482 2178 1611 2235 Haii,
1636 2180 1859 2228 filiorum-

84 2261 174 2306 que
197 2245 234 2305 ej
246 2260 292 2290 us
315 2242 584 2298 honoribu5,
610 2249 650 2290 δε
673 2242 870 2303 praemiis
893 2244 954 2288 est
976 2244 1143 2289 aetum.
1202 2243 1330 2306 Ager
1352 2241 1415 2289 eis
1439 2244 1589 2300 datm,
1615 2238 1728 2292 unus
1751 2263 1858 2310 pro-

83 2326 142 2371 pe
162 2307 301 2355 totius
320 2307 486 2354 Scotiae
506 2306 814 2363 fertiliflimus,
832 2324 971 2369 quem
993 2308 1144 2354 adhuc
1162 2320 1319 2354 eorum
1340 2308 1502 2369 posteri
1520 2319 1678 2357 tenent
1701 2329 1712 2357 :
1737 2327 1860 2358 nunc

84 2373 134 2420 in
157 2373 322 2420 multas
343 2373 584 2436 opulentas
603 2372 798 2419 familias
818 2372 1062 2436 propagati
1084 2390 1094 2418 :
1117 2371 1200 2434 ipfi
1223 2389 1248 2418 e
1268 2372 1405 2435 plebe
1426 2373 1475 2420 in
1497 2373 1705 2422 ordinem
1727 2376 1863 2424 nobi-

83 2438 200 2495 lium
223 2437 369 2484 relati.
438 2436 640 2500 Infignia
662 2437 865 2490 ferenda,
892 2437 961 2484 uti
982 2453 1080 2483 mos
1104 2438 1164 2482 est
1186 2436 1434 2492 nobllitati,
1460 2438 1566 2485 data
1591 2441 1660 2501 (1)
1685 2439 1863 2488 scutum

85 2514 370 2566 argenteum,
393 2501 441 2548 in
461 2501 588 2562 cujus
611 2501 705 2547 solo
723 2502 812 2548 ‘tria
834 2501 957 2547 scuta
977 2499 1207 2547 rubricata
1223 2501 1388 2547 insunt.
1423 2504 1537 2566 Qae
1558 2503 1753 2568 insignia
1773 2505 1867 2555 hoc

52 2607 58 2615 ,
85 2565 495 2629 opinor-indicant,
511 2566 699 2612 salutem
716 2567 952 2629 publicam
970 2565 1111 2613 trium
1132 2566 1374 2612 hominum
1397 2568 1614 2633 singulari
1634 2569 1681 2615 in
1699 2570 1873 2633 praelio.

87 2632 254 2678 virtute
277 2630 403 2677 fuiffe
425 2630 670 2677 defensam.

152 2696 378 2742 XXXIV.
415 2696 522 2743 Hoc
551 2695 823 2758 praelio-pax
845 2694 893 2740 in
917 2695 1086 2742 multos
1109 2711 1250 2742 annos
1273 2707 1403 2758 parta
1421 2694 1665 2745 videbatur
1690 2717 1702 2747 t
1723 2716 1865 2763 quam

88 2759 218 2806 domi
241 2759 560 2813 foedaruntse‘s
584 2759 974 2807 turbulentiffimae
1000 2779 1010 2807 ε
1036 2776 1090 2806 ac
1113 2760 1428 2807 Insulanor‘um
1450 2762 1658 2823 quidem,
1679 2764 1762 2827 qui
1781 2783 1864 2829 per

89 2825 288 2872 Roffiam
309 2823 417 2887 vagi
444 2825 790 2887 praedaban‘tur,
807 2837 957 2872 motus
989 2824 1119 2872 brevi
1142 2827 1414 2887 compreffus
1434 2828 1510 2880 est,
1543 2827 1699 2874 multis
1724 2828 1862 2878 latro-

36 2902 38 2904 ·
89 2906 201 2936 num
223 2888 272 2935 in
293 2888 452 2951 praelio
471 2890 611 2943 caefis,
632 2888 788 2936 multis
810 2889 923 2937 item
944 2889 992 2936 in
1011 2890 1123 2954 fuga
1139 2890 1300 2953 captis,
1322 2895 1363 2937 δε
1384 2891 1442 2937 ad
1460 2891 1733 2954 supplicium
1751 2895 1864 2942 duc-

91 2953 166 2999 tis,
235 2953 462 3014 Majorem
496 2955 636 3017 longe
670 2954 923 3001 tumultum
947 2955 1144 3016 praebuit
1182 2957 1251 3016 (z)
1279 2954 1618 3002 Crathilinthus
1645 2959 1865 3015 Fenellae,

90 3031 170 3064 aut
193 3020 263 3079 (ut
285 3016 364 3065 alii
385 3019 570 3077 vocant)
597 3017 849 3066 Finabellae
869 3019 1012 3066 filius.
1075 3021 1120 3066 Is
1143 3019 1338 3067 Me-rniae
1367 3032 1465 3066 tum
1488 3020 1629 3083 longe
1652 3016 1865 3088 princeps

88 3096 274 3146 genere,
296 3087 336 3130 δε
359 3080 534 3129 divitiis
556 3096 668 3130 erat.
704 3083 1006 3130 Cruthinetus
1025 3083 1063 3145 ej
1072 3099 1119 3130 us
1139 3100 1248 3130 avus
1266 3081 1496 3130 maternus
1515 3085 1753 3146 praefeftus
1771 3095 1869 3137 erat

91 3163 118 3192 a
140 3147 270 3209 Rege·
292 3146 338 3195 ei
367 3147 582 3209 Angufiae
604 3162 733 3211 agr0‚
766 3147 849 3209 qui
867 3148 990 3195 inter
1010 3149 1126 3194 duos
1157 3147 1321 3195 fluvios
1349 3149 1483 3209 (Essza
1503 3147 1682 3211 utrique
1697 3169 1869 3201 nomen

95 3211 175 3270 est)
203 3211 327 3271 jacet
351 3230 362 3257 2
393 3211 729 3274 veetiga-liaque
751 3212 865 3270 inde,
877 3212 1028 3276 Regia
1053 3211 1324 3275 colligebat..
1395 3212 1468 3258 Ad
1497 3230 1602 3259 eum
1629 3213 1870 3267 visendum

92 3290 198 3320 curn
220 3288 360 3337 nepos
383 3291 553 3337 magno
577 3274 802 3322 comitatu-
816 3278 1018 3331 venifl'et,
1041 3276 1188 3322 subito
1209 3276 1412 3322 tumultu
1435 3276 1556 3323 inter
1577 3278 1801 3327 m'mistros
1820 3301 1870 3329 e-

13 3365 19 3373 κ
91 3354 227 3388 orum
245 3353 363 3394 ort0,
389 3340 485 3386 duo
504 3356 528 3384 e
552 3338 856 3389 Crathilinthi
878 3339 1180 3387 familiaribus
1200 3339 1301 3385 sunt
1313 3339 1463 3385 occifi.
1518 3342 1604 3388 Ille
1628 3343 1685 3389 de
1703 3344 1871 3406 injuria

92 3404 215 3464 apud
250 3421 391 3454 avum,
408 3404 604 3467 qssuestuS,
629 3419 734 3449 cum
758 3404 806 3450 in
829 3405 924 3466 ejus
947 3404 1139 3452 comites
1161 3402 1393 3449 seditionis
1415 3406 1551 3468 culpa
1588 3407 1868 3468 rejiceretur,

93 3482 126 3515 a
152 3467 258 3519 sene
291 3468 421 3535 gravi
443 3467 648 3518 oratione
670 3468 735 3518 est.
753 3468 1027 3532 increpitus,
1047 3484 1131 3515 nec
1154 3466 1244 3515 sine
1267 3470 1562 3516 contumeliis
1593 3487 1618 3516 a
1637 3472 1869 3535 ministris,

147 3593 211 3644 (ι’)
240 3598 285 3634 I'n
303 3607 324 3634 a
343 3597 448 3635 fiiver,
465 3598 552 3635 field
584 3597 689 3634 three
708 3600 770 3635 red
789 3598 942 3636 ssiields:
1008 3599 1144 3636 cules.

92 3646 159 3687 the
176 3648 321 3691 heralde.
339 3651 573 3700 say,Argent‚
593 3651 698 3691 three
717 3652 949 3700 scutcheons,
1062 3654 1133 3704 (2)
1155 3652 1563 3693 MS.C1·uthilinthue,
