2006 3858
438 81 848 153 A‘PUD
943 76 1508 146 scoToS.
1827 104 1906 167 15

135 188 314 254 ini-poni
334 186 440 234 volo
461 205 471 233 :
506 186 580 232 sed
602 182 940 230 communicato
965 196 1069 226 cum
1094 181 1222 242 Rege
1243 178 1446 234 confilio,
1485 178 1790 227 communiter
1825 185 1908 230 sta·

135 257 355 302 tuendum
385 250 592 304 arbitror,
618 249 742 310 quod
769 248 826 293 ad
851 244 1060 292 omnium
1087 243 1272 290 salutem
1289 242 1594 290 communiter
1618 242 1770 290 faciat.
1840 255 1906 295 M.

136 321 315 381 Populo
341 318 482 369 initur
504 315 570 359 vis
596 313 713 358 hanc
728 310 1012 374 provi-nciam
1036 307 1232 354 tribuere
1257 310 1274 353 ἓ
1314 314 1368 356 B.
1394 308 1572 369 Populo
1594 306 1712 361 sane,
1739 309 1816 354 nifi
1857 322 1906 356 tu

140 385 318 430 fortasse
338 363 467 428 aliter
483 376 631 423 sentis.
652 378 719 422 M.
739 375 873 421 Nihil
897 372 1046 418 minus
1068 388 1248 434 aequum
1274 372 1467 418 videtur.
1497 373 1552 417 B.
1569 371 1911 432 Qamobrem?

139 446 348 500 M.Nosti
368 439 700 495 illudssclluam
721 439 936 485 multorum
958 442 1153 497 capitum.
1184 436 1658 498 Scis‚opinor,quanta
1679 435 1731 480 sit
1755 437 1913 498 populi

141 509 390 560 temeritas,
414 521 584 568 quanta
608 502 920 549 inconstantia.
957 502 1015 546 B·
1049 502 1151 563 Ego
1193 516 1425 563 nunquam
1447 498 1698 545 existimavi
1724 499 1916 546 universi

142 575 305 638 populi
322 569 503 634 judicio
526 585 623 614 eam
668 584 759 613 rem
787 564 986 627 permitti
1010 564 1164 611 deberi
1199 582 1210 610 :
1264 566 1337 611 sed
1362 576 1410 610 ut
1432 580 1574 625 prope
1597 565 1654 609 ad
1677 564 1919 620 consuetus»

149 640 304 685 dinem
351 636 541 681 nostram
569 648 626 677 ex
661 632 872 678 omnibus
896 628 1132 676 ordinibus
1156 628 1304 674 seleth
1327 629 1385 675 ad
1407 629 1583 690 Regem
1608 628 1653 674 in
1679 630 1918 675 confilium

141 703 332 750 coirent.
402 697 601 750 Deinde,
628 696 705 742 ubi
728 696 849 759 apud
872 708 947 740 eos
989 694 1274 758 προβέλευμοι
1312 695 1479 740 fanum
1525 693 1644 749 efi'et,
1685 694 1734 739 id
1756 693 1814 738 ad
1836 710 1923 755 po·-

142 768 488 833 pulijudicium
514 767 780 811 deferretur.
853 769 918 812 M.
945 768 1103 812 Tuum
1130 765 1317 828 quidem
1360 763 1597 812 confilium
1625 765 1726 812 satis
1749 767 1921 814 intelli·

141 851 204 896 go
229 854 240 880 ;
276 833 346 879 sed
372 831 487 878 nihil
513 831 598 875 hac
622 843 711 875 tam
737 828 948 891 diligenti
970 830 1181 876 cautione
1204 829 1315 874 mihi
1345 829 1562 890 proficere
1586 831 1771 877 videris.
1825 833 1922 878 Re-

143 915 250 962 gem
276 915 366 944 non
392 896 456 942 vis
481 894 658 957 legibus
679 895 761 939 esse
786 894 1000 940 liberum.
1043 894 1357 957 Qaniobrem
1383 896 1400 940 ἓ
1438 894 1577 954 Qia,
1602 895 1783 956 opinor,
1804 896 1923 943 intra

147 962 383 1008 hominem
411 962 503 1006 duo
527 957 755 1005 saeviffima
782 959 975 1004 monstra
996 960 1224 1020 cupiditas
1269 963 1317 1006 ὅῑ
1357 958 1607 1011 iracundia,
1649 973 1922 1021 perpetuum

139 1043 250 1074 cuin
274 1025 445 1072 ratione
465 1025 632 1069 bellum
656 1021 819 1084 gerunt
845 1040 855 1068 :
890 1024 1104 1084 expetitae
1120 1023 1216 1069 sunt
1234 1023 1483 1084 leges,quae
1504 1024 1736 1070 licentiam
1762 1041 1922 1072 eorum

146 1092 520 1153 comprimerent,
559 1098 589 1119 *ὃ
624 1087 818 1132 nimium
842 1088 1091 1135 exultantia
1114 1087 1290 1148 adjusti
1313 1085 1495 1148 imperii
1518 1088 1767 1149 respectum
1795 1106 1927 1135 revo-

152 1167 322 1201 carent.
376 1153 505 1216 Qid
527 1152 595 1197 isti
618 1153 893 1197 contultores
914 1169 938 1197 e
958 1151 1132 1213 populo
1156 1151 1250 1197 dati
1273 1155 1289 1197 ?
1336 1168 1487 1197 nonne
1507 1155 1555 1200 &
1577 1153 1659 1214 ipfi
1682 1153 1844 1198 eodem
1867 1154 1926 1199 il-

107 1270 110 1271 ,
152 1221 199 1265 lo
222 1218 433 1265 intestino
460 1218 579 1263 'bello
606 1219 860 1261 vexantur?
897 1231 1049 1261 nonne
1080 1215 1247 1262 eisdem
1273 1216 1440 1277 quibus
1464 1217 1564 1262 Rex
1590 1217 1718 1261 malis
1739 1218 1926 1264 conflic-

146 1296 304 1330 tantur
327 1287 342 1328 ?
381 1284 569 1344 Qanto
600 1279 740 1341 igitur
763 1281 912 1341 plures
937 1278 1200 1338 adjunxeris
1224 1279 1341 1342 Regi
1365 1281 1494 1325 velut
1524 1282 1759 1334 affefforeS,
1800 1295 1928 1329 tanto

149 1349 294 1408 major
327 1348 562 1393 stuztorum
605 1343 690 1389 erit
731 1360 946 1388 numeru3
973 1363 982 1389 ε
1031 1361 1056 1389 a
1079 1359 1171 1405 quo
1196 1345 1310 1406 quid
1339 1345 1673 1405 expeEtandum
1700 1346 1751 1391 sit
1773 1347 1918 1393 vides.

216 1411 450 1457 XXVIII.
477 1411 533 1455 B.
563 1408 625 1453 At
648 1424 736 1470 ego
759 1407 898 1470 longe
920 1407 1046 1453 aliud
1064 1423 1115 1452 ac
1135 1420 1183 1453 tu
1208 1408 1409 1469 opinaris
1430 1412 1640 1468 expetto.
1696 1410 1752 1455 Id
1774 1423 1926 1458 autem

151 1492 231 1522 cur
254 1477 490 1535 expectem
512 1470 682 1519 dicam.
756 1472 961 1517 Primum
1004 1488 1093 1517 non
1122 1474 1312 1518 omnino
1335 1488 1491 1518 verum
1516 1475 1593 1526 est,
1619 1476 1743 1534 quod
1769 1488 1816 1520 tu
1842 1492 1929 1536 pu.

153 1554 222 1587 tas
245 1557 256 1586 :
278 1539 393 1585 nihil
420 1539 474 1583 ad
499 1555 592 1583 rem
616 1536 764 1581 facere
788 1536 1096 1582 multitudinis
1120 1537 1484 1592 advocationem,
1502 1554 1695 1599 quorum
1720 1554 1929 1585 efnume-

153 1623 206 1652 ro
227 1620 380 1657 neme,
405 1602 590 1649 fortassis
608 1601 696 1647 erit
715 1600 957 1646 excellenti
980 1600 1197 1663 sapientia
1226 1601 1462 1663 praeditus.
1505 1602 1616 1647 Non
1639 1601 1760 1648 enim
1784 1603 1928 1650 solum

162 1669 267 1732 plus
291 1667 450 1713 vident
471 1684 522 1712 ae
546 1666 725 1727 sapiunt
748 1663 899 1717 multi,
924 1681 1061 1726 quam
1086 1682 1201 1710 unus
1224 1665 1420 1728 quilibet
1441 1682 1598 1711 eorum
1623 1666 1830 1722 seorsum,
1855 1668 1931 1715 sed

161 1733 300 1779 etiam
324 1748 460 1793 quain
488 1747 617 1783 unuS,
643 1730 723 1791 qui
747 1729 956 1790 quemvis
975 1745 1000 1774 e
1035 1746 1132 1774 rum
1152 1731 1339 1792 ingenio
1363 1736 1402 1776 Sc
1422 1730 1664 1792 prudentia
1688 1734 1930 1793 praecedat-

158 1799 284 1845 Nam
311 1795 560 1842 multitudo
601 1794 694 1840 fere
718 1793 880 1839 melius
919 1810 1056 1856 quam
1081 1794 1244 1857 singuli
1266 1795 1322 1842 de
1346 1796 1476 1841 rebus
1501 1795 1714 1841 omnibus
1732 1796 1933 1855 judicat.

158 1860 339 1924 Singuli
361 1861 484 1907 enim
506 1859 721 1921 quasdam
749 1858 918 1904 habent
941 1861 1160 1905 virtutum
1181 1858 1443 1920 particulas,
1476 1876 1578 1921 quae
1605 1860 1732 1905 simul
1751 1862 1931 1910 collatae

159 1943 296 1973 unam
318 1925 619 1972 excellentem
647 1924 861 1970 virtutem
884 1922 1148 1969 conficiunt.
1219 1924 1360 1981 Quod
1397 1923 1444 1968 in
1486 1923 1769 1970 medicorum
1798 1927 1934 1987 phar—

164 1990 356 2044 machis‚
376 2006 427 2036 ac
451 1988 498 2034 in
522 1988 681 2050 primis
706 1988 753 2034 in
777 1987 985 2032 antidoto
1004 2003 1076 2041 eo,
1096 1988 1221 2050 quod
1244 1987 1613 2035 Mithridaticum
1631 2003 1811 2043 vocant,
1836 2007 1937 2052 per-

160 2055 314 2117 spicue
335 2054 458 2100 cerni
483 2054 641 2115 potest.
710 2053 765 2097 In
788 2068 842 2097 eo
865 2052 987 2097 enim
1026 2055 1255 2112 pleraeque
1278 2070 1346 2098 res
1374 2068 1451 2114 per
1490 2052 1531 2098 se
1555 2054 1700 2100 noxiae
1726 2055 1802 2100 ubi
1825 2070 1938 2101 con-

160 2119 270 2166 fusae
293 2118 480 2172 fuerint,
518 2117 708 2163 salutare
731 2116 937 2162 adversus
963 2131 1135 2162 venena
1157 2117 1410 2163 remedium
1435 2118 1643 2164 afferunt.
1715 2118 1937 2165 Similiter

160 2184 210 2230 in
233 2182 498 2229 hominibus
517 2180 616 2227 aliis
641 2181 827 2227 tarditas
852 2187 891 2226 &
911 2181 1157 2235 cunetatio,
1181 2181 1280 2227 aliis
1299 2197 1501 2244 praeceps
1527 2181 1756 2235 temeritas
1777 2184 1899 2229 obest
1921 2201 1934 2229 ι

163 2248 236 2294 hae
259 2248 306 2293 in
330 2245 628 2294 multitudine
651 2245 915 2291 commixtae
950 2258 1360 2306 temperamentum
1384 2247 1638 2308 quoddam,
1667 2254 1704 2293 δε
1729 2265 1864 2310 quam
1890 2246 1938 2295 in

163 2311 293 2358 omni
315 2327 482 2374 genere
502 2309 681 2356 virtutis
705 2309 952 2372 quaerimus
977 2309 1339 2356 mediocritatem
1362 2312 1560 2372 pariunt.
1616 2321 1676 2359 ι’.
1703 2313 1771 2358 Sit
1793 2329 1940 2374 quan-

165 2377 227 2423 do
253 2376 319 2422 ita*
335 2376 420 2430 vis,
448 2390 586 2437 penes
611 2375 837 2436 populum
870 2387 918 2418 ut
941 2373 1065 2435 leges
1091 2373 1222 2429 ferat,
1256 2379 1296 2420 δε
1320 2374 1516 2437 perferat
1542 2393 1552 2420 ε
1590 2376 1668 2421 sint
1689 2378 1839 2439 Reges
1863 2393 1942 2422 ve-

165 2441 237 2488 lut
258 2439 588 2486 tabulariorum
611 2440 830 2483 custodes.
902 2438 967 2483 At
991 2453 1095 2482 cum
1120 2440 1244 2501 leges
1277 2438 1397 2485 inter
1420 2439 1460 2486 se
1485 2457 1690 2501 pugnare
1715 2441 1944 2490 videbun-

169 2519 260 2559 tur,
296 2516 374 2550 aut
397 2520 488 2550 non
509 2502 609 2548 satis
631 2501 793 2547 diserte
817 2515 895 2547 aut
917 2501 1152 2564 perspicue
1173 2505 1418 2559 cavebunt,
1454 2505 1654 2551 nullasne
1678 2505 1818 2567 Regis
1841 2523 1941 2568 par-

180 2581 247 2616 tes
267 2569 350 2615 effe
374 2567 501 2614 voles
523 2570 541 2613 ?
566 2565 809 2628 praesertim
833 2582 937 2612 cum
962 2567 992 2612 fi
1015 2567 1171 2613 omnia
1191 2583 1216 2614 e
1237 2567 1401 2630 scripto
1423 2568 1674 2630 dijudicare
1703 2570 1835 2625 velis,
1867 2588 1947 2617 ne-

153 2636 286 2680 'ceffe
312 2634 365 2678 fit
385 2633 528 2678 multa
544 2630 668 2693 sequi
684 2631 905 2677 absurda?
926 2631 1375 2695 Et,utvulgatiffimo
1399 2648 1496 2680 utar
1517 2635 1867 2697 exemplo,legis
1888 2635 1949 2682 il-

166 2698 256 2745 lius
280 2697 327 2744 in
344 2695 511 2754 ¹>scholis
534 2695 803 2750 decantatae,
837 2697 1088 2758 Peregrinus
1093 2699 1146 2760 fi
1159 2702 1206 2742 in
1221 2715 1380 2743 murum
1399 2699 1613 2758 ascendat,
1636 2705 1770 2761 capite
1790 2700 1892 2746 luito
1923 2717 1942 2746 :

175 2763 252 2809 hic
273 2762 387 2823 quid
407 2760 640 2807 absurdius
663 2759 759 2806 fieri
779 2761 936 2822 potest,
958 2777 1094 2823 quam
1115 2761 1266 2822 salutis
1285 2762 1483 2824 publicae
1503 2765 1731 2809 auctorem
1750 2765 1828 2827 qui
1848 2764 1951 2810 hos-

177 2840 244 2873 tes
270 2826 509 2872 subeuntes
534 2824 718 2883 dejecit,
764 2824 913 2886 ipsum
940 2839 1157 2888 tanquam
1180 2825 1357 2873 hostilia
1398 2828 1551 2874 ausum
1593 2828 1650 2873 ad
1673 2828 1949 2890 supplicium

171 2907 330 2954 rapere
357 2894 374 2936 ?
445 2895 502 2938 B.
538 2888 691 2935 Nihil.
760 2895 828 2937 M.
863 2890 1032 2935 Probas
1057 2889 1200 2953 igitur
1220 2904 1349 2938 vetus
1372 2892 1508 2946 illud,
1533 2898 1736 2938 Summum
1742 2896 1823 2955 jus
1830 2893 1952 2951 stem-

176 2976 245 3002 ma
261 2959 438 3018 irgjuria.
511 2960 567 3002 B.
601 2951 832 3014 Equidem
858 2954 1020 3015 probo.
1089 2961 1156 3002 Μ.
1193 2955 1371 3017 Siquid
1395 2956 1528 3015 hujus
1551 2959 1729 3019 generis
1758 2957 1953 3018 injudi-

177 3020 301 3066 cium
323 3016 493 3071 veniat,
519 3016 620 3063 miti
637 3018 884 3079 interprete
905 3033 1021 3079 opus
1045 3018 1122 3071 est,
1143 3020 1222 3080 qui
1250 3021 1373 3081 leges
1400 3022 1457 3066 ad
1478 3021 1720 3068 utilitatem
1741 3022 1952 3068 omnium

180 3084 294 3130 latas
327 3081 437 3128 viris
460 3081 593 3128 bonis
625 3090 674 3130 ὅς
697 3083 829 3128 nullo
857 3083 906 3128 in
930 3083 1091 3128 scelere
1131 3083 1416 3146 deprehenlis
1439 3085 1718 3132 calamitosas
1754 3087 1837 3133 ess'e
1860 3104 1953 3134 non

175 3160 391 3212 patiatur.

242 3212 434 3259 XXIX.
469 3215 525 3260 B.
558 3210 701 3258 Recte
723 3207 873 3256 sentis.
917 3210 1086 3273 Neque
1109 3210 1136 3256 fi
1160 3211 1260 3258 satis
1282 3211 1656 3269 animadvertisti,
1685 3213 1810 3260 aliud
1832 3232 1857 3261 a
1882 3232 1954 3262 me

179 3275 228 3323 in
244 3287 345 3331 >tota
384 3275 469 3320 hac
492 3274 800 3336 'disputatione
820 3275 1062 3337 quaesitum
1083 3277 1159 3328 est,
1200 3293 1340 3338 quain
1368 3291 1415 3323 ut
1437 3279 1517 3337 illa
1555 3280 1859 3326 Ciceroniana
1881 3281 1955 3326 lex

181 3341 332 3387 sancta
355 3345 395 3385 δι
419 3337 700 3385 inviolabilis
719 3339 824 3385 effet
845 3357 860 3393 ;
895 3339 1046 3400 Populi
1053 3339 1177 3396 salus
1182 3346 1380 3402 suprema
1401 3342 1469 3389 lex
1489 3347 1580 3405 esto.
1618 3345 1765 3406 igitur
1787 3344 1815 3389 si
1841 3346 1958 3407 quid

177 3405 270 3450 tale
291 3403 338 3450 in
358 3402 591 3463 judicium
614 3403 808 3458 venerit,
845 3416 892 3449 ut
916 3419 1006 3449 non
1033 3405 1083 3450 fit
1109 3404 1347 3467 obscurum
1373 3409 1485 3469 quid
1512 3414 1682 3454 bonum
1709 3420 1742 3455 :se
1773 3424 1957 3472 aequum

181 3468 254 3521 fit,
276 3465 435 3532 Re¹giae
460 3481 610 3530 partes
629 3480 762 3513 erunt
784 3466 1055 3530 prospicere,
1079 3466 1129 3514 'ut
1147 3471 1221 3514 lex-
1243 3471 1299 3516 ad
1317 3470 1443 3517 illam
1465 3489 1603 3534 quam
1628 3473 1726 3519 dixi
1749 3476 1956 3536 regulam

177 3532 421 3597 dirigatur.
494 3533 582 3580 Sed
603 3546 651 3580 tu
675 3530 793 3578 mihi
813 3533 997 3597 Regum
1020 3533 1208 3580 nomine
1230 3537 1334 3597 plus
1356 3537 1578 3598 postulare
1604 3538 1789 3594 videriS,
1820 3553 1961 3600 quarn

1882 3600 1965 3662 qui
