2025 3833
174 130 307 214 348
423 130 833 196 ‘RERUM
923 124 1602 194 §comessum

179 242 231 277 03
250 225 595 289 animumRegis
617 225 792 285 placare
810 221 964 283 posset,
979 220 1213 270 confilium
1238 222 1374 277 clam,
1389 224 1572 283 quando
1591 223 1719 270 aliter
1738 241 1829 273 non
1848 242 1949 289 po-⁴

180 291 540 345 terat,evadendi
555 288 688 347 caepit
711 285 888 331 conscio
901 285 1152 331 cubiculari
1176 292 1352 331 tantum
1376 286 1733 347 ministr0,quem
1749 306 1886 335 unum
1905 297 1933 334 e

184 352 275 408 svis
298 355 377 402 sibi
396 354 599 401 relifilum
622 349 818 395 habebat
838 367 850 395 t
872 365 951 411 per
970 365 1072 395 eum
1097 349 1352 395 naviculam
1368 349 1604 402 conduxit,
1627 365 1764 412 quam
1785 350 1833 397 in
1855 353 1937 398 sta-

189 412 316 465 tione
339 418 543 479 proxima
566 425 766 476 paratam
781 413 1010 474 ess'ejussst.
1045 413 1228 459 Deinde
1247 414 1412 459 crebris
1435 430 1490 458 ex
1509 412 1797 460 aulanunciis
1814 428 1940 461 com-

187 482 462 538 meantibus,
486 478 565 539 qui
587 492 737 523 coram
759 477 1018 522 custodibus
1048 480 1173 537 (nam
1208 477 1375 523 secreto
1397 477 1601 538 colloqui
1632 493 1722 523 non
1745 476 1937 535 licebat)

189 547 416 608 fingerent
443 544 617 604 Regem
643 540 979 602 placabiliorem
1006 540 1118 593 fieri,
1146 556 1198 586 ac
1219 541 1345 586 brevi
1368 540 1486 602 spem
1511 540 1731 587 libertatis
1754 541 1945 586 ostenta-

190 605 305 657 rent.
375 608 496 652 Cum
519 605 760 651 destinatus
797 605 853 650 ad
875 605 1161 657 evadendum
1183 603 1278 651 dies
1301 605 1701 667 appeteret.·vultu
1724 615 1945 664 quantum

185 672 237 719 ,in
262 672 340 718 illa
355 670 535 717 fortuna
557 668 724 732 potuit,
749 669 804 714 ad
828 667 1099 714 hilaritatem
1123 669 1390 731 composite,
1416 669 1593 714 simulat
1614 667 1654 713 se
1677 668 1810 730 plane
1829 684 1947 714 nun·

172 735 274 785 'ciis
288 735 469 780 credere
492 735 667 796 Regem
692 732 774 778 fibi
790 733 1083 779 conciliatum
1109 730 1208 786 efl'e,
1234 749 1318 779 nec
1339 731 1420 778 diu
1443 733 1483 778 se
1503 733 1673 795 sperare
1696 731 1742 777 in
1779 748 1832 777 ea
1849 731 1948 777 cus·
2024 736 2025 765 ἲ

190 798 320 844 todia
340 798 562 851 futurum,
586 799 753 843 lautam
780 796 1038 843 custodibus
1068 811 1244 842 coenam
1268 796 1396 842 dedit
1420 813 1432 842 t
1476 799 1524 844 ὃς
1547 796 1603 842 ad
1628 795 1816 841 multam
1840 810 1949 841 noc-

191 874 285 913 tem
311 861 401 908 una
417 879 519 909 cum
543 861 606 908 cis
626 860 743 907 bibit
764 877 776 906 :
820 860 911 906 illis
933 860 1284 915 discedentibus,
1306 866 1345 906 Sc
1368 860 1474 905 vino
1495 859 1743 922 copiosiore
1765 859 1811 904 in
1833 858 1950 905 som-

191 943 303 973 num
327 925 480 972 solutis
515 924 803 972 solitudinem
827 926 999 979 nafilus,
1035 924 1061 970 ὲ
1081 923 1234 970 linteis
1269 924 1423 970 lectuli
1462 923 1526 970 sui
1568 923 1769 987 stragulis
1793 922 1951 970 sunem

190 989 501 1044 concinnavit,
522 1006 604 1051 pro
623 989 884 1043 altitudine,
914 1001 961 1034 ut
983 988 1181 1042 rebatur,
1207 988 1326 1034 muri
1359 986 1460 1034 satis
1492 989 1698 1051 longum.
1766 987 1836 1032 Ac
1856 987 1950 1049 pri-

191 1070 340 1109 mum,
367 1067 415 1101 ut
447 1054 699 1116 periculum
734 1053 916 1108 faceret,
942 1051 1191 1099 ministrum
1222 1051 1415 1105 demisit,
1453 1053 1476 1099 ὲ
1500 1051 1626 1112 cujus
1649 1051 1747 1096 casu
1770 1050 1952 1097 brevio·

191 1113 421 1180 rkmjusto
442 1135 545 1165 eum
567 1118 650 1164 esse
673 1117 914 1164 intellexit.
981 1117 1132 1163 Aufto
1170 1117 1312 1180 igitur
1339 1130 1424 1179 pro
1461 1115 1667 1178 praesenti
1689 1114 1823 1176 copia
1844 1114 1952 1162 sune

190 1183 288 1246 :if-se
310 1183 483 1233 secutus
506 1181 775 1237 ministrum,
793 1181 874 1247 qui
892 1181 939 1228 in
961 1180 1167 1228 descensu
1192 1197 1294 1227 crus
1315 1181 1526 1242 fregerat,
1551 1180 1597 1226 in
1622 1181 1832 1225 humeros
1852 1179 1955 1225 sub-

192 1248 336 1295 latum
359 1247 537 1296 circiter
555 1246 681 1293 mille
700 1247 842 1308 passus
865 1246 923 1294 ad
946 1262 1067 1292 mare
1091 1246 1213 1299 tulit,
1253 1261 1306 1291 ac
1325 1257 1507 1291 ventum
1531 1243 1775 1290 [cundum
1798 1245 1953 1290 naelus

193 1312 488 1360 Dumbarum
510 1310 741 1374 navigavit
764 1328 773 1356 :
807 1309 999 1371 arteque
1020 1309 1228 1356 adversus
1249 1309 1342 1355 vim
1379 1308 1480 1355 satis
1514 1308 1813 1362 communita,
1845 1321 1952 1355 cum

193 1376 351 1440 paucis
375 1377 419 1423 in
445 1375 678 1422 Franciam
698 1374 827 1420 abiit.
898 1375 966 1420 Eo
984 1373 1163 1422 absente
1187 1373 1393 1420 Andreas
1418 1375 1620 1418 Stuartus
1643 1371 1954 1418 Cancellarius

194 1457 301 1487 cum
324 1441 526 1488 exercitu
549 1440 603 1485 ad
628 1454 775 1485 arcem
805 1438 1071 1500 capiendam
1097 1438 1264 1485 missus.
1331 1439 1444 1484 Eam
1465 1439 1568 1484 curn
1591 1436 1767 1499 aliquot
1785 1434 1956 1482 menses

196 1505 379 1567 sortiter
402 1505 425 1549 a
449 1503 655 1567 praesidio
676 1502 899 1548 defensam
924 1503 1239 1565 oppugnasset,
1260 1501 1442 1548 tandem
1465 1501 1544 1564 qui
1567 1500 1688 1547 intus
1707 1513 1835 1546 erant·
1854 1516 1956 1546 om-

192 1569 332 1616 nibus
352 1567 680 1615 necessitatibus
702 1565 1019 1619 circumventi,
1048 1566 1278 1612 naviculas
1300 1565 1435 1618 nafili,
1472 1567 1608 1611 noetu
1646 1565 1761 1611 clam
1786 1563 1830 1610 in
1856 1565 1955 1610 An·

194 1632 338 1696 gliam
362 1631 662 1677 discesserunt.
715 1629 931 1677 Postridie
953 1646 1030 1676 arx
1053 1645 1193 1676 vacua
1214 1642 1394 1691 recepta
1411 1630 1486 1682 est.
1536 1629 1651 1675 Caefi
1673 1643 1729 1675 ex
1747 1627 1954 1674 obsiden-

195 1696 319 1745 tibus
345 1696 519 1758 aliquot
540 1694 715 1758 cquites
737 1693 863 1740 clari.
1466 1712 1472 1714 ·

263 1761 364 1808 XL.
418 1760 553 1806 Circa
588 1760 685 1804 haec
723 1771 929 1820 tempora
966 1757 1171 1821 Regibus
1201 1758 1456 1811 Scotorum,
1482 1762 1521 1804 &
1545 1753 1803 1821 Anglorur'n
1826 1755 1958 1802 malis

197 1823 454 1872 domesticis
478 1822 699 1886 fatigatis,
724 1823 847 1888 pacis
871 1822 1039 1884 cupido
1063 1821 1247 1868 inceffit.
1271 1823 1403 1868 Missa
1424 1822 1481 1867 ad
1502 1837 1600 1883 eam
1626 1820 1958 1867 conficiendam

196 1889 369 1953 legatio
388 1890 444 1934 ab
468 1888 632 1953 Anglis
654 1887 977 1934 benevolenter
996 1886 1222 1948 excipitur
1247 1903 1257 1932 :
1283 1902 1364 1933 nec
1387 1886 1444 1932 de
1466 1902 1579 1948 pace
1600 1885 1737 1931 modo
1758 1899 1962 1931 conven-

196 1968 316 2004 tum,
342 1953 412 1999 sed
437 1953 492 1999 ad
515 1968 614 1998 earn
637 1951 993 1998 confirmandam
1017 1950 1191 2011 adjefta
1226 1950 1434 2005 affinitas,
1459 1962 1509 1996 ut
1542 1948 1735 2000 Caecilia
1756 1947 1960 1995 Eduardi

199 2017 295 2065 filia
322 2015 477 2065 Iacobi
501 2016 623 2063 Scoti
648 2016 741 2061 filio
774 2031 878 2061 curn
911 2015 1109 2077 primum
1145 2015 1362 2061 nubendo
1401 2013 1726 2067 maturuissent,
1751 2013 1957 2059 nuberet.

198 2082 306 2129 Pars
329 2081 464 2127 etiam
487 2081 608 2128 dotis
628 2080 956 2141 repraesentata,
972 2095 1025 2124 ea
1046 2080 1165 2142 lege,
1183 2092 1231 2124 ut
1251 2079 1279 2124 fi
1302 2078 1499 2140 utrisque
1522 2076 1768 2140 puberibus
1788 2077 1958 2138 nuptiae

188 2162 294 2192 ‘non
318 2145 623 2208 sequerentur,
647 2144 729 2206 dos
751 2143 907 2206 Anglo
930 2143 1209 2189 redderetur.
1242 2142 1351 2189 Dati
1371 2141 1544 2204 praedes
1566 2142 1741 2204 aliquot
1761 2141 1986 2204 oppido-⁸

197 2226 298 2256 rum
324 2209 464 2256 cives.
533 2209 621 2254 Sed
642 2223 695 2253 ea
715 2223 803 2270 pax
825 2223 914 2253 non
945 2207 1162 2253 diuturna
1182 2205 1285 2252 fuit.
1352 2207 1475 2253 Nam
1495 2222 1550 2251 ex
1572 2206 1681 2251 odio
1703 2207 1893 2258 vetusto,
1919 2208 1961 2251 8:

200 2273 375 2322 residua
398 2292 421 2320 e
439 2271 743 2335 superioribus
767 2271 898 2318 bellis
916 2271 981 2318 ira
1005 2270 1333 2317 incursionibus
1357 2271 1567 2334 utrinque
1591 2269 1736 2323 faftis,
1775 2267 1962 2316 abactis·

200 2355 291 2400 que
314 2336 496 2401 praedis»,
522 2341 561 2383 δι
580 2336 787 2382 villarum
807 2335 1048 2389 incendii-5
1072 2336 1136 2381 ita
1159 2335 1369 2396 utrinque
1387 2334 1528 2380 animi
1551 2332 1959 2389 sunthinflammath

201 2415 255 2449 ut
276 2419 331 2449 ex
355 2402 523 2448 mutuis
543 2399 719 2461 injuriis
741 2416 808 2449 res
827 2399 874 2446 in
898 2411 1103 2462 apertum
1123 2399 1295 2449 bellum
1317 2410 1590 2462 erumperet.
1623 2399 1762 2446 Erant
1785 2403 1825 2445 &
1845 2412 1959 2459 prae·

199 2479 272 2518 ter
306 2466 383 2512 has
417 2466 504 2511 sum
529 2463 726 2527 utrisque
746 2465 902 2510 causae.
973 2464 1176 2526 Anglum
1211 2461 1463 2515 incitabant
1492 2459 1750 2526 Dugla'ffius
1771 2461 1964 2524 quidem
1996 2516 2002 2521 1

199 2542 349 2584 vetus,
375 2530 635 2575 Alexander
657 2540 808 2575 autem
832 2528 975 2591 Regis
998 2527 1134 2574 frater
1155 2543 1299 2573 novus
1320 2527 1443 2573 exul.
1489 2527 1611 2573 Nam
1633 2526 1893 2573 Alexander
1913 2523 1962 2571 in
2013 2526 2017 2532 '

202 2592 431 2647 Galliam,
457 2592 521 2639 uti
544 2592 761 2647 diximus,
789 2592 1019 2655 prosefius
1043 2607 1230 2639 uxorem
1265 2591 1455 2654 accaepit
1480 2591 1617 2637 filiam
1639 2589 1837 2638 Comitis
1870 2590 1962 2636 Bo-

202 2658 356 2705 noniae
380 2656 634 2703 maritimae.
704 2657 793 2703 Sed
815 2671 919 2702 cum
943 2655 970 2702 a
990 2655 1230 2703 Ludovico
1258 2655 1520 2710 undecimo,
1540 2654 1620 2716 qui
1659 2667 1754 2701 tum
1777 2651 1966 2716 imperi·
1998 2646 2008 2659 ’

186 2722 349 2775 tabat,
377 2721 619 2783 impetrare
641 2736 733 2766 non
770 2720 911 2783 posset
946 2721 1001 2767 ad
1035 2719 1109 2766 sua
1140 2719 1449 2782 recuperanda
1477 2719 1652 2781 copias,
1672 2718 1719 2765 in
1746 2715 1964 2782 Angliam

207 2785 500 2839 transveaus,
521 2781 589 2830 ibi
610 2783 651 2830 sc
670 2783 847 2846 sperans
881 2783 1055 2846 aliquid
1078 2796 1327 2830 moturum.
1379 2782 1596 2829 Iacobum
1619 2796 1771 2829 autem
1806 2785 1968 2828 Scoto-

204 2852 508 2912 rumRegem
530 2848 588 2894 ad
610 2848 782 2894 bellum
819 2846 1038 2902 incitabat
1059 2846 1322 2895 Ludovicus
1353 2846 1541 2907 Gallus,
1559 2847 1761 2900 Roberto
1785 2844 1967 2893 lrlando
1991 2883 1993 2887 r
2015 2860 2025 2896 '.

208 2913 348 2961 Scoto
369 2915 553 2960 doftore
575 2910 828 2972 Sorbonico
848 2926 952 2958 cum
966 2912 1144 2958 duobus
1165 2909 1394 2974 equitibus
1413 2909 1567 2958 Gallis
1585 2911 1640 2957 ad
1660 2911 1709 2958 id
1731 2910 1881 2958 miffis.
2003 2919 2014 2937 ’‘

236 2980 239 2983 ’
277 2978 400 3025 XLI.
431 2977 604 3041 igitur
624 2973 793 3021 violata
823 2973 952 3037 pace,
988 2991 1248 3038 quanquam
1287 2992 1354 3021 res
1379 2975 1561 3034 Scotica
1580 2974 1758 3022 vastatis
1791 2974 1967 3038 aliquot

208 3041 474 3106 regionibus
497 3041 650 3105 pejore
672 3038 719 3086 in
742 3039 847 3088 loco
860 3052 971 3093 erat,
987 3040 1170 3086 decreto
1193 3039 1330 3085 etiarn
1351 3037 1399 3084 in
1418 3039 1593 3102 Anglia
1609 3054 1779 3104 magno
1794 3036 2003 3099 exemi-4

211 3118 280 3162 tu,
304 3106 386 3169 qui
403 3107 542 3152 duEtu
566 3103 809 3152 Glocestrii
829 3103 1025 3150 Scotiam
1048 3103 1285 3150 invaderet
1308 3121 1319 3149 :
1362 3103 1462 3149 Rex
1484 3115 1654 3158 tamen,
1679 3109 1719 3152 &
1743 3102 1824 3166 qui
1845 3101 1967 3148 circa

210 3186 318 3216 eum
340 3181 487 3223 erant,
509 3167 643 3215 inviti
665 3167 917 3214 exercitum
937 3167 1162 3216 indicunt.
1230 3165 1459 3215 Homines
1490 3166 1613 3214 enim
1651 3182 1796 3231 nuper
1816 3162 1967 3230 egeni,

211 3238 253 3277 ἃ
273 3231 420 3295 quieic
438 3230 631 3279 aliorum
649 3230 983 3280 calamitatibus
1004 3231 1253 3284 creverant,
1279 3229 1493 3294 Regique
1513 3231 1836 3294 impotentium
1855 3243 1965 3277 con·
2021 3251 2023 3253 ·

214 3295 412 3343 filiorum
437 3298 638 3344 auclores
674 3296 871 3350 fuerant,
905 3295 1022 3342 nihil
1045 3294 1190 3358 inagis
1229 3296 1511 3350 metuebant,
1548 3293 1689 3357 quam
1719 3290 1969 3341 nobilitatis

214 3358 399 3411 insensae
419 3359 703 3423 frequentem
723 3359 1019 3407 conventum.
1085 3360 1207 3406 Cum
1230 3359 1482 3406 Lauderam
1503 3371 1693 3405 ventum
1728 3358 1850 3412 effet,
1881 3367 1968 3418 op·

215 3420 379 3483 pidum'
403 3426 451 3470 ὅτ
477 3425 794 3477 Marcianis,&
816 3422 1073 3471 Tevioticis
1088 3423 1260 3483 ‚finibus
1283 3422 1504 3477 vicinum,
1527 3439 1630 3486 quae
1649 3421 1856 3496 regiones
1887 3429 1969 3465 aut

216 3483 275 3533 ab
291 3484 414 3532 holle
434 3487 628 3549 vastatae,
648 3499 743 3557 aut,
752 3503 850 3558 per·
865 3487 960 3557 vim
980 3486 1139 3558 parere
1158 3486 1325 3541 ebactae
1344 3486 1542 3544 fuerant,
1564 3487 1667 3553 Resx
1681 3481 1874 3556 nihipde
1897 3481 1970 3593 spi·

1709 3550 1715 3556 .
1849 3560 1975 3610 pe-
