2179 3874
624 174 957 242 Linea
1050 173 1471 240 Pennus.
1887 195 1937 263 7

154 277 209 325 ‘in
229 292 324 325 uno
344 272 592 322 Britanniae
612 271 799 320 nomine
817 287 925 320 cum
958 274 1053 318 'tam
1075 274 1199 321 durae
1222 273 1468 321 severitatis
1490 272 1551 320 est
1571 276 1769 332 exafiton
1791 274 1840 324 in
1863 287 1934 324 tot

159 342 260 389 aliis
283 340 366 387 fibi
399 351 572 387 tantam
608 338 787 385 affumit
816 335 1065 385 licentiam.
1135 340 1276 386 Nunc
1311 351 1470 386 contra
1500 349 1698 385 veterem
1722 341 1931 388 omnium

158 404 369 470 gentium
402 402 777 452 consuetudinem
807 420 890 466 pro
918 417 1057 455 novo,
1088 402 1297 459 obs-“urm
1322 409 1363 451 δε
1393 403 1567 449 incerto
1583 403 1810 451 vocabulo
1835 417 1933 452 tam

158 468 453 533 pertinaciter
469 467 631 517 nititur
654 485 666 514 ε
700 466 918 516 nimirum
943 482 999 512 ne
1023 467 1199 529 regium
1222 468 1339 515 illud
1360 484 1526 515 nomen
1547 467 1718 521 Luddi,
1749 468 1774 517 ὲ
1799 469 1931 516 Cim-

157 536 347 581 brorum
364 532 572 596 prosapia
593 532 798 586 duCtum,
824 536 865 579 δε
886 530 1013 578 velut
1035 532 1291 593 palladium
1307 532 1355 580 in
1374 534 1495 580 hunc
1528 530 1667 595 usque
1689 531 1812 579 diem
1843 533 1930 581 ser-

157 612 316 645 vatum
338 598 386 644 in
408 597 691 644 oblivionem
714 596 906 643 veniret.
978 595 1091 648 Idne
1114 596 1254 651 fieret,
1280 598 1469 644 Luddus
1488 595 1696 644 adversus
1720 596 1929 644 multitu-

158 663 278 709 dinis
313 661 593 717 consensum‚
619 659 839 724 temporis
869 661 1153 716 vetustatem,
1186 671 1324 722 atque
1357 663 1473 710 adeo
1509 660 1654 725 ipsam
1690 662 1931 710 veritatem

155 727 239 776 fibi
261 740 489 787 certamen
506 725 716 774 instituit.
1207 768 1209 770 .
1446 747 1448 749 r
1599 731 1601 733 '

221 793 306 839 XI.
326 793 400 839 Est
415 792 515 841 &in
533 791 760 838 vocabulo
782 791 817 838 B
830 790 966 838 RIT
980 791 1021 837 A
1033 789 1082 836 N
1094 790 1178 837 NI
1193 791 1234 836 A
1253 790 1332 837 illa
1350 791 1498 839 adhuc
1516 791 1785 846 observatiO,
1802 792 1929 853 quod

154 857 281 918 apud
300 870 478 904 exteros
500 855 736 918 scriptores
770 855 820 902 id
852 854 1008 902 insulae
1033 853 1171 902 totius
1193 856 1254 901 est
1276 872 1458 903 nomen.
1526 857 1754 904 Brittones
1776 869 1931 904 autem

156 925 200 967 &
219 916 365 985 A'ngli
385 920 467 983 qui
506 937 576 969 res
596 921 876 968 Britannicas
899 919 1050 966 literas
1075 921 1349 967 mandarunt
1371 938 1490 968 nunc
1511 937 1616 967 cum
1635 920 1799 968 exteris
1817 937 1929 969 con-

154 984 355 1032 sentiunt
378 1004 389 1032 ε
427 1001 550 1032 nunc
573 997 751 1033 tantum
775 983 1020 1035 Britanniae
1043 984 1229 1031 nomine
1250 985 1431 1032 censent
1452 1002 1552 1032 eam
1574 985 1730 1033 insulae
1753 999 1930 1048 partem

154 1065 259 1113 quae
281 1049 517 1113 provincia
539 1052 749 1097 Romana
770 1049 858 1097 fuit
883 1067 894 1095 z
927 1049 1068 1111 idque
1091 1049 1233 1105 varie,
1259 1064 1395 1112 prout
1418 1050 1527 1097 belli
1548 1051 1929 1098 eventus-limites

154 1115 351 1161 mutavit
371 1134 382 1162 :
406 1115 591 1161 interim
609 1114 732 1161 enim
757 1113 969 1169 Adriani,
993 1113 1177 1160 interim
1204 1115 1358 1161 Severi
1388 1116 1556 1162 vallum
1575 1115 1712 1161 finem
1733 1114 1931 1177 imperio

153 1178 408 1226 faciebant:
430 1179 630 1241 reliquos
647 1179 727 1242 qui
743 1191 870 1225 extra
888 1179 1060 1228 vallum
1079 1192 1224 1235 erant,
1241 1196 1362 1228 nunc
1376 1181 1613 1235 Barbaros,
1627 1195 1748 1226 nunc
1759 1180 1929 1244 Trans-

150 1243 353 1291 marinos
376 1243 686 1306 appellabant.
755 1244 879 1290 Beda
911 1242 1018 1290 libri
1039 1243 1179 1306 primi
1199 1244 1332 1291 initio
1356 1245 1413 1291 fic
1434 1244 1588 1292 scribit
1624 1263 1636 1291 ε
1701 1252 1736 1273 “
1767 1245 1930 1307 Itaque

151 1320 360 1370 petentes
384 1307 666 1355 Britanniam
701 1307 816 1355 Picti
840 1308 1046 1356 habitare
1080 1326 1161 1372 per
1197 1309 1568 1372 septentrionales
1601 1307 1757 1355 insulae
1776 1315 1929 1373 partes

153 1374 445 1435 coeperunt?
512 1374 637 1420 Nam
671 1374 868 1436 austrina
890 1373 1119 1422 Brittones
1142 1387 1497 1436 occupaverant.
1564 1374 1698 1420 Idem
1720 1390 1821 1436 cap.
1850 1392 1925 1439 34.

150 1439 191 1466 '“
217 1438 424 1489 Aidanus
443 1454 523 1484 rex
541 1440 785 1486 Scotorum
806 1436 889 1502 qui
908 1438 1192 1486 Britanniam
1209 1439 1468 1486 habitant.’'
1490 1451 1537 1485 et
1554 1436 1676 1486 libro
1689 1456 1734 1502 4.
1757 1455 1856 1502 cap.
1878 1458 1927 1504 4.

152 1502 266 1549 dum
287 1503 486 1550 reditum
510 1504 729 1551 Colmani
754 1521 812 1550 ex
827 1503 1000 1567 Anglia
1021 1503 1070 1550 in
1105 1505 1306 1550 Scotiam
1330 1503 1502 1560 scribit,
1530 1503 1612 1558 ait,
1668 1511 1703 1532 “
1748 1506 1929 1553 Interea

155 1575 190 1596 “
225 1569 494 1624 Colmanus,
531 1569 614 1631 qui
637 1570 694 1616 de
714 1570 870 1616 Scotia
890 1581 1002 1624 erat,
1037 1569 1302 1631 relinquens
1325 1567 1661 1616 Britanniam.''
1712 1571 1772 1618 Et
1791 1569 1925 1626 alibi,

154 1640 190 1660 “
222 1630 402 1680 Exinde
425 1630 665 1696 coeperunt
691 1650 773 1696 per
794 1635 946 1697 plures
978 1633 1075 1680 dies
1099 1635 1156 1681 de
1181 1636 1423 1681 Scotorum
1460 1633 1652 1696 regione
1684 1635 1841 1682 venire
1874 1635 1927 1685 in

154 1705 191 1726 “
223 1696 557 1744 Britanniam.'’
592 1700 727 1752 Item,
755 1707 790 1727 “
810 1698 1000 1745 Occisus
1019 1700 1078 1744 est
1093 1697 1479 1758 Oswaldusjuxta
1495 1715 1696 1752 murum,
1716 1716 1811 1763 quo
1827 1701 1926 1747 Ro-

155 1769 192 1790 “
227 1761 352 1808 mani
374 1763 434 1808 ob
455 1763 673 1809 arcendos
685 1764 987 1810 Barbarorum
1008 1763 1209 1826 impetus
1228 1776 1372 1810 totam
1390 1781 1416 1808 a
1437 1762 1551 1809 mari
1573 1763 1712 1826 usque
1729 1766 1787 1812 ad
1802 1781 1928 1813 mare

157 1833 192 1855 “
223 1826 555 1889 praecinxerant
578 1828 913 1875 Britanniam.''
974 1829 1150 1875 Eadem
1172 1828 1395 1890 loquendi
1417 1827 1564 1874 forma
1584 1829 1644 1874 est
1666 1830 1789 1891 apud
1810 1847 1924 1878 eun-

152 1889 278 1945 dem,
302 1891 383 1937 lib.
408 1909 451 1938 2.
477 1907 578 1955 cap.
598 1911 645 1957 9.
672 1893 807 1939 Hanc
825 1891 1106 1954 peculiarem
1128 1890 1356 1939 Britannis
1374 1892 1596 1954 loquendi
1618 1892 1813 1940 formam
1830 1913 1926 1945 non

149 1955 335 2001 videtur
365 1955 587 2018 ignorasse
610 1957 913 2012 Claudianus,
949 1974 1056 2004 cum
1086 1957 1243 2004 scribit
1263 1958 1497 2021 legionem
1519 1958 1794 2015 Romanam,
1819 1977 1925 2023 quae

152 2018 291 2065 Scoto
307 2020 391 2081 ⁸dat
413 2020 554 2067 fraena
577 2018 712 2075 truci,
738 2034 1008 2084 praetentam
1030 2022 1158 2068 fuisse
1181 2021 1429 2078 Britannis,
1455 2023 1542 2068 hoc
1564 2024 1642 2078 est,
1667 2026 1923 2087 oppositam

150 2082 318 2139 Scotis,
346 2099 396 2131 ut
419 2102 578 2132 eorum
592 2086 794 2133 furorem
817 2086 841 2132 {1
865 2085 1097 2134 Britannis
1118 2087 1413 2150 propelleret,
1436 2087 1485 2133 in
1506 2102 1711 2135 extrema
1730 2090 1924 2153 quidem

91 2151 93 2153 ’
148 2145 389 2196 Britannia
410 2166 463 2196 ac
487 2151 653 2197 Scotiae
677 2152 841 2199 limite.
911 2151 1284 2216 Frequentiffime
1315 2153 1403 2199 hoc
1421 2169 1589 2217 genere
1610 2151 1827 2202 sermonis
1870 2175 1922 2204 u-
1988 2186 1991 2190 μ

147 2224 311 2261 tuntur
347 2214 616 2262 Gulielmus
647 2217 1079 2272 Malniesburiensis,
1105 2223 1145 2264 &-
1169 2218 1411 2264 Galfridus
1448 2218 1806 2267 Monumetenfis
1830 2238 1925 2269 nori

148 2278 330 2325 obscuri
351 2279 471 2327 inter
490 2281 859 2329 Britannicarum
881 2299 1034 2329 rerum
1055 2282 1311 2345 scriptores,
1333 2283 1455 2345 apud
1477 2289 1592 2344 quos
1614 2283 1751 2331 facile
1774 2285 1922 2335 cuivis

149 2342 239 2389 erit
274 2344 636 2393 animadvertere
665 2346 915 2397 Britanniae
942 2347 1172 2394 vocabulo
1205 2347 1451 2402 nominari,
1475 2346 1601 2409 q‘uod
1622 2346 1744 2395 intra
1767 2351 1922 2401 Severi

148 2409 324 2456 vallum
346 2423 526 2458 tantum
547 2411 824 2460 continetur.
892 2412 948 2459 Id
977 2413 1100 2474 apud
1122 2429 1199 2459 eos
1218 2413 1297 2460 etsi
1318 2413 1433 2459 adeo
1454 2411 1746 2477 perspicuum
1768 2417 1844 2471 est,
1872 2430 1923 2464 ut

146 2472 383 2520 neminem
403 2477 543 2523 latere
563 2476 721 2540 possit:
744 2489 896 2524 tamen
918 2494 1109 2543 magnos
1131 2480 1253 2541 apud
1276 2478 1422 2524 aetatis
1439 2479 1661 2540 proximae
1682 2479 1922 2544 scriptores

146 2538 330 2602 peperit
350 2557 540 2603 errores,
580 2541 663 2604 qui
702 2543 976 2598 Aluredum,
1013 2548 1054 2590 Sc
1089 2543 1424 2596 Athelstanum‚
1449 2542 1652 2605 aliosque
1673 2544 1919 2594 nonnullos

149 2604 383 2652 Saxonum
405 2622 534 2671 reges
568 2607 709 2655 totius
729 2606 888 2654 insulae
909 2607 1161 2671 aliquando
1186 2608 1358 2671 potitos
1376 2607 1594 2671 scriptum
1615 2609 1933 2673 reliquerunt,-

148 2681 256 2714 cum
277 2681 429 2717 tamen
445 2672 601 2720 Severi
620 2673 796 2720 vallum
820 2689 1059 2734 nunquam
1079 2673 1451 2724 transcenderint.
1520 2673 1646 2720 Nam
1668 2690 1774 2722 cum
1793 2676 1920 2740 lege-

146 2744 249 2778 rent
266 2750 341 2781 eos
363 2735 501 2784 totius
521 2737 770 2785 Britanniae
789 2735 980 2787 tenuisse
991 2737 1261 2801 imperium,
1284 2751 1428 2786 totam
1445 2737 1639 2786 insulam
1656 2740 1714 2787 ab
1732 2740 1799 2788 eis
1815 2741 1920 2806 pos-

144 2795 296 2844 seffam
319 2799 653 2851 existimabant.

149 2916 152 2919 ,
210 2863 320 2911 ΧΠ.
345 2865 450 2912 Nec
472 2865 693 2930 diffimilis
713 2868 900 2915 interim
924 2867 1181 2915 observatio
1197 2867 1275 2924 est,
1300 2867 1350 2915 in
1372 2868 1536 2916 horum
1559 2869 1802 2917 nominum
1821 2870 1918 2927 usu,

148 2926 413 2994 Britannus,
433 2936 474 2979 δε
489 2932 653 2980 Britto.
706 2934 897 2997 Veteres
918 2933 1043 2980 enim
1057 2950 1216 2981 omnes
1253 2933 1412 2980 Graeci
1432 2940 1472 2981 &-
1488 2935 1645 2981 Latini
1678 2934 1918 2997 scriptores

150 3002 296 3065 totam
316 2992 509 3044 insulam
536 2997 837 3054 Britanniam,
862 2996 1036 3045 incolas
1059 2997 1211 3045 autem
1245 2999 1343 3060 ejus
1366 3015 1523 3046 omnes
1547 2997 1636 3045 fine
1657 2999 1921 3048 discrimine

146 3055 390 3130 Britannos
407 3061 651 3110 vocabant.
719 3062 899 3110 Primus
922 3064 1049 3126 quod
1070 3062 1208 3111 sciam
1230 3065 1547 3112 Rornanorum
1582 3065 1808 3112 Brittones
1836 3083 1919 3112 no-

146 3122 346 3170 minavit
367 3125 593 3174 Martialis
615 3127 665 3175 in
691 3127 776 3176 illo
797 3128 943 3175 versu.
995 3136 1030 3157 “
1083 3130 1237 3192 Qam
1270 3141 1446 3176 veteres
1468 3129 1676 3175 bracchae
1697 3131 1922 3178 Brittonis

145 3188 415 3250 pauperis.''
468 3190 696 3239 Brittones
719 3192 814 3240 fere
831 3194 1000 3257 vulgus
1022 3195 1228 3256 appellat
1246 3195 1497 3257 peninsulae
1521 3193 1718 3240 Gallicae
1740 3194 1924 3242 habita-

144 3263 266 3298 tores
292 3270 303 3298 :
337 3269 601 3318 quanquam
636 3262 677 3304 δε
705 3257 848 3320 ipsam
871 3257 1174 3314 Britanniam,
1216 3264 1256 3306 &
1277 3259 1453 3306 incolas
1472 3257 1712 3305 Britannos
1735 3260 1922 3324 Grego-

142 3315 240 3389 rius
261 3318 540 3376 Turonensis
555 3319 730 3384 semper
748 3335 899 3377 vocet.
967 3323 1169 3369 Romani
1198 3322 1297 3370 suos
1330 3323 1638 3387 provinciales
1669 3325 1925 3372 constanter

144 3380 389 3430 Britannos
408 3383 598 3432 dicunt:
621 3402 886 3449 quanquam
907 3386 992 3451 ipsi
1010 3386 1318 3449 provinciales
1341 3388 1425 3435 sese
1448 3388 1676 3436 Brittones
1700 3389 1926 3452 appellari

145 3446 393 3506 gaudeant.
446 3449 696 3514 Utriusque
714 3454 826 3499 vero
848 3452 1047 3498 nominis
1073 3467 1162 3498 una
1183 3452 1328 3507 radix,
1351 3459 1392 3499 ἃς
1413 3453 1546 3517 origo
1568 3455 1645 3507 est,
1671 3453 1921 3501 Britannia.

145 3510 206 3556 Et
228 3510 340 3558 ficut
357 3523 588 3576 utrunque
602 3533 769 3562 nomen
788 3516 845 3561 ab
863 3532 956 3563 uno
970 3516 1097 3563 fonte
1116 3530 1373 3579 promanat,
1395 3517 1459 3564 ita
1475 3534 1543 3564 res
1566 3518 1726 3564 eadem
1744 3518 1925 3580 prorsus

145 3586 342 3648 utroque
373 3577 622 3631 indicatur.
698 3581 755 3630 Id
791 3593 945 3630 autem
987 3581 1189 3631 maxime
1228 3582 1466 3648 perspicue
1504 3580 1698 3632 ostendit
1730 3581 1926 3630 Ausonii

143 3651 294 3701 poetae
311 3655 510 3691 carmen.
877 3652 879 3654 ’

1759 3711 1927 3760 Silvius
