2106 3838
268 200 352 267 94
415 232 426 275 ·.
557 181 923 247 RERUM
988 178 1711 257 'SCoT'IcARUM

265 285 356 331 ausi
375 281 773 330 adversus‘tantam
794 279 1137 328 multitudinem
1157 281 1300 332 aciem
1321 285 1502 342 struere,
1530 305 1745 351 pecorum
1764 293 1964 353 praedam
1987 294 2042 345 ak.

263 347 506 410 liis‘atque
530 346 629 394 aliis
648 346 760 393 locis
781 343 1060 404 objiciebant
1085 363 1096 391 ε
1132 358 1182 392 ut
1200 363 1253 393 ea
1268 348 1485 398 illecebra
1506 353 1738 401 Romanos
1758 355 1939 420 longius
1974 363 2034 409 ab

267 413 470 460 exercitu
493 412 704 475 digressos
731 409 1005 475 conficerent
1023 428 1034 456 ;
1054 409 1136 473 qui
1159 422 1460 475 praeterquam
1478 419 1604 479 quod
1620 418 1748 481 sparfi
1767 419 1937 470 insidiis
1953 440 2035 470 ex-

263 476 567 540 cipiebantur,
592 474 727 520 etiam
751 471 940 538 insolitis
962 472 1282 536 affligebantur
1314 475 1536 526 imb‘ribus
1563 499 1574 527 z
1609 486 1658 532 ὃς
1679 482 1918 532 itineribus
1937 488 2030 535 feffi

264 555 370 587 cum
393 540 516 603 sequi
547 555 636 585 non
658 537 848 600 possent,
873 552 901 581 a·
920 534 1219 603 familiaribus
1241 557 1298 587 ne
1320 539 1368 588 in
1391 542 1585 591 hostiurn
1616 548 1879 608 potestatem
1903 552 2033 598 veni-

260 618 376 658 rent,
386 603 536 667 paffim
554 600 896 649 occidebantur.
930 601 1100 665 Neque
1121 617 1271 650 tamen
1291 605 1550 653 desideratis
1568 609 1904 676 quinquaginta
1922 615 2028 663 mil-

256 669 377 716 libus
394 672 465 729 (ut
484 665 635 713 scribit
653 664 801 721 Dion)
824 665 948 726 prius
971 667 1028 712 ab
1052 669 1252 729 incaepto
1274 669 1555 728 destiterunt,
1572 678 1791 733 quamad·
1808 678 1941 725 fi'nem
1958 681 2028 728 in-

258 732 365 779 sulae
384 729 693 793 penetrassent.
745 728 935 776 Severus
950 730 1046 792 ipse·
1065 749 1328 795 quanquam
1352 735 1536 782 adversa
1557 734 1933 788 valetudine'fere
1953 756 2023 791 to-

257 808 304 842 ta
325 797 407 841 hac
426 793 716 855 expeditione
734 792 894 840 lectica
911 798 1028 842 tecta
1045 797 1096 842 sit
1111 796 1421 854 circumlatuS,
1437 794 1587 847 tamen
1606 795 2027 863 perseve‘rantiailla

255 858 514 905 incredibili
536 857 687 921 coegit
711 858 853 904 hostes
878 859 933 904 ad
957 859 1244 906 conditiones
1267 863 1392 922 pacis
1414 865 1586 920 venire,
1602 879 1740 928 atque
1767 869 1865 931 agri
1899 860 2027 932 parte

255 939 345 970 non
366 923 533 987 exigua
554 924 730 969 cedere.
802 924 959 968 Finem
980 923 1177 969 Romani
1199 924 1383 986 imperii
1401 929 1574 975 vallum
1597 930 1748 985 duxit,
1790 932 1910 980 inter
1936 936 2027 982 Bo-

252 988 432 1042 dotriae,
458 993 497 1035 &
522 987 698 1034 Glottae
726 987 941 1041 aestuaria,
970 987 1048 1033 ubi
1071 1002 1201 1034 antea
1237 989 1458 1052 Agricola
1486 992 1614 1038 finire
1636 993 1921 1055 provinciam
1944 1000 2024 1047 de-

252 1063 468 1099 creverat.
538 1052 592 1097 Id
614 1052 806 1104 vallum,
833 1069 924 1114 qua
943 1053 1214 1099 Carrontem
1238 1069 1419 1100 amnem
1441 1055 1646 1117 attingit,
1667 1052 1924 1120 praesidium
1942 1064 2024 1110 ha-

251 1117 354 1164 buit
390 1133 446 1164 eo
480 1117 582 1173 situ,
623 1120 673 1167 &
694 1117 871 1163 viarum
906 1116 1225 1179 descriptione,
1271 1130 1319 1164 ut
1343 1119 1534 1167 modica:
1569 1122 1688 1168 urbis
1736 1122 1869 1171 instar
1898 1128 2022 1183 esset,

250 1198 391 1245 quarn
414 1183 665 1229 nostrorum
687 1181 877 1243 quidam
901 1180 1010 1226 falso
1030 1181 1400 1229 Camelodunum
1417 1184 1543 1231 fuisse
1560 1180 1885 1245 existimarunt.
1912 1192 2023 1238 Pro-

249 1245 354 1309 pius
375 1260 485 1294 vero
506 1247 566 1293 est
588 1247 706 1293 hanc
723 1246 807 1291 esse
827 1245 999 1298 urbem.
1021 1262 1166 1307 qnam
1189 1247 1312 1293 Beda
1334 1247 1483 1294 Guidi
1503 1263 1650 1297 vocat.
1704 1251 1863 1300 Paucis
1887 1267 2015 1302 ante..

248 1327 387 1372 quam
413 1311 511 1358 haec
533 1310 826 1357 scriberemus
845 1309 974 1356 annis
995 1310 1184 1374 vestigia
1210 1311 1438 1368 fossarum,
1475 1319 1517 1360 δε
1541 1330 1793 1370 murorum,
1814 1315 1926 1366 item
1947 1320 2018 1366 vi-

250 1391 410 1423 cornm
436 1375 732 1439 apparebant,
754 1389 836 1420 nec
858 1374 1005 1420 adhuc
1028 1375 1145 1420 muri
1166 1374 1308 1422 diruti
1328 1376 1517 1424 omnino
1534 1377 1600 1425 ita
1620 1379 1805 1427 confusa
1823 1381 1923 1429 sunt
1944 1382 2016 1430 in-

248 1439 387 1494 dicia,
414 1453 463 1486 ut
485 1457 576 1486 non
599 1438 783 1486 interIm
807 1439 847 1484 se
871 1438 1086 1485 multisin
1111 1439 1223 1485 locis
1246 1441 1443 1501 prodant
1466 1460 1476 1487 :
1519 1454 1728 1506 terraque
1762 1445 1927 1494 leviter
1948 1447 2018 1494 ef-

244 1503 576 1567 foss'a'quadrati
598 1504 772 1566 lapides
794 1515 1030 1556 eruuntur,
1051 1503 1219 1565 quibus
1241 1503 1378 1550 vicini
1397 1521 1610 1569 agrorum
1629 1508 1807 1555 domini
1824 1510 1882 1557 ad
1906 1510 2015 1558 ae'di-

246 1584 323 1614 um
345 1569 521 1615 suarum
545 1567 886 1614 substructiones
911 1578 1127 1614 utuntun
1182 1568 1392 1615 Indicant
1415 1582 1567 1617 autem
1590 1571 1794 1634 inscripti
1816 1572 2011 1637 lapidesss

243 1631 323 1695 qui
343 1631 526 1680 interim
556 1631 854 1678 inveniuntur
872 1631 920 1676 id
943 1647 1057 1693 opus
1082 1632 1394 1679 Romanorum
1420 1634 1561 1691 fuisse.
1630 1636 2007 1698 Magnitudinem

244 1696 496 1744 molitionis
518 1696 614 1757 ejus
636 1696 878 1742 ostendunt
915 1694 1011 1740 haec
1034 1695 1150 1742 AElii
1174 1696 1401 1756 Spartiani
1424 1699 1575 1745 verba.
1645 1701 1680 1745 B
1701 1701 1740 1745 R
1762 1702 1784 1746 I
1807 1702 1850 1747 T
1871 1704 1911 1748 A
1933 1705 2005 1750 N·

245 1760 295 1807 N
317 1761 336 1806 I
357 1762 398 1807 A
419 1762 473 1807 Μ
508 1761 653 1824 (quod
679 1759 928 1806 maximum
947 1759 1042 1819 ejus
1066 1759 1246 1822 imperii
1265 1760 1402 1807 decus
1424 1763 1505 1821 est)
1545 1779 1676 1809 muro
1696 1780 1774 1825 per
1792 1767 2010 1815 transver-

243 1824 334 1871 sam
357 1825 549 1872 insulam
571 1825 708 1871 ducto
733 1824 945 1886 utrinque
969 1824 1025 1869 ad
1049 1824 1183 1870 finem
1209 1826 1387 1871 Oceani
1411 1826 1627 1874 munivit.
1696 1828 1877 1892 Qibus
1906 1832 2009 1879 ve'r-

241 1888 312 1935 bis
335 1890 450 1936 mihi
471 1888 670 1937 indicare
692 1889 874 1935 videtur
897 1904 986 1933 non
1009 1889 1199 1942 vallum,
1220 1890 1344 1951 quod
1364 1890 1487 1936 Beda
1506 1892 1620 1946 vult,
1643 1890 1716 1938 sed
1736 1909 1917 1942 murum
1935 1897 2006 1944 su-

239 1952 316 2000 isse
340 1972 352 2000 ε
389 1952 632 2018 praesertirn
651 1969 757 1999 cum
776 1968 908 2015 opus,
924 1953 1051 2015 quod
1072 1953 1195 1999 vallo
1215 1953 1407 2000 Adriani
1428 1955 1666 2017 plusquam
1686 1956 1883 2004 dimidio
1906 1960 2008 2008 bre·

239 2017 340 2065 vius
365 2019 433 2074 sit,
458 2017 537 2065 tali
557 2017 711 2089 elogio
729 2016 1041 2080 prosequatur.
1077 2017 1225 2063 Distat
1242 2031 1392 2064 autem
1414 2017 1491 2065 ubi
1516 2019 1758 2066 minimum
1783 2021 1881 2068 haec
1903 2040 2004 2071 mu-

238 2081 356 2129 nitio
373 2084 480 2145 plus
494 2085 728 2146 ociogxnta
746 2079 947 2127 millibus
963 2081 1165 2144 passuum
1187 2098 1213 2128 a
1232 2082 1354 2128 vallo
1376 2082 1585 2129 Adriani.

237 2163 241 2168 ⁴
302 2149 389 2194 XX
401 2148 583 2194 XVIII:
618 2147 786 2192 Extant
808 2150 848 2191 δε
870 2144 959 2191 alia
983 2144 1083 2207 (nisi
1106 2145 1258 2204 fallor)
1284 2148 1380 2208 ejus
1402 2147 1525 2208 pacis
1548 2146 1736 2195 indicia.
1782 2151 1855 2197 Est
1876 2152 2001 2202 enim

238 2211 509 2275 paulo-infra
525 2211 574 2258 id
591 2210 716 2274 quod
734 2209 934 2255 diximus
953 2209 1212 2273 praefidium
1231 2210 1278 2257 in
1293 2210 1476 2257 adversa
1490 2212 1725 2259 Carrontis
1738 2213 2000 2277 ripa‚aedifi-

237 2277 360 2323 cium
383 2275 648 2328 rotundum,
673 2275 698 2320 ἐ
722 2274 834 2320 saxis
855 2274 1105 2335 quadratis,
1126 2274 1252 2320 nulla
1273 2275 1395 2321 calce
1418 2287 1496 2321 aut
1519 2290 1727 2323 cemento
1749 2283 2000 2343 coag‘tnen-

237 2340 341 2388 tatis
368 2359 384 2386 :
415 2349 507 2387 non
542 2340 685 2402 majus
720 2338 903 2385 modico
933 2337 1202 2393 columbari,
1227 2338 1415 2401 superne
1437 2354 1664 2403 apertum,
1689 2355 1852 2390 caetera
1882 2343 2005 2397 i11ae3

237 2405 350 2459 sum,
375 2404 606 2467 nifi'quod
625 2403 724 2450 ostii
749 2403 956 2465 superum
978 2402 1135 2457 limen,
1160 2402 1205 2448 in
1229 2419 1322 2465 quo
1345 2419 1512 2451 nornen
1543 2404 1755 2460 auctoris,
1781 2412 1821 2454 δι
1845 2409 1999 2470 operis

234 2468 502 2532 inscriptum
525 2468 651 2514 fuisse
668 2466 868 2514 creditur
889 2467 945 2513 ad
968 2467 1181 2513 Eduardo
1204 2467 1353 2529 primo
1371 2469 1628 2531 Anglorum
1641 2470 1771 2532 Rege
1792 2471 1852 2517 est
1869 2471 1997 2520 abla-

235 2545 332 2580 tum
360 2551 370 2578 :
395 2533 555 2579 eadem
576 2531 750 2579 invidia
771 2547 861 2593 qua
882 2531 1057 2594 reliqua
1079 2530 1235 2578 omnia
1252 2545 1404 2578 vetera
1418 2533 1656 2580 Scotorum
1678 2549 1993 2592 monumenta,

234 2598 362 2660 quod
382 2596 430 2645 in
451 2597 548 2660 ipso
569 2609 679 2650 erat,
704 2596 892 2642 delevit.
962 2596 1014 2641 ld
1037 2611 1153 2656 opus
1177 2595 1389 2642 nonnulli
1410 2596 1520 2643 falso
1544 2597 1845 2659 prodiderunt
1877 2614 1995 2648 tem-

229 2663 362 2725 plum
382 2660 566 2708 Claudii
587 2659 773 2707 Caesaris
807 2659 950 2706 fuisse.
1017 2660 1118 2705 Nos
1139 2673 1363 2722 quantum
1385 2660 1643 2723 conjeEtura
1663 2663 1891 2724 possumus
1924 2664 1992 2714 as-

231 2725 358 2789 sequi
380 2725 522 2771 aedem
545 2723 758 2772 Termini
780 2723 906 2770 fuisse
926 2723 1169 2770 credimus.
1236 2725 1378 2771 Erant
1414 2724 1524 2775 item
1546 2724 1593 2771 in
1617 2725 1814 2788 ejusdem
1839 2727 1994 2775 flumi-

230 2790 299 2838 nis
323 2790 422 2852 ripa
444 2788 610 2835 sinistra
631 2790 724 2835 duo
746 2788 911 2834 tumuli
934 2786 1100 2833 terreni
1122 2787 1170 2833 in
1194 2789 1379 2835 modica
1398 2788 1606 2851 planitie,
1634 2803 1770 2836 manu
1796 2795 1867 2852 (ut
1887 2791 1994 2840 satis

230 2855 437 2916 apparet)
463 2851 679 2917 congesti.
746 2851 944 2898 Minoris
969 2851 1050 2912 qui
1082 2851 1305 2915 magisad
1327 2851 1534 2898 occasum
1555 2852 1720 2916 vergit,
1747 2853 1866 2901 bona
1888 2872 1993 2918 pars

227 2918 456 2965 alluvione
491 2917 635 2964 amnis
667 2917 727 2963 est
760 2916 925 2962 ablata.
993 2916 1157 2962 Dunos
1179 2915 1303 2977 pacis
1331 2915 1480 2962 adhuc
1501 2932 1578 2962 eos
1601 2918 1770 2963 accolae
1803 2932 1991 2967 vocant.

226 2984 341 3029 Pace
362 2981 504 3045 igitur
525 2997 582 3028 ex
604 2981 689 3027 hac
714 2979 869 3027 insulae
902 2978 1125 3039 divisione
1145 2979 1308 3026 iterum
1338 2991 1486 3042 parta,
1516 2995 1567 3026 ac
1597 2981 1732 3028 rebus
1755 2986 1994 3045 utcunque

225 3045 504 3109 compositis,
528 3045 788 3100 Donaldu5‚
812 3059 918 3091 cum
942 3059 1083 3090 unum
1103 3048 1143 3089 ἅτ
1160 3042 1328 3107 viginti
1349 3043 1415 3091 rei
1430 3044 1621 3093 Scoticae
1643 3044 1886 3117 praefuiss‘et
1905 3054 1991 3094 ari-¹

222 3125 322 3166 nos,
345 3109 539 3159 deceffit.

875 3173 1105 3220 XXVIII.
1140 3173 1182 3218 R
1204 3172 1243 3218 E
1265 3172 1325 3218 X.

226 3242 235 3246 ’
286 3258 506 3306 XXXIX.
537 3261 576 3306 E
596 3261 617 3306 1
651 3255 866 3306 suffectus·
883 3259 944 3304 est
967 3255 1193 3305 Ethodius
1215 3254 1436 3303 secundus
1458 3254 1697 3319 superioris
1717 3254 1907 3303 Ethodii
1929 3254 1987 3301 fi-

218 3320 345 3368 lius:
380 3321 522 3369 horno
539 3339 682 3386 prope
700 3322 900 3386 stupidus
926 3339 938 3368 ε
965 3336 1087 3368 certe
1107 3319 1396 3383 languidiore
1412 3318 1621 3385 ingenio,
1635 3334 1774 3383 quam
1793 3319 1868 3365 cui
1887 3330 1982 3366 tam
2004 3362 2006 3364 .

215 3384 381 3430 ferocis
401 3385 564 3448 populi
586 3388 839 3434 moderatio
859 3385 1139 3434 conveniret.
1185 3385 1293 3447 Qo
1314 3381 1624 3456 animadverso
1640 3382 1860 3455 primores
1882 3383 1983 3455 col·

212 3447 324 3523 lecti
338 3464 449 3512 erga
468 3465 612 3521 genus
635 3449 834 3514 Fergufii
855 3466 909 3496 ea
925 3449 1026 3523 sunt
1043 3450 1106 3496 usi
1126 3447 1396 3503 reverentia,
1416 3458 1467 3494 ut
1487 3446 1665 3519 homini
1682 3454 1990 3518 quantumvis

211 3512 767 3639 ῗῇῗέἓὲεὲἒῖᾞῖἑέἒὲἒὲ
776 3513 1443 3641 ἔὶῗέῗὲἭξὲιῗίἒέῗὲἒῑέξῑῗξῖ
1454 3510 1981 3638 ἒὲῗὲῗιῖῗςῗῗῗὲξὲἑὲἰ

190 3641 326 3701 rent.
394 3641 565 3694 Eorum
587 3640 917 3711 moderatione,
939 3644 988 3694 ὃς
1012 3639 1419 3710 εεςᾳὶῑειῑεῑειξὶιιω
1440 3639 1519 3695 est,
1545 3650 1593 3686 ut
1615 3652 1849 3702 nunquam
1864 3636 1978 3748 850-
2087 3664 2090 3666 v

668 3722 671 3727 .
1872 3720 1875 3723 Δ
1916 3713 2006 3753 ,Cla
2079 3718 2091 3740 .-

124 3299 147 3320 Q
