2106 3864
497 155 828 221 LIBER
921 153 1417 220 TERTIUS.
1757 160 1839 245 69

71 263 172 314 esse,
199 257 336 313 silvis,
358 255 692 320 paludibusque
714 252 946 302 munitum
973 273 983 299 :
1018 256 1111 315 quo
1130 253 1231 301 satis
1253 270 1446 325 magnus
1469 253 1729 325 hominurn,
1759 274 1842 320 pe-

69 324 275 387 corisque
293 337 507 369 numerus
529 318 813 366 convenerit.
856 317 1101 380 Oppidum
1122 330 1276 367 autem
1297 320 1504 366 Britanni
1525 333 1708 376 vocant,
1733 325 1844 370 cum

67 391 198 437 filvas
220 387 464 451 impeditas
481 384 619 438 vallo,
640 398 777 446 atque
796 381 906 429 foss'a
923 382 1187 429 munierunt
1207 401 1218 428 ε
1251 385 1346 446 quo
1363 382 1628 430 incursionis
1647 384 1844 435 hostium

70 445 270 500 vitandae
302 449 446 504 causa,
479 448 725 496 convenire
744 446 1086 494 consueverunt.
1154 448 1224 495 Εὸ
1246 445 1547 510 proficiscitur
1567 464 1674 496 cum
1695 451 1845 514 legio-

71 518 210 568 nibus
232 535 242 565 :
277 516 431 564 locum
452 513 622 579 reperit
652 507 840 578 egregie
870 522 1045 566 natura,
1070 522 1207 574 atque
1229 529 1367 575 opere
1389 511 1618 560 munitum
1645 532 1656 560 :
1690 526 1844 564 tamen

70 583 194 629 hunc
217 580 392 627 duabus
413 596 470 625 ex
492 577 698 641 partibus
720 592 991 641 oppugnare
1009 576 1263 623 contendit.
1300 578 1481 631 HosteS,
1501 577 1728 641 paulisper
1744 596 1846 627 mo-

69 646 174 699 rati,
209 643 410 690 militum
447 644 699 692 nostrorum
721 643 946 703 impetum
969 656 1060 687 non
1086 641 1304 697 tulerunt,
1327 641 1510 705 sessque
1532 659 1589 690 ex
1606 643 1697 690 alia
1717 658 1846 707 parte

70 709 236 772 oppidi
254 710 500 769 ejecerunt.
571 708 773 770 Magnus
791 705 859 751 ibi
880 721 1096 752 numerus
1112 722 1332 766 pecorum
1354 719 1556 771 repertus
1579 726 1590 755 :
1616 708 1848 774 multique

71 774 120 821 in
141 790 302 837 pugna
323 773 424 820 sunt
445 771 757 834 comprehensi
783 783 921 832 atque
937 769 1182 818 interfecti.

136 857 241 907 DE
293 856 536 918 JULII
588 854 1071 903 AGRICOLAE
1123 857 1340 920 VITA
1387 858 1824 909 TACITUS.'

140 932 231 977 III.
265 929 512 977 Britanniae
532 929 682 983 situm,
720 930 1006 994 populosque
1039 930 1196 978 multis
1230 932 1527 996 scriptoribus
1554 947 1848 990 memoratos,

51 1007 165 1042 'non
186 994 235 1040 in
253 993 644 1056 comparationem
666 995 1058 1060 curae,¹ingeniive
1095 996 1288 1043 referam
1310 1016 1323 1044 ι
1368 998 1443 1045 sed
1477 997 1585 1061 quia
1620 1013 1719 1048 tum
1755 1001 1850 1064 pri-

78 1074 210 1109 mum
231 1058 488 1124 perdom3ta
506 1060 583 1108 est.
603 1060 768 1122 Itaque
790 1077 894 1123 quae
912 1060 1085 1122 priores
1108 1062 1314 1109 nondum
1332 1076 1568 1125 comperta
1588 1063 1853 1176 elocfiientia

76 1127 361 1187 percoluere,
386 1139 535 1173 rerum
561 1124 649 1169 fide
681 1126 931 1171 tradentur.
1000 1124 1237 1171 Britannia
1258 1125 1524 1182 insularum,
1544 1143 1656 1189 quas
1725 1145 1852 1177 oma-

77 1206 137 1235 na
161 1189 325 1235 notitia
343 1187 666 1250 complectitur
688 1188 905 1243 maxima,
943 1187 1104 1251 spatie,
1129 1195 1169 1235 &
1192 1191 1312 1236 coelo
1334 1190 1381 1237 in
1406 1191 1631 1238 orientem
1653 1193 1852 1241 Germa-

79 1253 188 1308 niae,
214 1251 261 1300 in
283 1252 572 1303 occidentem
596 1252 830 1316 Hispaniae
852 1252 1119 1301 obtenditur
1140 1271 1151 1301 :
1187 1254 1419 1302 Gallis'in
1447 1256 1690 1304 meridiem
1712 1258 1853 1307 etiam

77 1316 334 1381 inspicitur.
359 1317 759 1380 ”Septentrionalia
776 1319 891 1380 ejus,
916 1317 1054 1365 nullis
1077 1330 1236 1367 contra
1257 1319 1405 1376 terris,
1421 1323 1542 1368 vasto
1563 1334 1702 1384 atque
1723 1340 1853 1386 aper-

76 1395 127 1429 to
150 1381 265 1429 mari
286 1382 537 1446 pulsantur,
604 1384 818 1432 Formam
840 1382 980 1430 totius
1003 1382 1249 1431 Britanniae
1271 1384 1432 1432 Livius
1455 1398 1682 1443 veterum,
1717 1389 1855 1436 Fabi-

79 1463 132 1494 us
155 1447 364 1494 Rusticus
389 1448 660 1504 recentium,
693 1447 1046 1514 eloquentiffimi
1067 1449 1299 1505 authores,
1333 1451 1550 1516 oblongae
1573 1453 1758 1500 scutulae
1781 1454 1857 1502 vel

77 1510 270 1573 bipenni
287 1511 593 1560 affimulavere
615 1508 633 1560 ε’
665 1519 706 1562 &
725 1515 785 1561 est
807 1530 860 1560 ea
885 1512 1024 1560 facies
1044 1513 1158 1561 citra
1177 1515 1498 1572 Caledoniam,
1526 1518 1645 1565 unde
1669 1523 1709 1565 ὅσ
1731 1517 1779 1566 in
1805 1537 1858 1566 u-

77 1575 309 1625 niversum
323 1575 444 1625 fama
461 1579 520 1624 est
542 1578 831 1642 transgressa:
857 1577 930 1626 sed
951 1578 1244 1634 immensum,
1267 1586 1308 1628 δε
1329 1597 1515 1628 enorme
1531 1581 1726 1645 spatium
1748 1600 1857 1646 pro-

81 1639 364 1689 currentium
397 1654 604 1689 extremo
627 1643 725 1704 jam
760 1643 893 1690 litore
916 1656 1137 1690 terrarum
1158 1645 1286 1691 velut
1322 1645 1370 1692 in
1393 1660 1592 1694 cuneum
1627 1660 1855 1696 tenuatur.

81 1705 222 1751 Han'c
243 1721 370 1751 oram
393 1705 618 1757 noviffimi
639 1707 775 1756 maris
798 1720 908 1754 tunc
919 1707 1131 1770 primum
1149 1709 1360 1757 Romana
1376 1711 1514 1758 claffis
1536 1711 1859 1767 circumvecta,

83 1768 279 1819 insulam
302 1770 387 1819 effe
407 1769 689 1818 Britanniam
713 1772 971 1827 affirmavit,
1005 1789 1058 1819 ac
1079 1773 1209 1821 sunu]
1231 1775 1489 1838 incognitas
1529 1777 1588 1825 ad
1607 1777 1658 1823 id
1679 1789 1860 1840 tempus

85 1832 276 1888 insulas,
304 1849 415 1896 quas
439 1835 643 1882 Orcadas
677 1850 860 1891 vocant,
895 1837 1089 1890 invenit,
1131 1838 1419 1900 domuitque.
1491 1840 1716 1904 Despefila
1736 1844 1797 1888 est
1819 1848 1861 1891 Sc

88 1896 263 1959 Thyle,
285 1914 424 1965 quarn
458 1898 674 1947 haftenus
709 1900 804 1954 nix,
847 1906 886 1948 &
905 1900 1053 1948 hiems
1077 1901 1277 1953 abdebat
1300 1922 1310 1949 ε
1345 1903 1420 1952 sed
1442 1920 1566 1952 mare
1587 1905 1793 1970 pigrum,
1819 1912 1861 1954 δε

84 1964 230 2025 grave·
261 1961 592 2026 remigantibus
627 1963 888 2026 perhibent.
956 1967 1032 2014 Ne
1056 1967 1205 2014 ventis
1239 1966 1425 2030 quidem
1451 1969 1646 2030 proinde
1668 1972 1818 2019 attolli
1846 1991 1858 2019 ε

83 2025 225 2074 credo
245 2027 369 2089 quod
391 2027 579 2074 rariores
604 2040 750 2084 terrae,
772 2029 1056 2093 montesque,
1073 2032 1221 2087 causa,
1242 2039 1282 2079 δε
1313 2034 1504 2082 materia
1522 2037 1860 2098 tempestatum,

83 2093 138 2139 &
161 2089 392 2153 profunda
425 2093 568 2144 moles
591 2093 799 2140 continui
821 2095 988 2155 maris,
1008 2097 1178 2143 tardius
1201 2098 1472 2161 impellitur.
1542 2101 1769 2149 Naturam
1794 2105 1863 2149 O-

77 2154 234 2210 ceani,
257 2168 395 2220 atque
419 2157 544 2204 aestus
568 2175 718 2221 neque
739 2175 939 2222 quaerere
974 2161 1108 2223 hujus
1131 2163 1282 2224 operis
1305 2164 1383 2217 est,
1416 2181 1468 2210 ac
1490 2166 1624 2213 multi
1649 2169 1862 2216 retulere.

87 2219 252 2271 Unum
272 2221 550 2276 addiderim,
576 2223 797 2286 nusquam
817 2224 953 2271 latius
976 2224 1205 2273 dominari
1234 2244 1374 2283 mare,
1398 2230 1595 2277 multum
1618 2232 1863 2280 fluminum

86 2283 198 2338 hue,
223 2297 360 2348 atque
380 2285 493 2333 illuc
514 2287 631 2334 ferre
653 2307 663 2334 :
701 2304 787 2334 nec
807 2289 933 2336 litori
951 2303 1081 2338 tenus
1104 2292 1369 2347 accrescere,
1403 2306 1482 2341 aut
1513 2294 1748 2353 resorberi,
1789 2296 1866 2346 sed

85 2348 278 2396 influere
299 2349 481 2413 penitus
504 2364 642 2416 atque
665 2353 858 2409 ambire,
882 2354 1022 2401 etiam
1037 2355 1182 2419 jugia
1207 2370 1344 2421 atque
1367 2358 1602 2407 montibus
1631 2360 1766 2409 inseri
1786 2378 1865 2409 ve-

86 2413 158 2459 lut
175 2413 222 2460 in
244 2414 337 2462 suo.
359 2415 592 2466 Caeterum
616 2417 900 2465 Britanniam
921 2419 1003 2482 qui
1020 2423 1235 2470 mortales
1257 2421 1394 2469 initio
1413 2424 1655 2481 coluerint,
1680 2426 1866 2490 indige-

87 2493 176 2532 nae,
202 2491 280 2526 aut
302 2480 498 2536 advecti,
520 2494 568 2528 ut
589 2481 706 2530 inter
725 2484 965 2540 Barbaros,
989 2502 1151 2548 parum
1170 2501 1476 2550 compertum.
1544 2490 1746 2545 Habitus
1766 2508 1866 2539 cor-

87 2557 254 2604 porum
271 2543 386 2592 varii
411 2562 423 2591 :
457 2560 597 2609 atque
625 2563 682 2593 ex
704 2563 759 2594 eo
782 2564 1068 2612 argumenta.
1159 2550 1362 2614 Nandue
1384 2555 1534 2600 rutilae
1558 2556 1866 2619 Caledoniam
1905 2604 1908 2606 ,

88 2606 397 2657 habitantium
428 2626 590 2666 comae,
624 2611 783 2676 magni
812 2626 950 2668 artus,
986 2616 1315 2664 Germanicam
1350 2618 1577 2682 originem
1605 2621 1864 2669 asseverant.

93 2670 299 2722 Silurum>
326 2674 518 2721 colorati
551 2677 724 2732 vultus,
760 2680 811 2730 &
834 2677 943 2725 torti
966 2681 1235 2743 plaerunque
1267 2682 1432 2738 crines,
1458 2689 1498 2731 &
1522 2687 1671 2747 positu
1707 2698 1868 2734 contra

91 2735 381 2798 Hispaniam,
408 2739 563 2787 Iberos
593 2755 768 2792 veteres,
803 2743 1036 2805 trajeciffc,
1059 2746 1220 2810 easque
1238 2746 1362 2794 sedes
1386 2751 1621 2812 occupasse
1640 2751 1779 2798 fidem
1800 2751 1866 2797 fa-

89 2800 240 2851 ciunt.
303 2804 508 2852 Proximi
530 2805 701 2861 Gallis,
739 2812 780 2853 &
803 2808 968 2856 fimiles
990 2809 1090 2870 sunt
1114 2829 1124 2857 :
1158 2810 1232 2857 seu
1254 2813 1448 2860 durante
1469 2814 1660 2878 originis
1675 2815 1722 2862 vi
1747 2835 1758 2864 :
1793 2817 1876 2863 seu.

87 2866 463 2927 procurrentibus
486 2869 533 2918 in
556 2870 731 2920 diversa
753 2872 904 2927 terris,
938 2874 1102 2936 positio
1135 2875 1243 2922 coeli·
1263 2878 1532 2940 corporibus
1555 2880 1765 2928 habitum
1788 2883 1869 2928 de-

92 2929 178 2975 dit.
247 2932 301 2983 In
323 2932 578 2981 universum
603 2947 757 2983 tamen
781 2937 1038 2993 aestimanti,
1064 2941 1228 2986 Gallos
1251 2942 1454 2989 vicinum
1485 2943 1631 2991 solum
1652 2947 1868 3008 occupas-

91 2994 152 3047 se,
173 2995 392 3042 credibile
412 2998 496 3047 est,
553 3001 734 3049 Eorum
752 3001 872 3048 saera
893 3004 1209 3067 deprehendas
1238 3006 1600 3069 superstitionum
1624 3010 1871 3072 persuasio-

92 3075 168 3104 ne.
239 3060 397 3106 Sermo
419 3063 541 3108 haud
565 3066 762 3113 multum
784 3066 1002 3115 diversus.
1069 3070 1124 3116 In
1147 3071 1444 3133 deposcendis
1467 3074 1683 3134 periculis
1708 3075 1871 3122 eadem

93 3122 373 3179 audacia„&
398 3125 476 3171 ubi
505 3129 746 3181 advenere,
787 3131 837 3176 in
867 3132 1174 3180 detrafitandis
1204 3137 1365 3182 eadem
1385 3134 1602 3183 formido.
1672 3140 1779 3187 Plus
1803 3152 1872 3187 ta-

94 3187 406 3240 menrferociae
429 3191 636 3239 Britanni
654 3195 918 3256 praeferunt,
946 3209 994 3243 ut
1015 3214 1130 3259 quos
1162 3199 1369 3246 nondum
1389 3201 1529 3264 longa
1552 3219 1641 3263 pax
1660 3204 1871 3251 emollie-

89 3252 168 3298 rit.
237 3254 369 3305 Nam-
384 3255 548 3302 Ganos
567 3273 754 3320 quoque
770 3259 820 3306 in
842 3261 975 3307 bellis
999 3261 1192 3309 floruisse
1213 3265 1490 3327 accepimus.
1539 3266 1659 3315 Mox
1679 3268 1882 3335 segnitia.

92 3333 209 3368 cum.
219 3317 317 3364 otio
338 3318 552 3375 intravit,
571 3319 726 3372 amifl'a
740 3323 912 3372 virtute
929 3326 1100 3388 pariter
1117 3343 1169 3372 ac
1191 3328 1416 3376 libertate.
1468 3332 1610 3393 Qod
1629 3333 1871 3385 Britanno-

94 3397 197 3428 rum
221 3381 488 3433 olimviffis
511 3385 859 3440 evenit,.,caeteri
881 3404 1067 3437 manent
1088 3393 1244 3454 quales
1268 3392 1398 3441 Galli
1419 3394 1620 3443 fuerunt.
1661 3406 1668 3411 ’
1709 3400 1764 3447 In
1787 3418 1871 3465 pe-

94 3445 191 3491 dite
214 3449 386 3503 robur,
411 3450 634 3512 quaedam,
660 3451 867 3499 nationes
892 3460 932 3500 δε
955 3471 1088 3501 curru
1110 3456 1408 3517 praeliantur:
1442 3459 1670 3509 honestior
1690 3463 1869 3529 auriga,

94 3508 283 3557 clientes
303 3527 614 3576 propugnant.
651 3515 781 3562 Olim
804 3517 1011 3579 Regibus
1029 3520 1266 3582 parebant,
1287 3540 1409 3572 nunc
1426 3540 1507 3587 per
1524 3525 1754 3591 principes
1777 3531 1874 3579 fac·

94 3573 298 3623 tionibus
323 3581 366 3624 δε
383 3578 537 3625 studiis
561 3580 829 3630 trahuntur„
887 3583 992 3629 Nec
1014 3583 1140 3631 aliud
1157 3586 1684 3639 adversus-validiffimas
1714 3607 1876 3658 gentes

93 3640 332 3705 pronobis
355 3641 527 3700 utilius,
552 3661 691 3710 qguam
713 3646 843 3715 quod
859 3647 908 3699 in
929 3664 1175 3699 commune
1197 3667 1289 3700 non
1308 3654 1563 3704 consulunt.
1597 3658 1743 3723 Rarus
1762 3660 1876 3708 dua—

1794 3726 1878 3775 bus
