2006 3858
230 151 558 217 Ltssm
652 145 1138 211 DECIMUS
1183 152 1852 222 QUARTUS.391

85 265 141 297 ac
163 247 494 312 praecipitijam
516 260 622 291 vere
645 243 747 298 sese,
775 245 802 289 fi
827 242 970 304 major
992 239 1157 301 aliquis
1182 252 1348 291 motuS,
1373 233 1454 297 qui
1479 233 1756 306 praesentiam
1783 239 1855 300 ip-

88 315 175 361 sms
187 311 451 376 reposceret,
467 309 675 361 oriretur,
696 309 947 354 rediturum
972 304 1204 367 pollicitus
1227 319 1360 349 naves
1384 298 1661 353 conscendit,
1687 302 1854 351 relittia

89 379 173 440 qui
210 378 394 423 summae
425 373 488 420 rei
519 374 751 432 praeessent
789 371 1020 431 Augustae,
1049 369 1248 420 Aranize,
1288 363 1584 428 Argatheliae,
1621 366 1858 415 Humilem

96 442 376 493 Comitibus,
393 435 758 498 Archiepiscopis
780 431 889 481 Fani
916 434 1129 486 Andreae,
1153 439 1192 479 Sc
1217 431 1457 477 Glascuae:
1482 428 1649 491 quibus
1671 431 1863 491 adjunc„

93 520 164 553 tus
188 507 246 552 est
264 506 332 564 (1)
361 502 591 549 Antonius
612 500 796 546 Darfius
820 499 1003 551 Gallus,
1026 497 1103 558 qui
1126 497 1365 542 Dumbaro
1389 508 1578 556 praeerat
1599 512 1611 542 :
1636 496 1709 541 cui
1735 513 1864 544 man.

91 572 277 617 daverat
295 568 449 620 etiam,
478 579 526 611 ut
549 565 605 611 de
629 564 762 610 rebus
786 562 999 608 omnibus
1022 561 1258 606 certiorem
1287 560 1325 605 se
1351 560 1531 605 faceret.
1579 559 1655 605 Ne
1676 577 1767 623 qua
1786 580 1865 608 ve-

92 649 145 680 ro
168 649 223 680 ex
246 630 498 678 ambitione
536 628 762 676 discordia
782 627 901 672 inter
924 626 1130 672 homines
1155 626 1297 669 claros
1321 623 1365 670 in
1394 623 1488 686 pari
1514 626 1728 686 potestate
1755 642 1864 673 con-

95 698 267 744 stitutos
291 697 501 747 oriretur,
525 694 617 740 suas
656 691 841 754 singulis
865 691 1075 753 regiones
1099 688 1322 734 attribuit.
1393 689 1551 744 Gallo,
1577 691 1749 738 caeteris
1773 710 1867 738 non

95 773 281 823 gravate
300 758 673 808 concedentibus,
702 756 910 818 princeps
934 755 1052 801 inter
1079 769 1155 799 eos
1187 754 1311 799 locus
1337 754 1396 799 est
1418 754 1565 807 datus,
1599 771 1651 800 ac
1671 756 1865 813 Marcia,

98 833 137 872 &
164 825 406 874 Lothiana,
436 823 511 869 cui
534 823 750 886 praeeffet.
821 818 1012 865 Caeterae
1037 834 1118 882 pro
1157 818 1373 879 cujusque
1411 819 1738 868 commoditate
1763 839 1870 884 pro-

94 889 260 936 vinciae
281 888 543 935 distributae.
614 888 793 933 Interea
811 884 991 946 Regina
1008 884 1100 945 poll
1123 899 1291 928 annum
1315 882 1407 927 fere
1425 900 1560 947 quam
1586 884 1630 930 in
1651 887 1869 949 Angliam

100 968 300 1007 venerat,
326 967 532 1009 extremo
552 951 701 998 mense
720 950 851 995 Maio
870 949 916 995 in
942 949 1141 994 Scotiam
1168 947 1318 1000 rediit,
1343 963 1395 991 :tc
1419 949 1608 995 Bervico
1631 967 1712 1012 per
1735 954 1874 999 mari..

104 1032 199 1066 tum
220 1020 279 1065 est
304 1018 513 1066 deducia.
581 1017 760 1063 Verum
787 1017 856 1077 (2)
882 1028 1171 1075 nequaquam
1199 1012 1294 1074 pari
1318 1024 1453 1073 atque
1477 1027 1607 1059 antea
1629 1018 1882 1065 concordia

105 1083 334 1132 vixerunt.

166 1150 225 1195 X.
262 1150 430 1194 Prorex
447 1162 713 1209 quanquam
736 1143 985 1196 discedens,
1009 1158 1065 1186 ne
1091 1153 1296 1188 motuum
1319 1140 1484 1187 semina
1511 1142 1551 1188 se
1575 1143 1755 1192 absente
1774 1148 1880 1211 sup-

101 1212 397 1276 pullularent,
424 1210 796 1257 nobilissimarum
816 1207 1093 1253 familiarum
1115 1219 1191 1250 aut
1210 1204 1437 1265 principes
1458 1205 1592 1268 ipsos,
1617 1223 1695 1256 aut
1717 1229 1878 1262 eorum.

105 1277 241 1332 filios,
263 1276 600 1340 propinquosve
625 1291 704 1338 per
726 1273 920 1335 speciem
947 1269 1129 1315 honoris
1155 1269 1330 1314 obfides
1350 1269 1501 1316 secum
1522 1272 1731 1329 duxisset,
1757 1280 1880 1324 mul.

104 1341 263 1404 tosque
286 1341 332 1388 in
358 1340 532 1387 diversa
553 1340 656 1387 loca
678 1339 900 1401 relegatos
924 1335 970 1381 in
993 1334 1140 1380 libera
1167 1333 1368 1379 custodia
1398 1335 1663 1398 reliquisset,
1699 1340 1878 1388 arcibus

107 1407 366 1459 Dumbam,
392 1405 757 1456 Britannoduno‚
799 1408 839 1448 Sc
869 1399 1056 1446 Garviae
1079 1398 1282 1444 custodes
1307 1399 1472 1445 Gallos
1495 1400 1790 1462 imposuisset,
1815 1418 1883 1453 ta,

110 1488 215 1518 men
237 1488 262 1517 e
286 1488 332 1517 re
355 1486 510 1533 parva,
537 1475 578 1516 δε
604 1469 724 1514 unde
745 1464 935 1512 minime
959 1477 1106 1510 metus
1129 1477 1240 1516 erat,
1280 1464 1502 1512 tumultus
1536 1466 1669 1528 origo
1703 1468 1887 1517 suborta

112 1537 187 1581 est.
258 1534 487 1581 Antonius
513 1534 696 1580 Darfius
721 1532 767 1578 in
795 1531 873 1577 suo
898 1529 1156 1593 magistratu
1181 1544 1400 1589 magnum
1425 1529 1672 1593 aequitatis,
1705 1538 1756 1582 δε
1774 1552 1886 1598 pm-

108 1600 279 1648 dentice
300 1600 545 1662 specimen,
572 1614 624 1645 ac
648 1594 848 1644 maxime
880 1595 927 1641 in
952 1592 1572 1655 compescendisiatrociniis
1598 1598 1884 1649 exhibuercffl

113 1665 318 1711 Primum
342 1664 389 1711 in
408 1663 504 1725 ejus
527 1660 768 1726 provincia
789 1671 968 1707 motum
991 1658 1116 1710 fecit,
1153 1658 1236 1720 qui
1267 1656 1324 1702 ad
1349 1659 1519 1705 bellum
1542 1659 1760 1722 spectaret
1782 1665 1888 1713 Gu-

109 1730 296 1776 lielmus
314 1728 588 1775 Cocburnus
608 1724 858 1773 Comarehi
881 1722 1122 1769 Lanuonii
1145 1735 1331 1784 patruus
1354 1741 1375 1776 t,
1392 1724 1472 1785 qui
1495 1727 1780 1776 curatoribus
1801 1747 1888 1792 pu-

114 1792 214 1857 pilli
240 1792 447 1846 exclusis,
471 1807 622 1838 arcem
646 1787 944 1836 Lan&oniam
965 1787 1164 1842 tenebat,
1184 1787 1324 1833 fretus
1348 1788 1548 1836 maxime
1562 1793 1769 1853 potentia
1790 1795 1890 1841 Da-

113 1858 233 1904 vidis
268 1856 435 1904 Humii
458 1854 785 1908 Vederburnii,
819 1854 947 1916 cujus
987 1853 1180 1898 sororem
1207 1852 1477 1900 Cocburnus
1516 1855 1564 1901 in
1593 1857 1891 1906 matrimonio

114 1922 330 1968 habebat.
365 1923 435 1968 Eo
458 1923 563 1967 cum
587 1920 752 1966 Gallus
774 1918 877 1965 satis
900 1917 1031 1963 firmo
1053 1916 1272 1962 comitatu
1297 1918 1496 1974 venisset,
1520 1920 1783 1985 arcemque,
1810 1924 1895 1986 qui

113 1985 240 2033 intus
263 1998 406 2041 erant,
452 1985 618 2031 dedere
639 1983 910 2035 recusarent,
935 1997 1041 2028 cum
1067 1980 1176 2027 raris
1198 1982 1431 2042 equitibus
1455 1986 1680 2047 expeditis
1698 1987 1891 2051 adequi-

117 2065 217 2098 tans
237 2050 392 2098 David
418 2049 618 2096 Humius
643 2047 896 2094 Alexandri
920 2045 984 2092 sui
1007 2044 1257 2108 propinqui
1279 2048 1453 2094 caedem
1477 2049 1698 2098 nefariam
1727 2069 1895 2115 expro.

119 2116 296 2162 brabat.
365 2115 536 2161 Gallus
556 2113 722 2177 partim
743 2113 828 2158 suis
851 2110 1037 2161 diffisus,
1061 2109 1224 2172 partim
1247 2127 1368 2174 equo
1386 2115 1706 2179 perniciffimo,
1727 2118 1803 2164 cui
1822 2118 1896 2165 in-

120 2181 308 2231 fidebat,
333 2179 540 2233 confisus,
566 2178 607 2224 se
636 2177 929 2224 Dumbaru-rn
952 2176 1100 2224 versus
1124 2175 1172 2227 'm
1195 2174 1356 2237 fugam
1391 2180 1604 2240 conjecit.
1672 2181 1747 2228 Ibi
1768 2183 1896 2244 lapsu

120 2245 230 2307 equi
251 2243 529 2306 impeditum
548 2241 725 2289 inimici
750 2241 931 2288 assecuti
949 2256 1053 2287 eum
1075 2239 1387 2289 trucidarunt:
1413 2245 1642 2307 caputque
1664 2247 1899 2296 abscissum

121 2310 254 2372 supra
278 2308 503 2356 Humi-um
529 2324 679 2355 arcem
700 2308 801 2353 loco
823 2305 1070 2368 conspicuo
1092 2306 1346 2353 affixerunt.
1416 2309 1586 2356 Incidit
1607 2327 1662 2357 ea
1681 2312 1826 2358 caedes
1849 2313 1901 2361 in

130 2390 147 2422 1
167 2391 210 2421 2.
237 2374 463 2422 Calendas
484 2373 719 2426 Octobris,
750 2372 858 2418 anni
887 2387 903 2419 1
923 2388 945 2435 5
968 2386 983 2417 1
1003 2388 1048 2432 7.
1119 2370 1304 2416 Caeteri·
1314 2372 1641 2437 gubernatores
1662 2378 1900 2440 congreffi,

125 2455 231 2486 cum
253 2455 310 2486 ex
341 2439 429 2485 hoc
451 2437 598 2484 initio*
621 2437 842 2497 majorem
880 2448 1059 2482 motum
1094 2433 1411 2492 formidarent,
1449 2437 1684 2488 Comitem
1717 2443 1902 2489 Araniae

120 2503 377 2568 principem
396 2505 618 2551 rectorem
631 2502 922 2566 delegerunt.
961 2500 1224 2560 Georgium
1239 2499 1527 2564 Duglassium
1545 2504 1903 2568 AngufianiCo-

97 2601 99 2603 ·
121 2568 247 2615 mitis
263 2557 455 2614 fr⁴atrem
480 2565 618 2613 caedis
637 2583 782 2629 nuper
802 2565 931 2612 faetae
963 2563 1216 2626 suspectum
1234 2563 1283 2610 in
1298 2565 1522 2614 Garviam
1552 2569 1902 2620 custodiendum

125 2633 351 2680 dederunt
376 2652 387 2679 ε
411 2643 551 2695 atque
571 2630 622 2677 in
640 2630 846 2678 Galliam
869 2630 927 2677 ad
949 2630 1196 2693 Protegem
1211 2629 1446 2687 miserunt,
1467 2632 1549 2694 qui
1597 2651 1704 2682 eum
1726 2635 1776 2683 in
1796 2638 1908 2686 Sco-

128 2697 240 2746 tiam
262 2697 603 2761 quamprimum
625 2707 906 2744 revoc-arent.

151 2779 163 2815 1
193 2763 278 2809 XI.
317 2762 413 2810 Sub
444 2761 569 2809 idem
603 2761 699 2809 fere
733 2773 914 2823 tempus
945 2758 1117 2806 semina
1149 2758 1476 2809 discordiarum
1494 2762 1616 2824 ja&a
1652 2764 1754 2812 sunt
1788 2765 1910 2814 inter

131 2826 367 2874 Comitem
391 2827 626 2891 Angufiae,
650 2831 691 2874 &
715 2825 949 2873 Andream
969 2826 1140 2871 Carum
1166 2824 1495 2873 Farnihestium
1518 2828 1580 2873 ob
1606 2831 1676 2892 (3)
1700 2830 1912 2889 jurisdic-

129 2890 305 2939 tionem
327 2890 426 2955 agri
448 2891 640 2955 quidem
674 2889 891 2944 Comitis,
917 2889 992 2936 sed
1014 2889 1061 2935 in
1084 2891 1275 2952 quoi(4)
1294 2889 1369 2950 jus
1401 2906 1714 2941 conventuum
1735 2894 1912 2942 haben-

132 2955 297 3002 dorum
338 2956 546 3003 Andreas
583 2953 667 3003 fibi
697 2956 781 3003 effe
803 2955 1062 3001 affirmaret.
1134 2954 1205 3017 (5)
1239 2953 1440 3017 Reliqua
1473 2957 1699 3004 Carorum
1735 2956 1913 3007 familia

136 3019 332 3074 Comiti,
356 3020 555 3067 Andreae
585 3036 694 3068 vero
717 3018 1003 3068 Hamiltonii
1025 3017 1258 3072 favebant,
1295 3019 1441 3082 magis
1464 3020 1524 3066 ob
1549 3020 1773 3083 Duglassii
1807 3023 1915 3078 odi.

137 3099 234 3138 um,
257 3100 398 3147 quam
419 3085 547 3146 quod
567 3086 742 3132 certum
757 3085 830 3146 jus
861 3085 946 3130 esse
977 3083 1100 3129 Caro
1121 3080 1464 3130 arbitrarentur.
1532 3085 1682 3147 Igitur
1702 3103 1809 3135 cum
1831 3088 1914 3136 sub

134 3147 262 3193 diem
284 3162 536 3196 conventus
555 3148 606 3194 in
631 3149 832 3210 majoriS,
865 3147 1006 3211 quam
1027 3162 1112 3210 pro
1132 3162 1199 3197 re,
1223 3146 1281 3192 de
1303 3162 1395 3208 qua
1415 3149 1796 3207 contendebatur,
1820 3154 1915 3200 ale-

136 3225 210 3256 am
248 3210 509 3258 certaminis
540 3211 633 3259 sese
655 3212 837 3276 utrique
867 3222 1095 3275 pararent,
1138 3209 1211 3272 (6)
1233 3211 1430 3259 Ioannes
1465 3208 1790 3264 Somervallius
1811 3219 1917 3266 Du-

195 3316 256 3378 (ι)
284 3329 513 3379 Commonly
541 3330 659 3368 called
679 3299 866 3368 monfietir
894 3331 939 3367 de
966 3331 1003 3368 la
1057 3331 1100 3367 ed
1119 3336 1158 3365 to
1173 3328 1217 3366 be
1235 3331 1342 3367 made
1362 3317 1440 3367 lord
1459 3330 1661 3372 Metbven.

125 3381 265 3421 ’Βατία
1111 3379 1176 3431 (3)
1205 3382 1293 3419 The
1311 3383 1464 3433 baillery
1480 3385 1526 3422 of
1535 3387 1727 3437 Jedburgh
1746 3389 1870 3430 forest.

200 3435 266 3486 (2)
295 3437 357 3472 He
383 3434 457 3472 had
485 3435 659 3483 begotten
693 3449 711 3472 a
730 3434 833 3473 child
863 3449 962 3485 upon
982 3449 1002 3473 a
1111 3435 1176 3484 (4)
1204 3437 1265 3473 He
1283 3437 1509 3486 alledgedhe
1523 3452 1596 3477 was
1615 3442 1805 3482 heretable
1818 3445 1914 3484 bail-

144 3490 423 3537 gentlewoman
441 3489 481 3526 in
499 3489 567 3526 her
585 3489 734 3526 absence
756 3503 768 3538 ;
797 3489 856 3527 for
875 3488 1001 3526 which
1056 3487 1107 3526 lie
1124 3486 1287 3527 thereos.

145 3541 348 3583 thereafter
380 3542 439 3580 she
474 3542 644 3587 divorced
659 3542 770 3582 2from
801 3542 884 3580 him
906 3555 1003 3582 anno
1113 3543 1177 3592 (ς)
1207 3543 1296 3590 The
1313 3544 1422 3582 Carrs
1440 3545 1486 3583 of
1498 3536 1703 3595 Cessfoord‚
1726 3552 1819 3588 ἅτε.-

149 3604 267 3644 1525.
286 3597 355 3632 and
374 3595 531 3633 married
542 3596 835 3646 Harry-Stewart
854 3595 1005 3634 brother
1112 3595 1176 3646 (6)
1196 3596 1308 3634 Laird
1324 3598 1369 3635 of
1380 3600 1618 3639 Camnethan
1639 3617 1649 3641 :
1678 3602 1727 3646 he
1753 3603 1915 3643 married

148 3653 193 3687 to.
206 3647 272 3692 the
288 3649 368 3689 lord
387 3648 596 3699 Ochixtree,
627 3648 755 3694 whom
773 3649 834 3693 file
851 3661 1004 3709 procvrj
1058 3648 1124 3696 the
1143 3649 1217 3694 earl
1235 3650 1280 3693 of
1291 3653 1456 3706 Angus’s
1472 3653 1583 3696 fister.

1785 3707 1893 3779 glas
1891 3738 1906 3748 ·
