2006 3858
363 149 653 216 Lrssra
713 147 1532 215 Dsscrmussnx‘rus,
1695 154 1824 236 459

65 243 301 302 interitum
323 249 497 311 legum,
519 255 558 294 δε
582 248 803 296 libertatis
839 246 1046 294 omnium
1087 246 1312 310 capitibus
1354 245 1568 309 imponat
1588 263 1599 292 ε
1636 245 1678 291 se
1699 264 1830 312 mag-

68 333 238 380 nopere
278 329 422 368 orare,
459 325 509 357 ut
551 313 608 357 ab
643 313 730 359 hoc
780 326 873 360 tam
912 312 1175 375 'pernicioso
1216 309 1403 358 consilio
1439 309 1648 357 adversus
1692 312 1830 361 fidem

67 381 399 444 promissorum,
424 375 656 439 publicam
681 376 944 430 utilitatem,
968 378 1109 439 leges,
1131 376 1438 424 &libertatem
1463 388 1630 421 temere
1653 375 1832 440 suscep-

68 458 117 493 to
140 444 312 492 desistat
336 462 347 489 :
380 457 492 489 neve
515 456 611 486 eam
638 440 936 487 neceffitatem
962 440 1026 487 eis
1048 441 1270 500 imponat,
1297 452 1357 492 ut,
1384 438 1574 486 universi
1596 440 1757 503 populi
1781 443 1833 488 fi·

67 510 175 555 dem
190 507 440 570 implorare
474 515 712 566 cogantur.
782 506 836 550 In
869 505 1061 551 eandem
1103 504 1196 551 fere
1219 503 1484 552 sententiam
1516 506 1611 565 post
1635 506 1835 554 mensem

5 605 8 608 -
68 565 343 634 Edimburgi
359 568 541 616 colleffl
562 567 878 628 rescripserunt
903 587 913 614 :
942 585 992 615 ac
1016 567 1316 630 superioribus
1333 567 1449 615 hanc
1462 567 1735 630 petitionem
1753 571 1835 618 ad-

60 636 288 699 jecerunt,
315 647 364 681 ut
385 631 704 680 molitionibus
728 631 856 678 novis
890 633 1050 685 eversis
1073 633 1355 694 peregrinos,
1379 631 1581 695 aliosque
1603 650 1837 683 mercena-

64 699 158 747 rios
180 698 404 762 quossibet
424 696 598 758 oppido
621 695 844 758 emigrare
860 696 1037 757 jubeat,
1072 708 1120 742 ut
1144 698 1340 742 liberum
1360 696 1426 742 ibi
1443 696 1659 744 omnibus
1680 715 1738 746 ex
1776 716 1840 745 ae·

10 772 16 792 v'
65 779 161 826 quo
194 765 299 810 effer
316 760 565 825 negociari,
608 765 645 805 δι
691 772 851 806 mutua
872 776 1080 807 exercere
1101 760 1394 807 commercia.
1462 760 1516 806 ld
1538 762 1568 808 fi
1598 762 1838 819 recusaret,

67 828 111 874 se
131 844 215 889 pro
237 840 362 874 certo
384 824 558 873 indicio
599 838 864 886 accepturos
901 841 1002 872 eam
1042 840 1233 886 regnum
1259 824 1346 870 hoc
1367 824 1416 870 in
1439 825 1698 875 servitutem
1721 829 1840 876 vel-le

67 891 276 955 redigere
302 909 316 940 ε
349 891 422 939 cui
447 890 568 952 malo
590 887 649 944 se,
673 903 948 952 quacunque
970 888 1145 938 ratione
1168 891 1358 953 possent,
1398 890 1652 937 remedium
1675 893 1841 955 quaefi-

69 958 244 1003 turOS.'’
1772 982 1775 989 ι

74 1056 80 1061 -
133 1021 310 1068 XLIII.
346 1019 421 1067 Ad
440 1018 538 1065 haec
550 1016 632 1080 qui
652 1017 958 1080 responderet,
984 1018 1166 1081 Regens
1185 1017 1339 1063 triduo
1362 1017 1576 1080 proximo
1600 1019 1721 1068 misit
1742 1023 1844 1070 Ro.

0 1096 14 1137 f
68 1083 246 1132 bertum
261 1087 538 1134 Formanum
562 1080 814 1144 principem
832 1081 1058 1128 foecialem
1081 1084 1266 1142 (vulgus
1290 1082 1466 1144 Regem
1491 1100 1719 1131 armorum
1759 1103 1844 1134 vo·

5 1155 12 1168 “
67 1153 163 1207 cat)
183 1164 288 1195 cum
300 1149 369 1195 his
392 1144 634 1196 mandatis.
660 1154 702 1199 f‘
722 1146 924 1193 Primum
945 1145 1392 1199 omniumostendes,
1414 1146 1530 1193 nihil
1541 1148 1672 1195 nobis
1697 1152 1843 1214 magis

0 1213 11 1215 “
67 1225 236 1276 praeter
253 1212 518 1276 opinionem
545 1210 752 1258 accidere
773 1210 981 1273 potuisse,
1003 1226 1140 1272 quam
1165 1208 1304 1255 alium
1344 1211 1429 1256 effe
1452 1213 1735 1274 quempiam,
1762 1216 1845 1277 qui

69 1280 334 1340 potestatem
358 1278 433 1324 hic
455 1276 636 1330 habeat,
653 1292 791 1338 quam
841 1275 913 1336 (1)
939 1291 1096 1337 gener,
1115 1279 1162 1320 »ὅτ
1182 1274 1274 1319 filia
1297 1290 1413 1328 mea,
1429 1276 1550 1322 unde
1570 1278 1720 1324 omnis
1744 1280 1845 1326 nos-

69 1349 139 1390 tra
161 1343 331 1404 pendet
352 1341 607 1389 aucloritaS.
644 1339 884 1402 Superiora
907 1353 1148 1400 procerum
1160 1340 1273 1392 aaa,
1301 1342 1341 1384 ὅσ
1357 1338 1454 1385 haec
1477 1339 1666 1399 praesens
1690 1344 1842 1403 postu-

69 1406 201 1460 latio,
223 1407 295 1453 seu
315 1406 470 1470 potius
492 1404 737 1466 imperium
761 1403 862 1450 satis
886 1403 1137 1457 declarant,
1168 1418 1245 1448 eos
1270 1402 1441 1449 nullam
1465 1403 1738 1466 superiorem
1766 1424 1847 1470 ag·

31 1495 33 1497 ·
74 1471 256 1524 noscere
274 1470 606 1518 auctoritatem.
672 1469 775 1516 Nec
797 1483 957 1514 eorum
980 1467 1161 1530 petitio,
1185 1479 1261 1514 aut
1280 1467 1433 1531 potius
1457 1467 1594 1515 minae
1615 1482 1847 1533 utcunque

71 1536 318 1582 verborum
340 1533 572 1582 coloribus
594 1546 765 1597 opertae
790 1531 922 1578 nobis
938 1532 1035 1591 jam
1059 1548 1191 1578 novae
1214 1530 1358 1578 videri
1382 1533 1576 1594 possunt.
1639 1534 1845 1582 Postula-

72 1593 144 1658 bis
167 1617 193 1647 a
209 1600 326 1648 duce
349 1599 669 1652 Castellerotii,
694 1598 807 1660 utin
822 1596 1090 1643 memoriam
1110 1607 1307 1648 revocet,
1329 1613 1434 1658 quae
1457 1597 1590 1645 nobis
1611 1598 1778 1654 verbis,
1804 1606 1847 1648 ὃς

74 1662 197 1728 Regi
218 1681 296 1727 per
318 1665 469 1711 literas
492 1663 543 1709 lit
566 1663 925 1725 pollicitu5‚non
946 1661 989 1709 se
1012 1661 1151 1707 modo
1164 1659 1281 1723 Regi
1294 1660 1417 1706 diuo
1442 1662 1701 1709 audientem
1722 1663 1846 1713 fore:

74 1727 151 1786 sed
175 1728 416 1783 fastorum,
439 1744 497 1774 ne
516 1727 633 1774 filius
656 1725 950 1788 ejusAraniae
969 1723 1138 1772 Comes
1158 1724 1317 1788 patriae
1336 1725 1609 1773 tumultibus
1632 1728 1674 1774 se
1696 1723 1849 1776 omni-

75 1808 138 1839 no
155 1792 429 1854 implicaret.
477 1816 479 1818 ·
500 1793 615 1838 Item
652 1791 838 1854 ecquid,
877 1805 982 1852 quae
1005 1805 1126 1836 nunc
1163 1801 1400 1853 geruntur,
1433 1789 1526 1836 illis
1549 1791 1852 1854 respondeant

75 1857 316 1919 promiffis.
384 1856 459 1904 Ad
482 1856 635 1904 literas
653 1872 806 1904 autem
827 1854 1137 1915 respondebis,
1169 1870 1251 1900 nos
1291 1853 1487 1916 publicae
1506 1857 1849 1919 tranquillitatis

76 1921 207 1968 causa
220 1920 453 1968 ostendisse
475 1919 686 1974 facimus,
709 1936 761 1965 ac
782 1934 902 1967 nunc
923 1918 1061 1965 etiam
1081 1917 1306 1980 polliceri,
1331 1917 1555 1982 quicquid
1577 1937 1681 1968 cum
1703 1922 1856 1984 pieta.

79 1986 190 2034 tein
213 1987 386 2038 Deum,
410 1999 462 2030 ac
496 1984 782 2032 observantia
802 2000 912 2046 erga
954 1984 1106 2042 Reges
1139 1999 1229 2030 non
1269 1996 1484 2045 pugnet<
1522 2001 1672 2048 neque
1710 1987 1768 2035 de
1783 1988 1847 2034 li·

76 2042 283 2104 bet-tatis,
308 2055 347 2098 δι
371 2048 524 2112 legum
543 2049 773 2096 everfione
790 2064 992 2109 unquam
1014 2047 1245 2110 cogitasse.
1269 2047 1354 2094 -De
1371 2063 1515 2110 regno
1532 2066 1641 2096 vero
1661 2066 1739 2113 per
1756 2052 1853 2105 vim

78 2114 360 2177 acquirendo
383 2114 529 2161 multo
552 2113 719 2160 minus.
788 2113 880 2162 Cui
904 2111 1026 2160 enim
1051 2111 1169 2158 illud
1205 2128 1476 2174 quaererem,
1498 2115 1741 2176 quodrjam-
1759 2117 1855 2165 filia

78 2177 368 2226 haereditario
384 2179 485 2239 jure
505 2178 596 2225 fine
615 2178 919 2225 controversia
944 2188 1095 2223 teneat
1119 2180 1137 2222 ἓ·
1172 2176 1309 2238 Qud
1332 2177 1390 2223 ad
1431 2179 1733 2226 munitionem
1757 2181 1850 2229 Le·

79 2243 173 2290 thae
191 2244 369 2295 attinet,
409 2242 528 2290 illud
553 2243 734 2306 rogabis
760 2259 772 2288 ε
807 2240 964 2289 Nosne
988 2257 1190 2303 unquam
1214 2239 1391 2304 aliquid
1424 2241 1471 2286 in
1495 2260 1551 2289 eo
1587 2260 1755 2306 genere
1785 2257 1854 2304 at.

1 2315 29 2349 Ἀ
81 2306 376 2360 tentavimu5‚
400 2306 663 2369 priusquam
691 2305 763 2353 ill-i
786 2306 940 2353 multis
962 2303 1364 2370 conventionibUS,
1389 2320 1441 2353 ac
1482 2308 1666 2354 demum
1691 2309 1853 2370 conju.-

40 2391 41 2394 ’
79 2372 258 2419 ratione
279 2371 397 2419 inter
415 2371 456 2418 se
473 2370 591 2419 facia
613 2372 762 2433 palam
802 2370 1105 2424 ostenderent,
1129 2369 1373 2430 imperium
1402 2371 1665 2434 legitimum
1686 2373 1727 2420 se
1748 2373 1858 2436 reji-

81 2450 202 2490 cere,
226 2451 280 2481 ac
298 2435 446 2488 nobis,
471 2452 574 2498 quae
596 2435 792 2498 supremi
817 2435 1098 2497 magistratus
1119 2433 1452 2486 auctoritatem.
1489 2441 1529 2481 δι
1551 2437 1703 2484 locum
1728 2447 1859 2486 tene*-

83 2509 205 2553 mus,
230 2498 496 2546 inconsultis
519 2501 678 2546 statum
704 2499 943 2563 publicum
966 2515 1050 2562 pro
1071 2499 1148 2545 suo
1171 2496 1361 2547 arbitrio
1382 2501 1709 2562 perturbassent
1733 2505 1750 2548 ?
1784 2503 1858 2549 su-

82 2563 219 2629 asque
241 2576 389 2627 partes
411 2563 556 2628 captis
576 2564 765 2611 urbibus
788 2562 1118 2612 confirmassent
1141 2565 1159 2610 ἓ
1193 2567 1234 2609 &
1264 2579 1371 2609 cum
1409 2563 1635 2613 veteribus
1657 2566 1858 2615 inimicis

78 2629 143 2675 de
164 2627 337 2676 foedere
358 2628 598 2675 sanciendo
620 2628 873 2674 tractassent
896 2647 906 2674 :
944 2644 997 2676 ac
1018 2643 1138 2674 nunc
1172 2628 1372 2676 maxime
1400 2630 1660 2690 complures
1698 2647 1861 2680 eorum

82 2692 266 2756 Anglos
288 2692 414 2738 domi
431 2693 517 2741 suae
539 2691 770 2740 habeant?
795 2697 855 2746 &,
880 2705 931 2740 ut
952 2692 1041 2739 alia
1062 2692 1291 2747 omittam«
1312 2709 1452 2755 quam
1475 2694 1657 2743 tandem
1676 2696 1858 2744 causam

82 2758 288 2820 ‚proferre
309 2770 541 2818 poterunt,
569 2772 649 2804 cur
666 2756 757 2803 illis
779 2756 914 2805 liceat
937 2756 1188 2806 exercitum
1228 2769 1381 2810 tenere
1401 2758 1677 2824 Edimburgi
1706 2761 1765 2807 ad
1787 2777 1866 2808 re„

83 2836 187 2868 rum
209 2822 419 2884 praesides
448 2820 732 2868 invadendos
757 2825 775 2868 ἓ
808 2819 940 2868 nobis
973 2834 1125 2869 autem
1165 2836 1257 2868 non
1281 2820 1419 2868 liceat
1440 2822 1601 2869 Lethae
1623 2825 1681 2871 ad
1703 2823 1858 2872 salutis

79 2886 245 2945 nostrae
265 2885 525 2948 praesidium
547 2885 725 2949 aliquid
749 2886 987 2950 copiarum
1002 2886 1227 2933 circanos
1245 2884 1413 2932 habere
1436 2889 1454 2932 ?
1492 2886 1618 2937 Illud
1639 2888 1863 2936 nimirum·

19 2951 24 2954 ⁴
81 2951 296 3012 cupiunt,
312 2962 362 2996 ut
382 2948 653 3013 quotidiana
673 2949 926 2997 mutatione
960 2950 1168 2999 locorum
1210 2948 1411 2997 furorem
1432 2966 1592 2997 eorum
1632 2953 1779 3013 (quod
1800 2954 1862 3001 ad

80 3012 209 3060 hunc
231 3016 354 3064 diem
375 3013 590 3074 fecimus)
614 3011 757 3061 vitare
774 3031 1009 3063 conemur.
1076 3014 1248 3076 Ecqua:
1268 3012 1315 3059 in
1340 3030 1497 3060 eorum
1537 3013 1678 3063 literis
1700 3015 1760 3062 de
1778 3033 1860 3080 pa-

77 3076 360 3138 rendojustis
378 3077 714 3142 magistratibus
725 3079 784 3127 est
799 3079 972 3125 mentio
985 3082 1002 3127 ἓ
1015 3079 1221 3140 Ecquam
1237 3076 1295 3126 ad
1304 3077 1597 3125 concordiam
1612 3078 1860 3128 instauran-

76 3141 192 3204 dam
205 3142 326 3204 viam
345 3138 580 3203 pandunt?
605 3144 765 3205 Ecquo
775 3142 958 3203 judicio
975 3143 1237 3195 monstrant,
1262 3140 1304 3186 se
1327 3141 1408 3186 hos
1429 3155 1580 3188 motus
1596 3144 1712 3191 velle
1729 3145 1861 3192 seda·

85 3217 176 3257 tos,
201 3210 242 3251 &
261 3205 559 3266 inpristinum
577 3206 737 3252 statum
749 3206 905 3253 omnia
915 3208 1033 3258 velle
1045 3205 1232 3253 reducta
1250 3206 1268 3249 ?
1287 3204 1495 3266 operiant
1508 3205 1587 3252 ista
1597 3207 1764 3269 quibus
1783 3226 1864 3258 ve.

80 3262 175 3322 lint
191 3268 492 3314 emolumenti
513 3269 689 3329 publici
724 3269 1144 3331 coloribus,.palam
1169 3279 1321 3317 tamen
1343 3269 1405 3314 est
1421 3270 1547 3316 nulla
1565 3271 1625 3318 de
1642 3288 1692 3318 re
1710 3273 1860 3321 minus

80 3347 163 3379 >eos
183 3330 399 3394 cogitare.
421 3332 543 3388 Nam
558 3330 589 3377 fi
604 3332 660 3391 ‚iu
675 3348 815 3394 unum
830 3333 1123 3383 concordiam
1144 3343 1412 3387 moraretur,
1431 3333 1739 3396 saepenumero
1755 3354 1862 3404 quae

81 3397 292 3456 duceret,
307 3395 361 3442 eo
383 3395 503 3457 viam
521 3396 814 3454 ostendimus.
846 3395 1048 3459 Nec-ipsi
1070 3396 1301 3459 ignorant,
1325 3396 1493 3443 Gallos
1514 3398 1618 3446 istos
1639 3408 1862 3451 mandatu

81 3459 153 3522 45ᾳί
170 3457 629 3525 Regis3,jamd,udum,
654 3461 735 3517 nisi
755 3459 844 3508 suis
882 3460 965 3524 ipfi
985 3460 1118 3507 faffis
1156 3461 1205 3508 in
1226 3475 1356 3508 mora
1379 3460 1575 3520 fuiss‘ent,
1599 3477 1726 3516 extra
1745 3469 1860 3517 Sco-

104 3567 529 3647 ⁷1(1)''sup²plt·³e'nfp'er
543 3558 799 3642 'einp‘finfivia
830 3576 899 3634 nb.
923 3601 986 3631 η.
1005 3601 1085 3641 cap.
1104 3559 1167 3643 31„

1751 3678 1858 3719 uam
