2158 3874
440 157 802 231 „LIBER
894 155 1442 221 SECUNDUS.
1771 140 1884 242 '39

101 257 259 305 ‘tendit
279 258 326 304 T
331 258 509 320 rojanos
541 258 599 303 ab
635 254 807 302 ultimis
831 253 969 316 usque
1003 254 1268 315 primordiis
1308 270 1475 318 genere
1509 252 1701 300 Graecos
1739 254 1884 301 fuifl'e.

110 323 236 371 Illud
256 340 362 369 vero
384 334 622 385 praetereO,
640 320 766 382 quod
786 336 892 364 eum
910 319 959 364 in
983 318 1200 380 Angliam
1220 319 1458 381 appulisset
1476 334 1582 363 cum
1600 334 1691 363 non
1714 335 1885 382 magno

109 387 350 442 comitatu,
375 400 610 449 quomono
641 385 762 430 intra
782 382 952 445 viginti
976 398 1197 428 annorum
1229 383 1423 445 spatium
1447 382 1534 428 tria
1555 398 1696 444 regna
1725 383 1886 428 condi-

111 452 250 505 derit,
364 453 444 513 qui
485 450 677 495 univerfi
713 448 762 493 in
785 448 936 511 primo
956 448 1159 492 adventu
1182 448 1260 493 vix
1297 447 1429 493 unius
1463 446 1659 492 modicae
1690 446 1886 492 coloniae

111 532 354 561 numerum
391 514 575 576 explere
611 524 837 575 poterant,
874 525 967 558 tam
1002 510 1128 555 brevi
1163 511 1355 557 insilam
1378 511 1501 558 orbis
1525 509 1770 556 maximam
1793 527 1888 557 non

109 580 220 642 pagi
267 579 404 625 modo
428 584 469 625 82
493 577 705 632 urbibus,
724 578 795 623 sed
815 575 960 622 tribus
982 572 1134 636 regnis
1158 575 1435 637 ampliffimis
1453 568 1723 637 occ‘uparint
1745 593 1756 620 :
1782 575 1889 636 qui-

108 661 201 706 que
220 646 357 706 pau'lo
380 645 476 705 post
494 643 755 689 abundante
779 640 1093 692 multitudine,
1116 656 1198 684 nec
1222 638 1454 686 Britannia
1479 644 1549 702 (ut
1563 638 1763 698 videtur)
1785 656 1887 686 eam

111 707 321 768 capiente
345 707 646 754 Germaniam
682 704 915 768 regionem·
945 715 1048 749 ,tam
1074 706 1162 748 late
1198 703 1339 750 fusam
1372 704 1592 767 ceperint,
1625 703 1890 766 incolasque

110 772 256 818 vistos
279 772 326 817 in
348 772 475 818 suum
498 788 590 817 non
613 769 946 823 Britannicum,
971 768 1045 814 sed
1069 767 1287 813 Latinum
1322 786 1489 814 nomen
1515 769 1698 814 transire
1720 784 1887 832 coege-

111 836 205 883 rint
237 856 248 882 :
286 849 422 897 atque
464 835 521 881 ab
557 833 849 898 undeviginti
883 833 976 879 illis
1016 831 1249 887 fratribus,
1274 832 1353 895 qui
1395 835 1464 895 (1)
1508 849 1563 878 ne
1587 833 1670 895 ipfi
1692 833 1886 896 quidem

115 900 339 946 Germani
366 912 496 946 erant
532 902 659 961 (nam
697 898 882 961 singulis
917 897 1011 943 fere
1042 896 1230 959 singulae
1263 911 1426 944 matres
1455 898 1601 955 erant)
1640 896 1889 944 Germani-

112 981 198 1010 amv
226 964 332 1011 dici.
403 966 509 1011 Hoc
541 980 622 1010 nos
656 975 970 1011 commentum
1005 973 1099 1007 tam
1137 978 1193 1007 ex
1216 961 1343 1007 omni
1382 974 1506 1023 parte
1525 961 1766 1007 absurdum
1791 978 1887 1008 non

112 1029 388 1075 adduximus
411 1029 458 1075 in
476 1028 700 1083 medium,
723 1038 771 1074 ut
791 1025 1245 1081 confutaremus,sed
1269 1037 1318 1072 ut
1336 1025 1581 1073 Germanis
1601 1025 1890 1078 irridendum

115 1110 494 1156 proponeremus.

181 1160 241 1204 X.
267 1160 397 1205 ⁴Haec
434 1160 482 1205 in
522 1157 779 1204 universum
818 1157 875 1204 de
910 1156 1183 1204 commentis
1201 1157 1467 1204 Brittonum
1488 1156 1611 1203 dieta
1630 1156 1736 1209 sint«
1755 1157 1882 1202 Con-

117 1220 264 1268 filium
284 1236 440 1269 ‘autem
456 1223 737 1286 ,fingentium
760 1238 849 1268 non
866 1223 994 1269 adeo
1019 1221 1133 1268 mihi
1172 1221 1411 1268 obscurum
1450 1221 1648 1267 videtur.
1718 1221 1805 1267 Illa
1840 1238 1890 1267 e-

116 1285 214 1333 nim
237 1288 294 1333 de
317 1287 594 1334 Daemon‘um
620 1302 724 1332 cum
749 1286 912 1349 puellis
936 1287 1187 1333 concubitu
1205 1287 1448 1333 monstrosa
1465 1286 1620 1332 fabula
1639 1285 1752 1331 illuc
1775 1284 1893 1332 mihi

115 1350 344 1414 pertinere
377 1352 573 1408 videtur,
617 1365 667 1399 ut
701 1354 892 1399 Brutum
926 1351 1054 1398 suum
1092 1367 1199 1397 cum
1236 1352 1412 1398 duabus
1451 1349 1705 1396 vicinarum
1739 1349 1891 1413 genti·

118 1432 198 1462 um
221 1416 431 1463 maximis
452 1418 527 1464 vel
550 1416 1075 1480 cognatione‘jungeret,
1111 1418 1183 1462 vel
1220 1416 1278 1462 de
1300 1415 1539 1462 nobilitate
1573 1431 1679 1461 cum
1711 1415 1776 1461 eis
1811 1415 1892 1462 de-

117 1493 325 1528 certaret.
395 1482 525 1528 Galli
546 1483 668 1528 enim
695 1481 887 1534 Caesare,
910 1487 958 1529 δε
994 1481 1220 1527 Germani
1242 1479 1697 1527 Tacitoauthoribus
1732 1497 1758 1526 a
1779 1479 1894 1526 Dite

117 1559 247 1607 patre
269 1546 310 1592 se
332 1546 549 1593 oriundos
573 1546 796 1593 ferebant.
866 1545 1035 1592 Similis
1058 1563 1243 1608 quoque
1262 1547 1443 1592 videtur
1459 1545 1585 1591 fuiss'e
1608 1544 1738 1590 causa
1758 1544 1893 1591 fabu-

117 1610 176 1657 lae
199 1610 255 1657 de
279 1612 419 1657 Bruto
446 1611 694 1674 fingendae.
759 1612 886 1657 Nam
908 1626 1012 1657 cum
1035 1611 1083 1656 in
1106 1611 1247 1672 Epiro
1285 1609 1530 1664 Buthrotii,
1554 1609 1601 1655 in
1631 1608 1787 1655 Sicilia
1807 1610 1893 1656 ali-

119 1686 236 1737 quot
250 1674 431 1738 populi,
456 1675 504 1722 in
527 1675 661 1722 Italia
683 1674 900 1729 Romani,
923 1675 1169 1736 Campani,
1192 1674 1524 1727 Sulmonenses,
1547 1673 1598 1720 in
1621 1673 1780 1719 Gallia
1801 1675 1892 1719 Ar·-

121 1739 268 1795 verni,
295 1739 471 1793 Hedui,
513 1739 731 1802 Sequani,
757 1744 806 1788 ὃς
837 1739 1053 1802 posterius
1077 1738 1239 1785 Franci
1269 1739 1577 1799 Trojanorum
1610 1737 1757 1784 nescio
1776 1754 1893 1800 quos

120 1803 381 1850 conditores
404 1805 659 1859 laudarent,
694 1802 1056 1851 Britannicarum
1079 1819 1228 1849 rerum
1269 1803 1502 1864 scriptores
1525 1804 1581 1849 ad
1619 1802 1708 1847 suae
1741 1803 1893 1866 gentis

119 1868 413 1914 nobilitatem
447 1869 755 1915 exornandam
783 1885 872 1914 non
908 1885 1070 1930 parum
1109 1868 1191 1913 fibi
1223 1867 1435 1914 collaturi
1454 1867 1746 1921 videbantur,
1768 1867 1800 1913 fi
1836 1884 1895 1914 ex

121 1932 406 1994 antiquitatis
425 1933 596 1979 arcanis
616 1933 710 1992 ejus
737 1945 942 1994 peterent
962 1932 1215 1994 primordia
1236 1951 1246 1979 :
1278 1932 1419 1993 idque
1439 1931 1716 1995 potiffimum
1733 1932 1894 1978 aTro-

115 1996 255 2056 janiS,
277 1998 350 2042 vel
373 1997 433 2043 ob
457 1997 580 2043 urbis
601 1997 852 2043 claritatem
871 1998 1080 2043 omnium
1103 1996 1309 2059 gentium
1324 1997 1475 2043 ¹literis
1495 1997 1788 2050 celebratam,
1819 1997 1895 2043 vel

117 2060 182 2106 ob
204 2061 657 2123 cognationemcum
678 2074 744 2108 tot
767 2061 1046 2117 nationibus,
1071 2078 1174 2123 quae
1198 2078 1253 2107 ex
1276 2062 1438 2108 eodem
1462 2062 1542 2107 illo
1563 2062 1690 2107 velut
1712 2061 1897 2108 naufra-

123 2123 203 2186 gio
223 2124 432 2187 prbdiisse
451 2126 726 2173 dicerentur.
750 2128 918 2190 Neque
938 2143 1154 2190 arrogans
1176 2125 1226 2172 id
1241 2127 1530 2174 mendacium
1550 2126 1697 2172 visum
1717 2125 1776 2171 iri
1794 2126 1895 2172 exi-

116 2189 377 2243 stimabant,
403 2191 433 2236 fi
465 2191 588 2238 illius
610 2208 715 2238 cum
738 2204 806 2238 tot
828 2191 1042 2255 gentibus
1065 2193 1416 2238 communicatae
1439 2190 1691 2238 nobilitatis
1724 2191 1810 2253 ipfi
1843 2190 1894 2238 in

116 2267 251 2317 parte
282 2254 436 2318 aliqua
468 2257 707 2303 haererent.
777 2257 904 2303 Hinc
942 2256 1107 2319 opinor
1144 2255 1262 2303 illud
1296 2258 1354 2303 de
1393 2259 1531 2303 Bruto
1560 2268 1894 2310 commentum,

118 2320 305 2382 aliaque
330 2320 588 2383 antiquiora
611 2338 701 2368 non
725 2323 875 2367 minus
899 2321 1030 2368 stulte
1052 2335 1251 2383 recepta,
1276 2339 1415 2384 quarn
1437 2321 1733 2383 impudenter
1753 2321 1856 2367 fista
1879 2340 1894 2368 :

120 2400 315 2446 quarum
339 2387 547 2432 omnium
568 2403 717 2432 rerum
743 2399 792 2432 ut
813 2386 987 2432 vanitas
1011 2399 1291 2449 argueretur,
1321 2386 1422 2432 satis
1446 2386 1622 2432 fortaffe
1643 2385 1794 2432 fuiffet
1813 2386 1897 2433 ad-

117 2465 310 2497 monere
330 2450 511 2497 vetustis
533 2450 824 2513 scriptoribus
846 2451 1007 2515 ignota
1027 2451 1172 2507 fuisse,
1197 2451 1340 2498 literis
1363 2450 1632 2498 florentibus
1661 2451 1708 2497 in
1742 2451 1898 2498 lucem

114 2514 308 2576 prodire
343 2531 434 2561 non
456 2515 575 2569 ausa,
595 2515 928 2566 ,emorientibus
960 2517 1149 2562 demum
1188 2529 1309 2571 nata,
1334 2517 1391 2562 ab
1424 2515 1736 2563 adulatoribus
1760 2515 1896 2563 indo-

116 2577 206 2624 fiis
230 2579 428 2640 prodita,
455 2580 512 2644 ab
534 2580 798 2627 hominibus
818 2581 978 2635 craffis,
1005 2587 1044 2627 &
1067 2580 1264 2628 nimium
1284 2581 1497 2635 credulis,
1518 2581 1602 2643 qui
1623 2581 1899 2644 fingentium

115 2642 331 2689 fraudem
372 2661 464 2691 non
487 2645 799 2709 intelligerent
830 2658 1028 2709 recepta.
1099 2647 1401 2708 Impostorum
1436 2646 1560 2693 enim
1597 2645 1783 2692 istorum
1817 2645 1900 2708 qui

115 2724 218 2754 nnon
242 2725 298 2754 ex
321 2707 515 2756 historiae
540 2710 726 2757 veritate
749 2727 1042 2758 communem
1062 2711 1325 2765 utilitatem,
1345 2710 1421 2758 sed
1442 2727 1500 2757 ex
1520 2710 1783 2757 adulatione
1804 2710 1898 2773 pri-

123 2786 298 2833 vatumv
320 2773 519 2836 aliquem
553 2776 753 2822 fructum
787 2789 952 2839 petunt
983 2775 1298 2836 hujuscemodi
1327 2777 1387 2822 est
1423 2775 1683 2839 ingenium,
1709 2788 1759 2822 ut
1791 2792 1900 2822 cum
1929 2808 1932 2817 ι

117 2837 510 2886 :vehementiffime
531 2840 752 2887 videntur
773 2842 973 2895 laudare,
999 2855 1097 2887 tum
1119 2839 1319 2887 maxime
1339 2840 1575 2887 irrideant.
1620 2839 1750 2902 Qid
1770 2839 1902 2887 enim

126 2902 251 2951 aliud
264 2902 343 2949 ‘isti
366 2903 556 2960 faciunt,
589 2904 670 2968 qui
694 2922 891 2969 quorum
914 2923 1073 2952 ornare
1090 2906 1137 2952 se
1160 2906 1371 2952 simulant
1394 2905 1700 2958 nobilitatem,
1724 2922 1825 2952 eam
1848 2917 1902 2951 ut

115 2966 290 3013 clarius
314 2968 606 3029 splendescat,
628 2970 685 3016 de
708 2970 846 3020 totius
868 2984 1041 3017 naturae
1063 2970 1323 3017 colluvione
1345 2983 1509 3033 petunt
1529 2973 1546 3015 ?
1581 2975 1621 3016 δε
1644 2986 1697 3015 ea
1719 2970 1901 3032 generis

120 3030 332 3077 claritate
363 3032 572 3081 homines
595 3034 772 3082 creduli
791 3035 959 3090 dicam,
996 3052 1052 3081 an
1087 3034 1235 3082 stolidi
1267 3036 1351 3083 fibi
1384 3035 1587 3098 placent,
1621 3049 1760 3095 quam
1784 3033 1902 3081 nulli

125 3094 427 3142 finitimorum
451 3098 514 3144 eis
536 3099 761 3147 invident.

195 3161 277 3206 XI.
312 3161 406 3224 Qi
432 3163 669 3211 Scotorum
689 3182 756 3210 res
779 3164 1260 3227 literisprodiderunt,
1284 3163 1605 3219 honestiorem,
1631 3175 1682 3210 ut
1702 3162 1814 3225 ipsis,
1832 3162 1901 3210 viss

121 3224 240 3278 sum,
261 3225 491 3289 ‚originem
515 3228 757 3275 ediderunt
782 3249 792 3276 z
829 3229 904 3275 sed
926 3229 1075 3275 nihilo
1097 3229 1353 3276 Brittonum
1377 3228 1619 3275 nobilitate
1654 3228 1802 3274 minus
1834 3227 1904 3274 fa-

125 3289 349 3341 bulosam.
419 3292 527 3338 Non
543 3292 671 3338 ‚enim
691 3294 715 3340 ἐ
737 3293 1047 3354 Trojanorum
1071 3294 1280 3358 profugis
1299 3292 1509 3355 vreliquiis
1550 3311 1561 3339 :
1601 3293 1676 3340 sed
1700 3293 1724 3338 ὲ
1748 3291 1903 3339 Graiis

125 3351 220 3398 illis
243 3354 472 3410 heroibus,
490 3373 686 3419 quorum
704 3357 869 3420 posteri
883 3357 1074 3404 Troiam
1095 3371 1370 3412 everterunt,
1392 3357 1584 3418 majores
1608 3357 1740 3403 nobis
1760 3357 1904 3420 adop-

129 3429 298 3466 tarunt.
366 3420 490 3468 Nam
514 3438 618 3469 cum
649 3422 915 3470 Graecorum
949 3421 1106 3485 priscis
1134 3423 1227 3471 illis
1249 3421 1534 3485 temporibus
1573 3423 1666 3470 duo
1707 3422 1905 3469 maxime

177 3552 246 3616 (ΔΙ)
276 3566 388 3619 They
405 3582 503 3608 were
522 3578 587 3610 not
606 3571 677 3609 full
698 3570 885 3611 brethren.

1743 3701 1914 3749 genera
