2068 3868
368 121 702 190 Lmen
785 118 1539 186 DUoDECIMUS.
1717 137 1840 204 34¹>

0 251 5 274 r
70 237 296 279 novarum.
320 235 471 269 rerum
501 215 764 269 studiosum,
789 218 838 265 &
860 214 1016 262 omnia
1034 215 1124 261 alia
1146 214 1291 278 magis
1313 213 1454 276 quam
1477 210 1714 275 praesentia
1736 215 1851 261 sem-

4 295 5 298 ’
31 296 33 298 ’
73 281 157 358 per
178 289 367 351 cupiens
390 281 525 331 facile
544 279 602 326 ad
624 292 772 342 partes
792 280 1081 326 accessurum.
1119 281 1283 341 Itaque
1305 295 1386 340 per
1407 276 1615 323 homines
1637 277 1850 333 callidos,

73 356 158 419 qui
180 351 378 402 studium
404 345 711 397 Bodianarum
734 340 934 406 partium
958 360 1053 406 prae
1076 343 1119 391 se
1143 343 1331 397 ferrent,
1354 342 1497 406 Regis
1515 341 1722 388 animum
1745 359 1849 404 per·

76 431 253 472 tentare
270 415 524 462 instituunt.
1332 428 1335 437 =

143 480 346 531 XXVII.
377 479 557 524 Interea
576 470 719 535 legati
735 470 783 518 in
802 469 1002 517 Daniam
1020 470 1211 526 decreti,
1232 484 1282 519 ut
1299 469 1602 534 Margaritam
1620 468 1744 516 Dani
1760 470 1856 516 Re-

78 547 152 612 gis
182 545 323 593 filiam
344 541 512 588 Iacobo
545 548 754 601 peterent
787 551 974 581 uxorem
1008 553 1019 581 :
1057 536 1199 597 utque
1222 536 1548 599 prospicerent,
1581 534 1737 597 quoad
1759 534 1861 584 fieri

78 611 240 676 posset,
263 617 313 654 ut
333 618 463 653 vetus
485 600 790 650 controversia
806 601 875 660 (1)
908 600 965 646 de
977 600 1253 655 Orcadibus‚
1269 605 1318 650 ὃς
1334 598 1667 648 Schetlandicis
1681 598 1858 655 insulis,

79 673 260 738 magnis
284 668 514 732 utriusque
546 665 697 730 gentis
728 659 936 711 cladibus
959 664 1160 710 exercita
1194 665 1443 712 tolleretur.
1512 663 1729 726 Princeps
1761 663 1861 724 ejus

80 735 326 804 legationis
356 733 444 781 fuit
477 733 548 793 (2)
578 730 788 777 Andreas
823 729 1028 775 Stuartus
1059 729 1242 775 Valteri
1265 729 1400 784 filius,
1435 728 1656 791 idemque
1690 727 1862 776 Scotiae

83 794 416 852 cancellarius.
452 797 526 844 De
545 795 718 857 nuptiis
737 791 871 840 facile
889 809 995 839 cum
1013 792 1151 839 Dano
1169 793 1438 841 transactum
1454 793 1582 840 omni
1598 794 1719 854 jure,
1734 793 1864 854 quod

80 868 134 916 in
157 881 316 913 omnes
338 864 460 910 circa
478 860 680 907 Scotiam
702 858 868 905 insulas
892 856 1085 916 majores
1107 858 1146 919 ej
1156 875 1204 904 us
1227 857 1310 904 fibi
1329 869 1615 922 arrogarant‚
1636 857 1757 904 dotis
1780 873 1864 904 no—

83 932 211 982 mine
234 929 411 977 remiss'o
436 946 446 974 :
474 937 650 972 tantum
676 935 725 970 ut
747 921 934 985 privatis
957 937 1172 985 agrorum
1192 922 1504 985 possessoribus
1527 934 1780 977 caveretur,
1816 933 1869 968 ut

86 1013 239 1061 agros,
261 1011 377 1058 quos
396 990 466 1038 ibi
486 990 727 1043 haberent,
753 987 819 1034 uti
840 999 944 1033 ante
961 987 1262 1049 possederant,
1283 987 1349 1033 ita
1369 998 1590 1033 tenerent.
1653 987 1768 1033 Sunt
1785 985 1870 1049 qui

76 1059 275 1126 ,pignori
291 1063 306 1120 (
315 1060 360 1121 3)
383 1056 632 1119 oppositos,
648 1055 796 1100 donec
814 1053 896 1097 dos
914 1051 1177 1105 solveretur,
1192 1049 1416 1097 scribant:
1436 1051 1510 1098 sed
1528 1052 1681 1112 postea
1697 1051 1871 1097 Iacobo

88 1125 254 1189 nepoti
274 1140 331 1170 ex
349 1121 443 1169 filia
460 1135 615 1166 recens
638 1130 746 1166 nato
765 1117 952 1162 Danum
976 1132 1113 1162 omne
1125 1115 1200 1175 jus
1222 1115 1350 1162 suum
1368 1115 1416 1161 in
1438 1129 1712 1178 perpetuum
1731 1114 1871 1162 cessis-

91 1189 154 1238 se.
222 1189 344 1239 Cum
368 1186 395 1232 a
418 1182 708 1232 Cancellario
743 1182 845 1228 Rex
873 1179 1039 1227 certior
1067 1181 1173 1226 esset
1195 1178 1357 1234 faetus,
1389 1178 1545 1225 omnia
1573 1196 1628 1225 ex
1651 1180 1873 1226 sententia

90 1255 179 1302 effe
200 1252 424 1306 confeEta,
456 1247 668 1311 proxima
688 1245 855 1293 incidit
882 1243 1159 1291 deliberatio
1187 1243 1243 1289 de
1265 1244 1451 1290 honesto
1478 1243 1708 1290 nobilium
1728 1243 1875 1306 globo

91 1314 153 1367 ad
172 1312 338 1369 novam
358 1315 587 1378 Reginam
608 1309 926 1361 deducendam
949 1308 1181 1357 mittendo
1205 1326 1216 1354 :
1235 1307 1302 1354 ibi
1318 1307 1477 1354 fraude
1498 1307 1812 1361 inimicorum,
1833 1313 1875 1355 &t

92 1382 253 1432 amicis
271 1396 432 1445 parum
447 1374 827 1441 prospicientibus
842 1374 1052 1421 Thomas
1067 1372 1237 1422 Bodius
1245 1371 1441 1420 Roberti
1452 1373 1570 1419 filius
1584 1372 1769 1418 Araniae
1782 1373 1877 1419 Co-

97 1464 213 1503 mes»,
237 1446 422 1493 laudata
441 1444 574 1506 supra
591 1440 789 1488 modum
803 1438 941 1485 etiam
963 1438 1020 1485 ab
1041 1437 1231 1491 invidis,
1255 1441 1304 1486 δε
1328 1436 1478 1484 minus
1502 1437 1645 1499 aequis
1667 1437 1764 1499 ejus
1787 1436 1880 1484 vir-

96 1523 214 1566 tute,
239 1516 280 1558 &
302 1509 560 1574 splendore,
583 1504 837 1568 opibusque
858 1504 915 1549 ad
944 1502 1138 1567 quanvis
1167 1501 1556 1566 magnificentiam
1598 1501 1880 1565 suppetenti-

97 1575 184 1626 bus
208 1576 387 1639 legatus
409 1571 643 1634 deligitur.
690 1569 773 1615 llle
795 1567 924 1615 domi
943 1567 1100 1615 omnia
1115 1578 1244 1629 patre
1261 1569 1458 1629 Prorege
1478 1579 1579 1614 tuta
1594 1578 1716 1612 ratus
1733 1566 1882 1615 libens

101 1638 433 1706 profeffionem
454 1635 662 1698 suscepit,
683 1650 734 1680 ac
745 1633 841 1695 jam
859 1632 1047 1679 ineunte
1069 1646 1292 1679 autumno
1310 1647 1416 1678 cum
1437 1631 1751 1687 familiarium,
1766 1637 1809 1680 &
1832 1648 1906 1679 a·-

104 1704 329 1754 micorum
353 1702 576 1750 comitatu
595 1696 859 1745 conscendit
878 1712 1030 1744 naves.

171 1768 400 1815 XXVIII.
433 1762 648 1817 Kennedi
665 1763 839 1809 interea
854 1761 1128 1809 labefaetato
1144 1760 1287 1824 Regis
1307 1761 1481 1816 anime,
1500 1765 1541 1808 δι
1558 1760 1761 1815 vincula,
1777 1761 1885 1825 qui-

108 1834 194 1882 bus
214 1831 348 1879 Bodii
367 1829 466 1891 ejus
486 1830 774 1876 voluntatem
797 1826 839 1873 se
860 1837 1113 1873 retenturos
1136 1826 1402 1881 credebant,
1418 1842 1584 1889 nempe
1605 1826 1886 1889 voluptates,

109 1900 164 1947 δε
187 1896 353 1948 εἰειιτίε
375 1893 574 1958 publicis
608 1891 762 1939 ocium
795 1890 1017 1942 trahendo
1038 1891 1087 1937 in
1110 1890 1307 1944 crimen„
1335 1893 1588 1954 corumque
1621 1907 1749 1953 opes,
1781 1908 1888 1955 quae

107 1961 206 2023 jam.
230 1971 360 2007 erant
388 1958 618 2012 maximae,
650 1957 777 2002 velut
806 1955 927 2017 Regi
950 1954 1266 2002 formidolosas
1287 1955 1334 2001 in
1359 1957 1505 2018 majus
1529 1956 1814 2012 extollendo,
1834 1973 1889 2003 ac

109 2024 300 2074 nomine
328 2023 564 2087 peculatus
593 2020 801 2083 praedam
820 2036 876 2066 ex
898 2035 1055 2067 eorum
1078 2019 1212 2066 ruina
1231 2020 1510 2068 ostendendo
1532 2020 1738 2068 animum
1759 2019 1890 2068 infir-

117 2105 265 2143 mum,
301 2093 349 2138 ὃς
371 2086 712 2151 suspitionibus,
743 2097 880 2147 atque
914 2085 1118 2131 avaritiae
1146 2097 1459 2147 opportunum
1482 2085 1607 2132 varie
1637 2083 1892 2134 versabant.
1931 2124 1933 2127 .

116 2154 255 2203 Bodii
271 2169 381 2201 vero
402 2152 481 2200 etsi
503 2149 740 2214 obsequio,
761 2154 802 2196 &
820 2149 1047 2197 'malorum
1064 2149 1357 2213 publicorum
1379 2149 1728 2198 diflimulatione
1746 2150 1774 2196 a
1791 2167 1894 2198 mo·

115 2219 233 2267 lestis
256 2216 615 2282 cogitationibus
638 2218 818 2277 Regem
841 2225 1043 2262 avertere
1064 2226 1362 2270 conarentur,
1372 2226 1531 2262 tamen
1556 2219 1604 2264 &
1626 2215 1758 2280 vulgi
1778 2232 1896 2279 que..

115 2282 351 2339 rimoniae,
365 2288 406 2331 δε
424 2282 540 2331 aulae
563 2280 779 2333 solit,ud0‚
802 2292 1005 2342 utraeque
1026 2279 1085 2327 ab
1106 2278 1305 2326 inimicis
1327 2282 1470 2326 auetae
1487 2281 1547 2327 de
1566 2278 1801 2335 industria,
1826 2292 1895 2328 te-

118 2349 168 2413 gi
191 2365 283 2395 non
305 2358 544 2411 poterant:
567 2361 650 2393 nec
671 2345 878 2398 deerant,
902 2345 982 2406 qui
1004 2346 1182 2407 Regem
1204 2343 1455 2395 solitarium
1477 2344 1598 2392 nacti
1618 2344 1677 2391 de
1693 2344 1896 2407 publicis

119 2411 483 2466 calamitatibus,
498 2417 538 2458 &
555 2425 714 2458 eorum
736 2409 950 2455 remediis
967 2408 1155 2456 liberius
1174 2408 1474 2456 admonerent
1493 2427 1504 2456 ε
1527 2415 1567 2456 &
1586 2410 1687 2456 Rex
1703 2409 1796 2472 ipse
1817 2427 1898 2457 ve.

120 2477 192 2525 lut
212 2478 271 2524 ad
293 2492 422 2528 curas
440 2475 594 2522 viriles
617 2476 862 2536 afl'urgens,
882 2489 986 2537 quae
1004 2474 1146 2537 vulgo
1168 2473 1343 2528 fierent,
1363 2489 1696 2536 nonnunquam
1716 2475 1900 2539 ingrata

125 2541 210 2591 fibi
231 2544 315 2588 effe
337 2541 627 2588 monstrabat.
694 2539 799 2587 Nec
816 2537 969 2592 Rodii,
988 2554 1255 2601 quanquam
1271 2554 1378 2585 eum
1400 2538 1483 2585 fibi
1503 2539 1725 2601 paulatim
1748 2539 1901 2588 minus

111 2604 536 2669 obtemperantem,
557 2609 607 2654 ὃς
627 2602 799 2666 pariter
821 2601 1045 2649 invidiam
1067 2603 1339 2666 popularem
1360 2603 1607 2652 increscere
1628 2603 1900 2660 sentiebant,

123 2671 373 2735 quicquam
397 2683 551 2717 tamen
573 2667 599 2714 ὲ
621 2668 850 2728 superiore
878 2667 1066 2715 licentia
1087 2667 1389 2725 omittebant²
1404 2669 1557 2715 confifi
1585 2674 1626 2717 δι
1648 2669 1833 2732 pristina
1853 2685 1903 2716 e-

118 2732 195 2798 jus
229 2734 468 2791 facilitate,
493 2738 545 2786 &
576 2733 712 2781 venia
731 2731 1067 2796 praeteritorum
1095 2744 1313 2796 accaepta.
1378 2732 1532 2798 ,Igitur
1550 2734 1734 2783 adversa
1764 2733 1905 2782 factio

188 2863 256 2916 (1)
284 2864 371 2909 The
395 2864 559 2907 occasion
589 2863 634 2902 of
659 2862 736 2902 this
766 2863 997 2913 controversy
1106 2863 1169 2915 (3)
1190 2863 1329 2902 Others
1346 2866 1428 2902 read
1447 2863 1640 2915 oppositas,
1652 2862 1733 2901 tho'
1746 2863 1777 2901 it
1794 2862 1825 2900 is
1842 2876 1907 2902 ea·

132 2929 209 2956 was
238 2919 304 2956 the
333 2919 514 2955 ambition
540 2918 585 2954 of
608 2918 756 2954 Donald
775 2917 891 2963 Bane,
912 2917 998 2955 who
1052 2915 1089 2966 sy
1106 2925 1145 2954 to
1169 2919 1399 2965 understand,
1417 2918 1500 2955 that
1526 2917 1590 2955 the
1609 2917 1713 2954 lands
1738 2917 1908 2966 polsessed

135 2985 227 3019 gave
247 2972 312 3011 the
330 2973 419 3010 west
445 2973 515 3009 and
544 2970 658 3008 north
676 2970 756 3012 isses
777 2979 816 3007 to
835 2971 998 3019 Magnus
1054 2970 1101 3019 by
1117 2970 1258 3020 private
1275 2984 1378 3017 men,
1398 2974 1467 3008 and
1484 2970 1551 3007 the
1579 2970 1658 3006 isses
1687 2969 1910 3012 themselves

137 3025 237 3072 king
247 3025 292 3061 of
299 3026 522 3074 Norway,to
538 3024 633 3060 affist
644 3023 728 3061 him
740 3031 779 3061 to
791 3023 856 3060 the
874 3036 999 3062 crown
1051 3036 1152 3061 were
1172 3024 1237 3061 but
1254 3037 1325 3061 one
1341 3026 1411 3061 and
1429 3024 1495 3060 the
1512 3023 1610 3060 same
1627 3022 1750 3070 thing.
1780 3023 1909 3061 There

137 3077 186 3113 of
218 3078 405 3122 Scotland,
433 3077 529 3114 after
556 3076 622 3126 the
643 3076 755 3118 death
771 3077 816 3114 of
836 3075 896 3115 his
916 3078 999 3116 bro·
1056 3076 1100 3113 be
1112 3078 1253 3113 certain
1266 3077 1370 3113 lands
1381 3077 1421 3113 in
1435 3076 1592 3124 Orkney
1605 3077 1676 3112 and
1690 3076 1910 3124 Schetland,

138 3129 229 3167 ther-
257 3130 663 3174 MalcolmCanmore,
682 3129 750 3166 lib.
770 3142 808 3178 7.
829 3143 908 3179 cap.
931 3143 998 3181 ²3·
1055 3130 1173 3166 called
1192 3130 1305 3166 Udall
1324 3130 1444 3175 lands,
1461 3128 1590 3166 which
1619 3129 1754 3179 belong
1771 3138 1810 3167 to
1827 3143 1913 3180 para

146 3183 267 3230 King
275 3178 490 3218 Alexander
506 3182 579 3218 111.
611 3184 804 3219 recovered
828 3183 894 3220 the
930 3183 1004 3220 said
1055 3182 1192 3219 ticular
1206 3194 1293 3219 men
1307 3182 1346 3218 in
1359 3183 1536 3231 Norway,
1550 3183 1618 3218 and
1631 3190 1670 3219 to
1682 3182 1825 3229 whom,
1838 3183 1915 3235 says

17 3274 23 3282 ,
57 3254 72 3285 '.
143 3235 227 3272 isses
246 3235 341 3275 after
357 3233 422 3276 the
437 3234 554 3275 battle
572 3234 616 3270 of
629 3235 754 3281 LargS,
774 3235 842 3276 lib.
865 3248 903 3284 7.
923 3249 1003 3285 cap.
1059 3235 1140 3272 ΜΓ.
1165 3234 1371 3281 Crawford,
1394 3234 1459 3272 the
1487 3235 1719 3281 inhabitants
1746 3237 1820 3274 still
1845 3251 1916 3288 pay

142 3287 214 3327 Ἐκ.
248 3288 314 3325 but
332 3286 491 3335 Orkney
520 3288 592 3323 and
622 3286 823 3323 Schetland
841 3287 938 3324 seem
966 3298 1007 3325 to
1060 3288 1182 3336 yearly
1210 3296 1306 3333 rent,
1334 3290 1405 3326 and
1422 3288 1608 3326 therefore
1625 3302 1682 3326 we
1700 3290 1796 3327 must
1827 3292 1915 3329 read

147 3341 244 3377 have
264 3342 363 3377 stood
392 3340 434 3377 in
465 3338 698 3389 controversy
723 3352 810 3382 ever
841 3339 902 3377 till
932 3339 1008 3383 this
1061 3340 1207 3390 pignori
1217 3341 1489 3390 oppofitas,and
1502 3350 1567 3378 not
1578 3342 1771 3393 oppositos,
1784 3356 1917 3381 mean-

123 3446 127 3450 N
148 3393 260 3439 aime.
1062 3393 1128 3440 ing
1145 3392 1295 3441 insulas,
1313 3397 1383 3431 and
1402 3403 1469 3432 not
1485 3408 1586 3443 agros
1612 3410 1624 3444 3
1665 3396 1723 3434 sor
1739 3396 1805 3433 the
1821 3397 1918 3445 king

205 3448 266 3497 (2)
296 3447 363 3485 See
381 3445 450 3489 lib.
472 3458 532 3483 10.
560 3458 639 3494 cap.
657 3445 722 3483 28.
744 3447 814 3482 and
845 3445 914 3482 the
925 3453 1011 3483 note
1063 3446 1109 3483 of
1123 3446 1320 3484 Denmark
1344 3449 1453 3486 could
1476 3456 1544 3486 not
1568 3449 1816 3499 impignorate
1839 3450 1918 3499 pri·

153 3511 204 3539 on
224 3499 442 3550 thatplace.
455 3500 525 3537 His
544 3501 709 3547 collegite
727 3498 767 3535 in
781 3498 857 3536 this
869 3499 1011 3536 embas-
1063 3507 1146 3536 vate
1164 3511 1269 3537 mens
1287 3501 1391 3541 lands
1409 3502 1466 3543 for
1477 3501 1538 3543 his
1547 3501 1761 3553 daughter's
1773 3504 1917 3550 tocher,

151 3551 291 3650 ’,ἓξὲξ
303 3553 350 3601 fir
368 3553 582 3597 Alexander
597 3553 733 3604 Napiez
755 3552 800 3593 of
813 3552 1011 3595 Merchin-
1065 3553 1134 3593 but
1148 3551 1209 3593 his
1225 3567 1326 3595 own.

235 3631 260 3651 Q.

1827 3659 1926 3722 jam
