2106 3838
217 150 324 218 ..28
548 153 906 226 Renum
999 152 1695 224 Sco-moinum

241 255 358 304 ritiae
379 255 526 321 ignari
553 276 564 304 :
588 257 760 320 quique
782 252 1108 307 innocentiam,
1134 259 1173 300 δι
1198 253 1336 302 animi
1357 257 1754 320 tranquillitatem,
1773 266 1913 322 quam
1935 255 2014 305 alii

241 322 424 383 magnis
446 321 677 368 laboribus
699 337 754 366 ex
777 317 1008 372 institutis,
1029 323 1065 363 δι
1091 318 1330 380 praeceptis
1351 319 1580 382 sapientiae
1602 335 1783 384 petunt,
1803 340 1859 370 ex
1882 325 2012 386 igno-

241 385 418 432 ratione
439 385 655 432 vitiorum
679 394 984 444 comparatam
1015 381 1186 427 habent
1222 398 1233 426 ε
1267 398 1351 430 nec
1386 385 1512 432 aliud
1534 387 1801 450 quicquam,
1826 398 2014 450 praeter*-

241 466 378 511 quani
404 451 528 514 quod
554 450 637 496 suae
659 445 935 494 conditionis
956 444 1331 492 commoditatem
1368 463 1458 495 non
1497 449 1778 512 intelligant,
1817 452 1872 498 ad
1896 450 2016 498 sum·

243 530 364 561 niani
389 513 655 560 felicitatem
679 513 820 558 decsse
843 510 1066 555 videatur.
1115 510 1188 557 Est
1207 508 1252 555 in
1276 510 1362 556 hac
1377 510 1523 559 insula
1538 513 1752 563 sacellum
1775 515 1901 564 Divo
1920 515 2014 561 Ro·-
2073 530 2075 533 ·

244 595 364 626 nano
388 579 572 624 sacrum.
643 579 694 623 ln
720 590 774 620 eo
801 578 870 632 (ut
888 574 1079 634 majores
1097 586 1206 621 natu
1231 572 1402 634 ferunt)
1428 575 1526 640 ligo
1551 593 1772 640 perpetuo
1794 578 2016 642 relinqui-

243 656 318 689 tur
352 661 360 688 :
396 660 489 704 quo
526 659 627 688 cum
668 639 770 701 quis
810 638 1001 684 moritur
1022 637 1214 702 sepulcri
1251 639 1405 686 locum
1438 637 1681 688 inveniunt
1713 644 2018 708 designatum.

237 709 298 754 ,Jn
323 707 405 752 hac
429 706 568 751 insula
587 718 747 767 pra-ter
765 702 900 748 aliam
922 701 1215 764 piscationem
1239 704 1447 766 plurimae
1464 704 1637 750 balenae
1657 706 1914 770 capiuntur.
1940 707 2018 753 Ab

242 772 329 818 hac
353 771 496 816 millia
519 772 719 830 pastuum
740 767 933 814 sedecim
953 766 1239 813 occidentem
1259 768 1408 815 versus
1425 769 1546 830 jacet
1567 767 1712 817 insula
1734 770 2018 826 Suilskeraia,

244 834 372 882 mille
389 836 528 896 pastu>
547 836 686 895 longa
702 833 720 878 ἐ
747 831 817 877 sed
834 847 934 893 quae
955 832 1129 877 nullam
1151 831 1362 887 herbam,
1378 849 1430 878 ac
1447 850 1503 879 ne
1521 834 1688 880 ericam
1707 834 1897 898 quidem
1915 834 2021 899 gig-

241 912 337 945 nat.
406 899 562 961 Rupes
585 899 761 944 tantum
787 895 937 956 nigras
961 896 1147 947 attollit,
1171 911 1363 957 quarum
1389 897 1598 958 qua‘dam
1623 900 1774 947 musco
1798 898 1932 964 nigro
1954 911 2022 946 te—

243 977 430 1025 guntur.
501 962 722 1008 Volucres
745 959 928 1007 marina:
952 959 1103 1022 passim
1124 958 1190 1005 ibi
1213 976 1301 1006 ova
1323 974 1519 1031 ponunt,
1544 966 1583 1008 &
1607 964 1876 1011 excludunt.
1944 965 2021 1011 Ad

244 1044 318 1072 eas
342 1026 546 1072 nondum
580 1027 637 1072 ad
680 1025 954 1071 avolaiidum
981 1036 1177 1070 maturas
1213 1024 1411 1086 proximi
1434 1024 1460 1071 ἑ
1486 1026 1647 1088 Leogo
1668 1026 1812 1074 insula
1833 1028 2021 1075 adnavi-

245 1105 375 1154 gant,
400 1107 451 1136 ac
475 1093 575 1153 plus
599 1089 747 1137 minus
771 1090 874 1135 ot‘Tto
897 1086 992 1135 dies
1015 1088 1081 1134 eis
1103 1088 1310 1151 legendis
1334 1089 1558 1145 tribuunt,
1578 1091 1725 1137 donec
1747 1107 1902 1138 earum
1923 1108 2022 1138 car·

246 1173 305 1202 ne
329 1172 464 1202 vento
493 1156 668 1208 durata,
694 1151 949 1216 plumisque
972 1152 1201 1199 naviculas
1225 1166 1431 1200 onerent.
1500 1155 1552 1202 In
1578 1155 1663 1201 hac
1686 1154 1830 1202 insula
1851 1173 2021 1213 rarum,

249 1226 291 1268 δε
313 1220 409 1267 aliis
434 1219 696 1283 regionibus
717 1218 928 1279 ignotum
964 1233 1107 1279 genus
1132 1216 1225 1264 avis
1247 1218 1537 1281 conspicitur.
1607 1221 1798 1266 Colcarn
1837 1235 2024 1276 vocant,

250 1284 568 1347 magnitudine
591 1286 728 1347 paulo
750 1283 869 1328 iufra
890 1282 1103 1328 anserem.
1141 1283 1205 1327 Ea
1228 1299 1331 1329 vere
1355 1283 1541 1347 singulis
1561 1283 1691 1330 annis
1710 1286 1766 1332 εὸ
1788 1285 2021 1340 adventat,

234 1350 489 1414 ‚pullosque
511 1353 712 1396 cxcluios
735 1347 930 1409 cousque
968 1348 1147 1400 educat,
1174 1348 1283 1393 dum
1326 1345 1408 1410 ipsi
1451 1347 1533 1394 sibi
1556 1348 1810 1411 prospicere
1842 1349 2021 1412 possint.

251 1415 325 1461 Ad
354 1416 396 1458 id
422 1419 514 1461 rere
537 1430 716 1476 tempus
740 1413 906 1475 plumae
932 1411 1087 1474 sponte
1106 1411 1356 1458 defluentes
1375 1412 1400 1457 e
1420 1424 1517 1459 toto
1538 1428 1729 1475 corpore
1751 1414 1920 1462 nudam
1942 1414 2022 1462 de-

249 1479 438 1527 stituunt
472 1497 482 1524 :
516 1495 566 1524 :ic
591 1493 684 1525 tuni
711 1489 894 1524 demum
920 1478 977 1521 ad
1011 1492 1134 1522 marc
1156 1475 1196 1520 se
1231 1476 1519 1539 recipit,·nec
1542 1490 1645 1524 ante
1664 1477 1925 1539 proximum
1947 1495 2026 1526 ver

237 1551 437 1605 *usquam
462 1543 750 1606 conspicitur.
803 1540 925 1587 lllud
949 1556 1134 1603 quoque
1154 1539 1218 1586 eis
1241 1542 1298 1585 est
1324 1542 1564 1604 lingulare,
1587 1543 1710 1604 quod
1732 1558 1887 1589 earum
1911 1559 2023 1605 pen-

250 1625 318 1654 nae
343 1609 518 1654 caulem
539 1624 628 1653 non
654 1606 822 1653 babent
854 1623 866 1651 :
903 1604 971 1651 sed
999 1604 1106 1658 levi,
1139 1609 1178 1651 δι
1210 1604 1282 1652 cui
1303 1606 1415 1652 nihil
1441 1605 1616 1669 prorsus
1636 1605 1738 1653 duri
1758 1607 1895 1663 adest,
1919 1608 2022 1672 plu-

250 1690 325 1719 ηιμ
351 1687 494 1719 rcttim
515 1688 678 1733 coi-pus
704 1671 828 1716 velut
852 1668 1068 1730 lanugine
1091 1669 1298 1716 vestiunt.

318 1737 468 1783 XLV.
503 1738 765 1799 Sequuntur
787 1733 990 1779 Orcades
1029 1732 1076 1779 in
1110 1732 1222 1779 mari
1246 1733 1411 1795 partim
1453 1732 1817 1790 Deucaledonio,
1857 1734 2025 1799 partim

252 1801 533 1850 Germanico
553 1805 605 1848 ad
633 1799 1026 1863 septentrionalem
1047 1799 1209 1844 Scotiae
1231 1811 1405 1862 partem
1425 1798 1593 1862 sparsae.
1662 1801 1841 1847 Harum
1861 1800 1918 1846 de
1942 1815 2023 1847 uo-

252 1868 377 1914 minc
399 1866 514 1912 inter
534 1865 772 1927 stiiptores
795 1878 983 1916 veteres,
1005 1867 1042 1908 &
1066 1864 1339 1909 recentiores
1357 1862 1458 1909 satis
1480 1864 1710 1911 convenit.
1778 1864 2025 1912 Rationem

252 1947 403 1978 autem
429 1931 624 1977 nominis
649 1945 784 1976 nemo
810 1930 951 1990 (quod
977 1926 1127 1973 adhuc
1150 1926 1304 1986 sciam)
1325 1926 1588 1991 explicavit.
1642 1929 1729 1974 Sed
1754 1945 1921 1992 neque,
1943 1929 2026 1992 qui

250 2012 328 2045 cas
348 1995 485 2058 primi
507 1995 735 2042 tenuerint
752 1992 852 2039 saxis
874 1993 1060 2039 constat.
1128 1993 1304 2039 Omnes
1327 1990 1614 2039 Germanicae
1638 1991 1829 2057 originis
1851 2009 1929 2040 eos
1953 1994 2024 2040 fu-

253 2061 328 2107 ine·
357 2064 552 2106 tradunt.
622 2062 685 2106 At
704 2055 836 2119 equa
858 2057 1042 2104 natione
1062 2055 1401 2103 Germanorum
1426 2057 1710 2112 advenerint,
1730 2058 1778 2104 id
1802 2074 1891 2117 npn
1916 2074 2022 2120 pro-

254 2126 394 2172 ditur.
465 2125 511 2171 Si
533 2142 557 2170 e
579 2123 781 2171 sermone
803 2122 1110 2183 conjecturam
1134 2120 1370 2187 faciemus,
1397 2127 1436 2169 δι
1471 2121 1602 2176 olim,
1629 2127 1667 2168 ἃ
1696 2138 1816 2169 nunc
1838 2137 2025 2185 quoque

254 2205 406 2235 intere
431 2189 634 2235 Gothica
655 2188 813 2249 lingua
835 2199 1037 2233 utuntur.
1074 2188 1187 2232 Sunt
1210 2186 1290 2249 qui
1313 2186 1462 2233 Pielos
1484 2203 1565 2251 eost
1584 2186 1709 2234 fuisse
1733 2186 2023 2241 arbitrentur,

251 2255 341 2300 hoc
365 2254 564 2300 maxime
587 2264 874 2315 argumento,
899 2252 1025 2314 quod
1051 2250 1216 2297 fretum
1241 2266 1354 2297 eosa
1372 2251 1643 2298 Cathanefia
1660 2251 1870 2298 dividens
1885 2249 2021 2298 Piffl-

251 2335 356 2363 cum
393 2319 745 2367 coe-nominatur
769 2335 778 2363 :
807 2314 1042 2376 Pietosque
1065 2314 1182 2378 ipsos
1208 2315 1386 2378 generis
1411 2314 1625 2362 Saxonici
1649 2315 1772 2362 fuisse
1790 2314 2021 2363 ‘existima-

248 2381 360 2436 rint,
386 2383 631 2430 Claudiani
652 2380 851 2428 carmine
874 2380 1071 2428 maxime
1095 2378 1199 2426 freti
1217 2397 1240 2426 e
1258 2379 1447 2443 septima
1469 2380 1765 2444 Panegyrica.

957 2445 1238 2492 Maduerunt
1258 2446 1438 2491 Saxone
1459 2443 1556 2491 suso

511 2512 733 2565 Orcades,
753 2509 945 2557 incaluit
967 2510 1195 2557 Pictorum
1221 2509 1435 2572 sanguine
1458 2508 1616 2555 Thule
1649 2527 1661 2556 ε

511 2578 752 2623 Scotorum
771 2575 978 2622 cumulos
1001 2572 1127 2620 flevit
1148 2573 1354 2636 glacialis
1377 2575 1524 2620 letne.
1838 2600 1840 2603 >

253 2640 343 2686 Sed
366 2656 521 2687 eorum
546 2640 733 2687 refutari
754 2639 887 2686 [acle
908 2654 1031 2685 error
1049 2639 1210 2700 potest,
1225 2637 1391 2700 partim
1413 2654 1467 2684 ex
1496 2637 1621 2685 Beda
1641 2637 1812 2702 Anglo·
1826 2639 2023 2695 Saxone,

254 2704 336 2764 qui
359 2721 460 2750 cum
486 2703 691 2768 quinque
712 2703 896 2751 diversis
919 2702 1088 2765 linguis
1127 2701 1156 2748 εὶ
1193 2702 1421 2750 Britannis
1442 2701 1537 2748 Dei
1558 2702 1713 2748 laudes
1735 2702 1836 2749 cani
1859 2703 2024 2750 asseve-

248 2781 337 2821 ret,
363 2785 498 2815 unam
521 2784 577 2815 ex
620 2785 675 2814 eo
698 2784 889 2815 numero
922 2766 1137 2814 Pifficam
1175 2768 1259 2814 esse
1289 2767 1367 2813 ait.
1432 2765 1593 2829 ‘Qod
1624 2765 1653 2812 fi
1679 2778 1775 2812 tum
1799 2767 2024 2815 saxonice

252 2830 370 2879 Picti
392 2833 533 2879 locuti
567 2833 763 2886 fuifl‘ent,
783 2834 884 2878 eam
907 2847 934 2877 a
956 2830 1196 2884 Saxonica,
1222 2833 1334 2892 (qua
1356 2843 1451 2876 tum
1479 2828 1621 2892 Angli
1641 2829 1907 2892 incorrupta
1926 2844 2022 2879 ute-

251 2895 438 2955 bantur)
464 2913 553 2943 non
578 2896 836 2958 separasset:
863 2894 1171 2958 partimquod
1192 2895 1238 2941 in
1262 2894 1354 2941 illis
1365 2893 1563 2940 versibus
1576 2893 1861 2941 Claudianus
1885 2895 2023 2942 diser--

250 2972 296 3008 te
320 2960 466 3007 Pictos
490 2977 516 3007 a
535 2961 789 3013 Saxonibus
811 2960 924 3007 alios
941 2959 1026 3006 effe
1047 2959 1249 3004 ostendat
1282 2976 1294 3004 ε
1327 2974 1432 3006 cum
1451 2956 1603 3004 alteris
1625 2958 1846 3013 Orcadas,
1872 2959 2024 3006 alteris

236 3025 443 3071 ·Thulen
478 3025 671 3092 patriam
694 3025 778 3070 effe
800 3025 994 3071 affirmet
1027 3040 1038 3069 :
1070 3022 1144 3068 sed
1185 3023 1491 3084 undecunque
1512 3020 1612 3068 sunt
1643 3022 1856 3078 oriundi‚-
1879 3025 2027 3070 nostra

251 3089 404 3135 adhuc
425 3102 555 3135 aetate
577 3089 737 3152 lingua
753 3104 780 3133 a
800 3087 964 3142 Sentis,
991 3092 1031 3134 δε
1055 3085 1419 3149 Anglisdiversa
1441 3098 1628 3133 utuntur
1651 3104 1662 3133 :
1689 3091 1729 3134 &
1747 3102 1850 3149 quae
1871 3103 1900 3133 a
1920 3087 2024 3134 Go-

248 3151 374 3198 thica
391 3168 480 3198 non
505 3154 702 3200 multum
725 3151 963 3215 discrepet.

317 3216 494 3262 XLVI.
526 3219 580 3262 ln
599 3216 811 3264 convictu
831 3214 1106 3279 quotidiano
1126 3214 1322 3261 multum
1346 3230 1369 3260 e
1391 3213 1563 3261 vetusta
1582 3211 1856 3277 parsimonia
1873 3213 2024 3261 adhue

248 3279 415 3341 vulgus
437 3279 618 3337 retinet.
703 3282 863 3342 Itaque
884 3293 1105 3342 perpetua
1125 3277 1339 3340 corporis‚
1371 3284 1410 3325 &
1436 3277 1577 3325 animi
1599 3278 1786 3326 sanitate
1805 3277 1900 3325 sere
1921 3295 2021 3325 om-

250 3359 329 3388 nes
352 3343 578 3389 fruuntur.
613 3344 724 3391 Rari
747 3345 934 3398 morbis,
958 3343 1178 3406 plaerique
1197 3359 1355 3389 omnes
1374 3343 1499 3389 senio
1520 3341 1753 3388 solvuntur
1789 3360 1799 3388 :
1833 3341 2024 3406 plusque

248 3407 373 3466 apud
395 3421 472 3450 eos
496 3407 763 3454 deliciarum
785 3407 1062 3470 ignorantia,
1086 3410 1222 3470 q'uarn
1248 3407 1371 3470 apud
1401 3404 1515 3452 alios
1549 3404 1834 3461 medicorum
1871 3422 1963 3461 ars,
1980 3412 2022 3454 δε

247 3467 493 3532 ‹llige-ntia
513 3471 572 3516 ad
593 3471 776 3518 salutern
802 3471 1016 3518 tuendam
1035 3467 1229 3535 prodest.
1299 3471 1468 3520 Eadem
1492 3468 1766 3533 parsimonia
1786 3475 1826 3517 δε
1849 3471 1908 3517 ad
1929 3471 2022 3517 sor-

250 3550 339 3582 mae
357 3534 657 3596 elegantiam,
679 3541 717 3581 δι
758 3536 814 3582 ad
838 3537 1006 3583 statur-r
1032 3534 1352 3598 proceritatem
1376 3529 1627 3596 plurimum
1651 3532 1759 3580 facit
1791 3553 1800 3580 :
1836 3533 2021 3597 frugum

249 3610 498 3660 proventus
519 3600 584 3646 eis
617 3597 811 3663 exiguus
832 3600 912 3652 est,
936 3614 1240 3661 preterquam
1262 3613 1435 3652 avenae,
1460 3603 1499 3644 δι
1518 3595 1665 3651 ordei,
1690 3613 1745 3644 ex
1767 3597 1935 3660 quibus
1956 3598 2024 3645 eis

246 3685 290 3723 (⁵-
