1994 3833
81 136 237 225 ‘448
415 136 774 204 RERUM
865 131 1552 204 SconARuM

102 249 247 293 mant,
267 253 402 300 quam
428 240 603 298 Regem
628 231 828 279 vicinum
852 232 898 278 in
918 232 1075 278 eadem
1100 231 1242 278 insula
1273 245 1446 287 natum,
1488 251 1651 296 genere
1673 241 1861 304 propin.

104 320 266 367 quum,
286 304 334 350 in
357 302 520 348 eisdem
546 298 724 361 legibus
744 299 814 358 (1)
837 296 1109 349 institutum,
1137 298 1405 353 morib05,&
1428 298 1586 361 lingua
1606 297 1868 365 educatum,

101 384 189 415 nec
208 368 372 431 opibus
392 378 586 416 tantum,
613 360 683 407 sed
707 362 920 409 omnibus
945 361 1036 408 fere
1059 375 1345 408 externarum
1365 379 1514 408 rerum
1533 366 1603 410 vel
1623 383 1838 416 ornamen
1856 400 1870 414 .

103 433 180 488 tis,
214 433 287 479 vel
327 426 647 476 emolumentis
690 426 963 488 superiorem
990 432 1076 472 :-&
1115 426 1289 481 adhaec,
1326 426 1405 489 qui
1429 431 1694 489 perpetuam
1717 431 1868 481 secum

103 496 413 546 concordiam,
434 497 481 540 δε
506 504 709 538 veterum
727 492 938 537 odiorum
961 489 1242 536 oblivionem
1266 491 1461 536 afferret.
1530 494 1670 555 Qod
1694 495 1723 541 si
1741 513 1869 557 pere.

103 562 285 626 grinum
327 557 524 620 aliquem
541 556 716 618 lingua,
755 554 973 609 moribus,
999 560 1037 600 &
1060 554 1272 600 institutis
1292 555 1623 603 dissentientem
1645 561 1870 610 accersant
1921 603 1924 606 .

105 627 164 673 ad
187 639 377 686 regnum
409 621 705 684 capiendum,
744 619 891 666 secum
937 631 985 664 ut
1007 620 1279 681 cogitarent,
1303 620 1484 681 quantis
1503 620 1618 668 illud
1636 624 1873 672 confilium

105 689 236 745 malis
255 686 540 749 implicatum
564 685 696 731 esset:
732 687 782 733 ὅτ
803 695 918 745 quot
940 684 1087 729 secum
1107 683 1285 729 afferret
1301 683 1610 732 incommoda.
1679 689 1733 734 Id
1756 687 1874 750 ipsos

106 754 293 800 aliarum
320 751 554 797 nationum
574 749 787 810 exemplo
802 750 920 811 posse
944 747 1107 794 animis
1131 747 1383 809 prospicere
1405 767 1415 795 t
1452 750 1592 811 idque
1614 749 1747 798 satius
1771 752 1873 809 effe,

105 833 244 880 quam
268 815 554 878 experiundo
575 812 759 860 discere.
828 814 970 875 Qod
991 827 1141 859 autem
1167 813 1222 858 ad
1247 812 1285 858 se
1305 813 1482 867 attinet,
1509 814 1538 860 fi
1563 816 1803 863 Scotorum
1828 835 1877 865 a·

105 882 255 929 nimos
277 898 303 927 a
323 879 570 926 concordia
591 895 682 924 non
703 879 874 924 alienos
893 877 1170 939 intelligant,
1192 876 1367 939 aliquid
1415 880 1470 924 de
1488 878 1590 938 jure
1610 880 1783 928 summo
1806 883 1877 929 re.

105 946 309 994 miffuros
332 963 342 991 :
379 942 705 1006 contentosque
727 942 841 996 fore,
860 956 908 987 ut
925 941 1078 1004 puella
1091 940 1238 1003 Regia
1259 942 1305 988 in
1331 944 1542 1004 potestate
1559 944 1735 991 suorum
1759 947 1876 993 edu.-

106 1022 299 1065 caretur,
319 1009 453 1072 usque
478 1008 533 1057 ad
555 1018 734 1053 aetatem
754 1006 976 1065 nubilem,
1001 1006 1146 1052 donec
1165 1005 1258 1067 ipsa
1278 1007 1333 1053 de
1349 1007 1535 1071 consiiio
1555 1025 1793 1070 procerum
1819 1012 1875 1058 fi·
1936 999 1940 1004 Δ

107 1075 382 1123 bimaritum
419 1073 588 1135 eligere
622 1072 762 1134 posset
788 1090 797 1119 :
833 1071 892 1117 ad
934 1071 981 1117 id
1005 1070 1142 1134 usque
1166 1082 1361 1133 tempus,
1388 1085 1436 1118 ut
1456 1074 1670 1135 utrinque
1698 1091 1723 1120 a
1746 1076 1808 1129 vi,
1835 1082 1877 1123 δε

106 1142 243 1188 armis
265 1139 560 1186 abstineretur
580 1155 590 1183 :
615 1135 858 1184 neinterea
871 1136 1052 1199 Regina
1069 1135 1116 1181 in
1139 1137 1433 1198 peregrinum
1455 1137 1595 1184 solum
1616 1138 1872 1187 transveha-

109 1220 181 1252 tur
202 1225 213 1253 :
246 1218 358 1251 neve
381 1219 485 1250 cum
509 1203 669 1254 Gallo,
690 1214 768 1248 aut
789 1201 880 1248 alio
902 1211 1136 1264 quoquam
1151 1212 1304 1247 extero
1328 1201 1384 1247 de
1409 1202 1700 1249 matrimonio
1723 1205 1875 1266 paciio

111 1271 204 1318 fiat.
272 1269 328 1315 Id
347 1269 377 1315 si
401 1266 684 1314 Scotisanae
707 1266 993 1328 promittant,
1014 1265 1056 1312 se
1080 1265 1169 1310 sine
1185 1281 1310 1311 mora
1332 1281 1492 1328 pacato
1512 1267 1695 1330 agmine
1717 1268 1876 1315 disces-

107 1334 268 1383 suros:
304 1333 394 1382 &fi
417 1332 532 1396 quid
553 1330 708 1377 damni
731 1330 931 1377 Scotiam
952 1328 1129 1393 ingreffi
1153 1328 1381 1386 dederint,
1413 1331 1462 1378 id
1491 1330 1533 1382 se
1559 1332 1782 1380 bonorum
1801 1333 1871 1381 vi·

107 1416 261 1447 rorum
281 1397 450 1443 arbitro
469 1412 568 1442 com
579 1394 886 1458 pensaturos.''

176 1463 402 1510 XLVIII.
434 1462 532 1507 Has
552 1461 703 1506 literas
725 1460 782 1505 ad
803 1459 845 1505 se
868 1459 1024 1505 allatas
1045 1460 1215 1505 Prore'x
1247 1473 1349 1505 cum
1395 1460 1565 1506 Ioanne
1582 1495 1589 1496 ff
1608 1459 1745 1507 fratre
1766 1463 1878 1510 Fani

110 1529 310 1576 Andreae
335 1525 712 1587 Arcliiepiscopo,
737 1540 874 1586 quem
898 1523 946 1569 in
989 1524 1160 1577 locum,
1197 1528 1245 1570 ὃς
1280 1523 1593 1570 auetoritatem
1618 1525 1877 1584 Cardinalis

113 1591 417 1654 assumpserat,
441 1588 596 1652 paucis
619 1588 719 1634 aliis
746 1590 816 1649 (2)
841 1588 1109 1634 ostenderat.
1175 1587 1252 1633 Illi
1274 1588 1320 1633 in
1345 1588 1469 1649 spem
1514 1588 1715 1635 vic'toriae
1742 1584 1878 1638 erecti

111 1659 314 1705 auciores
365 1655 566 1706 fuerunt,
608 1667 658 1699 ut
678 1652 1079 1715 supprimerentur.
1149 1652 1436 1698 Verebantur
1454 1651 1575 1697 enirn
1601 1670 1655 1698 ne
1674 1655 1703 1700 fi
1727 1656 1878 1715 palam

110 1723 241 1770 factae
255 1721 410 1774 essent,
435 1718 648 1781 aequitate
665 1716 982 1764 conditionum
1001 1715 1247 1770 intellecta,
1270 1716 1404 1763 multi
1425 1716 1479 1762 ad
1507 1716 1735 1778 pacatiora
1768 1733 1881 1766 con-

110 1788 205 1834 filia
226 1785 515 1832 inclinarent.
582 1783 669 1844 Ipsi
692 1795 842 1829 autem
870 1799 947 1843 per
960 1793 1107 1828 totum
1129 1781 1377 1827 exercitum
1403 1796 1629 1827 rumorem
1664 1781 1880 1846 spargen-

110 1852 222 1899 dum
245 1861 422 1904 curarat,
448 1847 626 1912 Anglos
642 1856 695 1893 e'o
707 1846 1086 1899 confilioveniss'e,
1106 1858 1154 1892 ut
1175 1846 1325 1892 ablata
1339 1863 1418 1910 per
1440 1843 1535 1891 vim
1560 1845 1756 1908 Regina.
1776 1864 1880 1911 reg-

112 1932 224 1965 num
247 1914 310 1970 vi,
335 1918 382 1963 &
406 1912 542 1960 armis
561 1913 605 1957 in
630 1912 752 1958 suam
791 1911 1012 1958 ditionem
1037 1909 1310 1974 redigerent.
1379 1912 1546 1957 Prorex
1568 1924 1717 1957 autem
1742 1912 1881 1960 homo

113 1993 275 2029 natura
296 1978 442 2024 socors
461 1989 657 2040 quatuor
677 1976 826 2025 nihilo
849 1975 890 2021 se
912 1976 1008 2038 ipso
1029 1974 1078 2021 in
1097 1980 1143 2022 re'
1169 1975 1354 2021 militari
1398 1973 1690 2022 consultiores
1712 1976 1883 2040 allege-

113 2057 201 2100 rat,
222 2044 279 2091 ad
301 2058 497 2105 quorum
512 2055 671 2087 nutum
696 2041 852 2086 omnia
865 2040 1296 2101 circumagerentur.
1321 2039 1389 2086 Hi
1410 2052 1536 2085 erant
1557 2041 1760 2100 tresejus
1776 2058 1881 2102 pro·
1938 2066 1940 2077 ν

106 2109 293 2174 pinqui,
320 2109 511 2153 Ioannes
534 2104 673 2152 frater
697 2104 807 2152 Fani
828 2105 1026 2154 Andreae
1053 2103 1453 2165 Archiepiscopus,
1483 2104 1639 2151 Abbas
1661 2105 1883 2152 Fermeli·

113 2173 288 2222 noduni
311 2173 380 2235 (3)
403 2170 634 2233 Georgius
649 2170 840 2223 Duriu5‚
859 2173 907 2220 ὅς
936 2167 1238 2215 Arciiibaldus
1263 2167 1495 2214 Beronius.
1564 2170 1763 2233 Qartus
1786 2180 1882 2218 erat

114 2241 261 2301 Hugo
277 2236 474 2299 Riggius
489 2236 755 2288 causidicus,
769 2233 969 2296 corporis
984 2233 1122 2288 mole,
1137 2239 1176 2279 δι’
1192 2232 1360 2279 stolidis
1379 2231 1550 2279 viribus
1564 2233 1727 2297 magis,
1742 2249 1903 2296 quam-

112 2302 382 2351 militarium
408 2316 556 2346 rerum
598 2299 864 2363 cognitione
885 2297 1089 2361 insignis.
1159 2297 1227 2344 Hi
1269 2298 1512 2360 Protegem
1536 2297 1611 2344 sua
1633 2297 1790 2360 spon-te
1812 2297 1885 2345 in·

112 2369 409 2418 constantem,
430 2365 503 2411 sed
522 2364 579 2410 ad
598 2381 781 2418 omnem
805 2363 998 2410 rumoris
1032 2378 1185 2408 auram
1209 2361 1394 2408 confilia
1417 2375 1665 2408 mutantem
1689 2361 1752 2408 ita
1772 2378 1886 2410 vana

113 2434 189 2495 spe
209 2430 412 2479 vistoriae
430 2429 699 2492 implerunt,
721 2440 769 2476 ut
788 2428 983 2475 aliorum
997 2425 1390 2474 admonitionibus
1407 2426 1575 2473 clausas
1597 2443 1724 2473 aures
1742 2427 1884 2474 habe-

110 2510 197 2546 ret.
456 2540 459 2544 ,
640 2534 643 2538 v
1446 2520 1449 2523 ⁴
1500 2508 1503 2524 ¹*

178 2558 352 2611 XLIX.
385 2559 564 2606 Interea
586 2574 689 2605 curn
715 2573 795 2619 per
818 2559 1059 2604 Scotorum
1078 2553 1329 2603 exercitum
1353 2553 1562 2619 Proregis
1573 2554 1707 2602 amici
1730 2554 1888 2602 fiCtum

113 2643 143 2673 a
164 2626 205 2672 se
219 2639 449 2671 rumorem
472 2621 851 2670 disseminandum
871 2622 1104 2674 curassent,
1126 2620 1270 2667 statim
1286 2635 1456 2682 magno
1479 2636 1582 2667 cum
1604 2620 1802 2675 tumultu
1825 2621 1885 2666 ad

114 2704 241 2738 arma
262 2687 506 2736 discursum
529 2688 604 2733 est.
636 2686 835 2734 Primam
859 2687 1005 2733 aciem
1029 2684 1334 2732 Archibaldus
1357 2684 1616 2748 Duglaffius
1648 2684 1884 2747 Angufiae,
1955 2712 1976 2734 μ

114 2756 384 2819 postremam
409 2751 641 2815 Georgius
665 2751 934 2798 Gordonius
957 2749 1208 2798 Huntilaeae
1228 2751 1434 2797 Comites
1457 2748 1755 2809 ducerejuffi.
1786 2749 1886 2811 De·

113 2837 174 2867 na
188 2818 367 2880 utrique
385 2816 588 2863 virorum
614 2815 802 2862 fortium
828 2816 979 2864 millia
999 2815 1121 2862 data.
1153 2813 1378 2861 Prorexin
1403 2813 1554 2861 media
1568 2829 1710 2877 prope
1729 2829 1886 2876 parem

115 2897 358 2931 numerum
381 2881 594 2928 habebat.
663 2879 737 2927 De
762 2879 874 2944 fuga
910 2879 1172 2943 Anglorum
1210 2895 1367 2926 rumor
1407 2878 1556 2925 subito
1577 2890 1777 2933 exortus,
1803 2894 1889 2925 nec

115 2947 308 2995 omnino
331 2962 472 2992 vanus
495 2959 606 2992 erat.
641 2945 768 2992 Nam
790 2959 894 2991 cum
919 2945 1218 2992 deficerentur
1238 2955 1518 2997 commeatu,
1543 2957 1627 2990 nec
1651 2942 1676 2989 ὲ
1699 2942 1886 3006 longin-

152 3029 210 3059 uo
232 3011 516 3066 frumentari,
536 3025 619 3056 nec
632 3025 790 3071 rapere
809 3026 867 3057 ex
890 3009 1010 3072 agris
1028 3008 1076 3055 in
1095 3007 1461 3071 tantapaucit'ate
1486 3007 1731 3060 auderent,
1749 3003 1886 3054 unam

113 3030 268 3124 ⁴sillutis
289 3075 584 3137 expediendae
617 3075 839 3121 rationem
862 3073 1124 3127 credebant,
1160 3072 1191 3119 fi
1209 3086 1336 3135 parte
1355 3072 1791 3135 impedimentorum
1817 3087 1890 3118 re·

115 3140 222 3188 licta
236 3140 318 3204 ipsi
336 3140 487 3204 longis
506 3139 746 3194 itineribus
767 3142 889 3186 retro
911 3137 1255 3186 contenderent.
1321 3137 1499 3186 Verum
1518 3149 1587 3183 tot
1608 3146 1888 3185 armatorum

115 3203 321 3252 millibus
342 3204 401 3253 ad
422 3203 636 3269 praelium
655 3203 900 3261 instruitis,
919 3219 1026 3252 cum
1046 3218 1130 3250 nec
1170 3202 1219 3250 in
1240 3202 1431 3266 planum
1452 3200 1723 3248 descendere
1745 3200 1885 3248 aude-

166 3332 235 3382 (1)
263 3335 324 3373 Μ.
342 3334 382 3374 S.
409 3333 602 3374 institutis.
1026 3333 1279 3384 comptroller,
1300 3331 1451 3370 brother
1479 3339 1518 3368 to
1544 3328 1608 3367 the
1628 3327 1722 3367 laird
1739 3329 1784 3368 of
1794 3329 1885 3367 Bal-

169 3388 236 3436 (2)
264 3387 325 3426 M.
341 3390 380 3426 S.
409 3388 578 3426 ostendit.
1027 3387 1124 3434 four,
1143 3386 1265 3425 couss‘n
1285 3394 1323 3423 to
1351 3384 1418 3422 the
1444 3395 1622 3434 governor
1639 3383 1711 3420 and
1747 3391 1787 3420 to
1815 3382 1882 3419 'the

171 3442 237 3491 (3)
267 3440 347 3478 Mt.
369 3443 514 3488 George
532 3442 651 3492 Dury,
680 3441 832 3481 brother
848 3449 888 3480 to
904 3440 971 3481 the
1025 3441 1099 3479 late
1116 3439 1295 3490 cardinal,
1313 3440 1383 3479 and
1402 3437 1481 3480 Mt.
1501 3435 1618 3487 Hugh
1634 3434 1713 3484 Rig
1729 3435 1780 3474 of
1784 3435 1879 3473 ear-

117 3494 214 3533 laird
231 3492 275 3531 of
287 3492 406 3540 Dury,
425 3493 548 3531 coufin
567 3504 606 3533 to
635 3495 702 3533 the
720 3496 883 3533 cardinal
901 3497 972 3533 and
993 3497 997 3516 ⁴
1026 3493 1157 3537 barrie.
1335 3510 1339 3513 “

118 3558 310 3599 governor,
338 3544 534 3585 Archhald
551 3547 694 3588 Beaton
711 3549 756 3589 o'f
767 3547 972 3597 Pitlochie,

1766 3639 1888 3697 rent,
