2025 3833
162 183 297 251 430
483 167 844 233 Rasum.
932 168 1681 242 ScoTreARuM·

163 260 298 315 ceffit.
365 262 469 312 Illic
509 265 652 328 magis
674 262 878 312 dilucide
914 265 1149 329 cognoscit
1185 268 1441 333 Duglaslios
1474 288 1579 319 cum
1614 276 1922 338 Hamiltoniisg

159 326 432 384 qonveniffe.
453 331 512 376 Et
531 328 641 392 quia
658 345 714 375 ex
736 327 931 391 pristinis
955 330 1255 378 simultatibus
1277 334 1540 397 suspitiones
1563 336 1679 385 inter
1700 332 1923 393 factiones.

99 420 101 424 ,
159 391 309 438 adhuc
331 391 517 454 reliquae
539 404 683 447 erant,
710 394 780 454 (1)
796 393 1053 456 Georgium
1069 395 1373 458 Duglassium,
1390 403 1430 446 &
1449 400 1760 450 Alexandrum
1773 401 1920 456 Cuni-,>

155 455 380 519 gamium,
396 459 587 503 alterum
602 473 685 520 pro
700 471 843 518 patre,
856 458 1047 505 alterum
1062 475 1145 521 pro
1156 459 1292 508 fratre
1305 462 1480 510 obsides
1494 465 1638 512 datos.
1661 467 1714 513 Id
1729 468 1920 529 quidem

156 535 419 582 quanquam
462 519 511 567 in
553 520 766 583 speciem,
792 525 843 570 δε
886 522 1095 570 firmioris
1117 525 1374 572 concordiae
1396 527 1727 577 simulationem
1749 531 1920 587 faftum

159 583 324 641 fuisset,
344 584 700 648 promissumque
718 585 852 640 foret,
872 601 949 632 eos
972 586 1091 633 intra
1103 603 1269 649 paucos
1290 589 1387 638 dies
1405 590 1645 639 liberatum
1668 594 1742 649 iri,
1765 608 1923 655 tamen

153 646 294 709 usque
315 647 372 693 ad
393 648 466 694 An
472 648 583 712 glici
594 650 817 697 exercitus
831 650 1078 698 adventum
1094 653 1267 700 detenti
1278 654 1477 710 fuerunt,
1493 655 1791 713 Hamiltoniis
1804 677 1924 708 nun-

152 727 293 775 quarn
324 710 506 769 securis,
529 719 676 762 donec
713 715 995 777 proceribus,
1018 715 1065 762 in
1083 716 1251 778 quibus
1272 717 1450 781 aliquid
1473 720 1629 778 animi,
1654 734 1732 768 aut
1753 723 1920 772 virium

155 775 278 829 effet,
306 774 510 832 sublatis,
530 794 688 826 eorum
710 777 921 842 supplicii
945 793 1112 828 terrore
1125 792 1311 828 caeteros
1333 800 1359 829 a
1378 784 1699 840 tumultuando
1721 788 1927 851 compes·-

153 850 323 893 cerent.
392 842 560 888 Praeter
581 842 680 889 haec
700 842 821 890 circa
839 844 964 891 idem
983 856 1162 908 tempus
1197 846 1253 897 fit,
1278 846 1443 906 certior
1463 849 1700 905 Levinius,
1719 850 1754 898 F
1758 851 1922 899 rancis-

151 918 259 950 cum
282 904 460 968 Regem
481 905 772 954 inimicorum
795 908 1034 955 calumniis
1057 909 1421 970 effe'alienatum.
1474 914 1654 960 Interea
1677 914 1923 974 Glascuam

151 981 376 1015 venerunt
398 970 707 1018 Archibaldus
729 972 990 1035 Duglasfius
1015 975 1227 1037 Angusiae
1252 976 1440 1031 Comes,
1464 981 1503 1023 δι
1527 978 1755 1030 Robertus
1784 981 1923 1035 Max-

153 1032 318 1079 uallius
341 1033 588 1081 clariffimae
609 1035 796 1086 familiae
818 1036 1030 1100 princeps
1048 1040 1102 1084 ad
1130 1041 1451 1097 controversias
1473 1041 1524 1102 (si
1548 1041 1645 1088 sieri
1666 1044 1825 1105 posset)
1851 1046 1924 1094 in,-

149 1109 218 1143 ter
234 1098 497 1162 Proregem,
518 1105 558 1146 δι
577 1100 820 1148 Levinium
844 1101 1075 1150 sedandas.
1103 1103 1191 1149 Sed
1212 1104 1294 1167 qui
1315 1105 1503 1168 Proregi
1520 1119 1686 1153 etanta
1706 1109 1927 1166 consiliis,

152 1161 481 1228 persuaserunt,
506 1163 572 1212 uti
594 1164 676 1226 ipsi
700 1166 823 1228 pacis
846 1166 1114 1230 interpretes
1136 1168 1452 1217 retinerentur.
1520 1171 1681 1232 ltaque
1714 1188 1792 1234 per
1820 1173 1913 1235 pos
1911 1201 1931 1231 2-

148 1225 293 1273 ticum
316 1226 503 1284 aedium,
526 1246 584 1276 ne
604 1229 707 1291 quis
731 1233 952 1277 tumultus
974 1232 1022 1278 in
1043 1231 1219 1295 oppido
1259 1233 1402 1288 fieret,
1426 1233 1577 1291 educti
1598 1235 1645 1280 in
1669 1237 1920 1291 custodiam,

155 1290 215 1337 ad
236 1302 383 1338 arcem
404 1293 746 1341 Hamiltonium
770 1295 1031 1342 mittuntur.

216 1356 326 1403 XV.
359 1357 469 1403 Hoc
490 1359 602 1404 statu
623 1375 773 1406 rerum
795 1359 841 1405 in
866 1361 1035 1414 Scotia‚
1060 1377 1144 1407 nec
1164 1360 1348 1425 Anglis‚
1369 1378 1506 1424 quam
1527 1364 1766 1416 Scotorum
1786 1366 1921 1428 praes'q

150 1419 403 1468 tantiffimis
418 1422 935 1488 Proregiinfensioribus
959 1425 1168 1481 Henrico
1192 1425 1310 1487 Regi
1333 1425 1425 1472 visa
1450 1430 1508 1474 est
1524 1429 1696 1475 occasio
1712 1447 1800 1477 non
1822 1447 1923 1477 mo-

152 1484 218 1531 do
241 1483 445 1542 foederis,
466 1486 539 1533 sed
556 1488 673 1548 juris
695 1487 900 1552 gentium
924 1488 1254 1552 violatipoenas
1270 1492 1514 1551 expetendi
1533 1510 1544 1539 ε
1566 1509 1616 1538 ac
1629 1493 1771 1554 prius,
1786 1511 1927 1557 quam

148 1546 216 1604 vi,
239 1550 290 1599 &t
311 1549 448 1597 armis
481 1551 729 1614 quicquam
750 1564 1010 1607 attentaret,
1048 1553 1197 1600 literas
1222 1554 1464 1610 minarum,
1500 1561 1539 1603 δι
1569 1559 1697 1617 justae
1721 1560 1925 1621 querela}

151 1612 310 1676 plenas
332 1616 390 1660 ad
424 1616 804 1679 Edimburgenses
828 1617 947 1664 mifit
963 1618 1063 1680 jure
1086 1618 1483 1681 increpan5,quod
1508 1621 1751 1685 amicitiam
1779 1624 1919 1678 suam,

152 1693 248 1740 qua
284 1677 416 1726 facile
438 1696 589 1727 carere
623 1697 714 1727 non
739 1682 927 1748 possent,
967 1682 1169 1728 oblatam
1200 1684 1315 1729 adeo
1336 1696 1600 1746 arroganter
1627 1686 1877 1746 rejecissent
1904 1706 1917 1733 ε

152 1757 239 1789 nec
260 1742 512 1804 rejecissent
529 1744 688 1800 modo,
712 1745 787 1791 sed
806 1745 1035 1791 beneficiis
1053 1746 1293 1808 provocati
1316 1746 1423 1793 belli
1447 1748 1616 1794 semina
1633 1748 1890 1814 spargerent
1906 1769 1925 1806 ι,

151 1810 195 1853 δε
217 1805 364 1870 ipsum
384 1806 584 1856 invitum
622 1808 680 1855 ad
702 1826 826 1856 arma
857 1822 1093 1873 cogerent.
1160 1812 1249 1857 His
1274 1811 1409 1857 literi;
1441 1827 1546 1858 cum
1571 1812 1687 1859 nihil
1708 1815 1923 1875 profecis}

148 1870 230 1925 set,
275 1888 464 1936 magnas
494 1874 675 1925 navales
698 1873 870 1937 copias,
897 1890 1010 1937 quas
1041 1886 1137 1922 tum
1160 1874 1206 1921 in
1231 1876 1366 1921 armis
1388 1875 1603 1930 habebat,
1639 1876 1685 1923 in
1707 1879 1919 1936 Morinos
2004 1933 2006 1937 ,

161 1934 314 1996 primo
334 1953 518 1999 quoque
541 1951 747 2000 tempore
768 1939 1046 1998 trajecturas,
1070 1939 1116 1985 in
1134 1939 1330 1986 scotiam
1356 1941 1458 1986 vela
1478 1941 1755 2001 facerejuflit
1771 1960 1782 1989 :
1799 1959 1850 1988 ac
1864 1944 1927 2003 E?

151 1998 519 2065 dimburgum,&
535 2005 745 2058 Letham‚
762 2019 864 2065 quae
877 2002 1053 2065 oppida
1064 2003 1293 2067 praecipue
1305 2005 1458 2066 legato
1472 2004 1568 2065 ejus
1582 2005 1941 2067 insultaverant„

153 2068 198 2109 δι
218 2064 427 2128 regiones
449 2065 622 2113 circum
643 2066 764 2112 circa
784 2066 999 2114 omnibus
1022 2067 1134 2114 belli
1157 2067 1286 2115 malis
1309 2068 1525 2134 affligere.
1587 2070 1740 2116 Naves
1760 2073 1822 2129 eo,
1839 2072 1921 2128 def

151 2126 258 2188 lataefi
278 2129 418 2191 paulo
438 2129 569 2194 supra
590 2131 783 2178 Letham
806 2130 1014 2194 peditum
1039 2133 1197 2179 decem
1222 2131 1366 2179 millia
1395 2145 1558 2196 quarto
1592 2134 1668 2189 die
1698 2135 1817 2182 Maii
1838 2152 1920 2185 ex.-

152 2191 418 2255 posuerunt,
443 2211 496 2241 ac
514 2195 642 2242 nullo
664 2207 949 2260 repugnante
971 2196 1112 2257 (cives
1130 2197 1254 2243 enim
1273 2196 1540 2260 negotiandi
1554 2197 1683 2244 causa
1699 2199 1946 2262 plaeriqua-

152 2271 313 2304 omnes
333 2258 542 2319 aberant)
582 2259 757 2323 oppido
777 2259 1033 2322 potiuntur.
1101 2263 1285 2315 Prorex‚
1325 2265 1374 2310 &
1410 2262 1686 2317 Cardinalis,
1722 2263 1801 2324 qui
1823 2276 1923 2322 turn

151 2320 432 2386 Edimburgi
451 2336 596 2378 erant,
630 2340 736 2371 curn
759 2325 817 2370 ab
853 2325 1068 2370 omnibus
1089 2325 1222 2378 rebus
1252 2325 1463 2386 imparati
1483 2326 1638 2373 omnia
1660 2325 1930 2390 circumspig·

156 2399 331 2442 cerem,
355 2400 506 2434 tantus
528 2404 606 2435 eos
624 2401 810 2451 repente
832 2401 974 2435 terror
996 2389 1176 2444 invasit,
1197 2403 1246 2436 ut
1263 2400 1456 2450 quatuor
1477 2389 1582 2453 illos
1599 2388 1718 2437 viros
1741 2408 1946 2454 genere,

155 2452 209 2500 &
231 2450 360 2498 factis
382 2451 679 2500 nobilissimos
721 2457 1063 2515 (quorum'ante
1100 2453 1411 2512 meminimus)
1435 2451 1639 2516 captivos
1666 2455 1690 2502 ὲ
1711 2455 1923 2502 custodiis

156 2513 417 2571 eduxerint,
442 2517 571 2564 nullo
592 2530 714 2564 certe
731 2516 1060 2574 incolumitatis
1081 2517 1279 2581 publicae
1297 2516 1497 2580 respeCw
1518 2535 1529 2563 ε
1561 2517 1635 2564 sed
1658 2517 1785 2566 simul
1804 2519 1927 2574 veri-

153 2579 295 2634 ti,‹ne
316 2580 586 2644 propinqui,
629 2585 680 2632 ὃς
714 2583 901 2628 clientes
924 2598 1083 2629 eorum
1117 2596 1195 2629 aut
1217 2580 1429 2629 militiam
1465 2582 1732 2638 recusarent,
1764 2595 1842 2630 aut
1876 2584 1919 2645 se
1988 2594 1991 2602 “

156 2658 263 2690 cum
277 2643 401 2691 hoste
433 2646 782 2710 conjungerent,
821 2646 953 2692 simul
979 2658 1027 2693 ut
1044 2646 1208 2710 populi
1222 2645 1376 2693 multis
1387 2648 1447 2693 de
1468 2646 1607 2692 causis
1629 2663 1656 2693 a
1676 2647 1718 2694 se
1741 2646 1928 2701 aliena-ti
1999 2652 2005 2657 ⁸

158 2705 528 2757 benevolentiam
546 2710 842 2758 redimerent.
909 2711 998 2773 Ipsi¹
1021 2715 1174 2769 autem
1195 2714 1243 2760 δε
1266 2709 1456 2767 civium,
1481 2715 1518 2757 δι
1543 2710 1736 2766 hostium
1756 2711 1854 2774 pari
1876 2729 1927 2773 og-

158 2770 238 2818 dio
261 2770 302 2819 se
318 2775 613 2821 ‘committere
630 2791 723 2821 non
745 2775 834 2821 ausi
854 2773 1165 2833 Limnuchum
1191 2776 1261 2837 (ζ)
1287 2775 1414 2837 perfu
1453 2786 1601 2822 erunt.
1669 2776 1815 2839 Ang'li
1836 2777 1930 2835 Le-
1982 2785 1993 2798 '¹

156 2835 251 2881 thae
273 2836 477 2885 triduum
499 2838 665 2885 morati
687 2838 800 2885 dum
828 2837 1178 2902 impedimenta,
1203 2792 1526 2902 machinz‘fque
1547 2851 1801 2902 exponunt,
1840 2841 1927 2897 sese
1989 2854 1995 2861 ’

157 2899 216 2946 ad
238 2901 633 2965 congrediendum
654 2913 831 2966 parant.
899 2902 1112 2950 Aliarum
1133 2915 1298 2950 autem
1335 2919 1488 2949 rerum
1508 2919 1617 2950 cura
1640 2903 1845 2968 expediti
1865 2907 1930 2952 E-

158 2964 460 3029 dimburgum
493 2967 670 3015 ducunt
693 2986 705 3014 ;
751 2972 790 3014 &
814 2966 926 3024 urbe
948 2965 1153 3029 spoliata,
1197 2981 1250 3013 ac
1283 2966 1450 3014 deinde
1469 2965 1652 3014 incensa
1673 2968 1732 3015 ad
1749 2968 1929 3033 vicinas

159 3024 282 3076 circa
309 3032 522 3094 regiones
545 3031 889 3095 depopulandas
912 3030 1095 3092 dispersi
1130 3033 1299 3078 multos
1316 3046 1478 3095 pagos,
1502 3031 1712 3094 arcesque
1730 3033 1928 3080 nonnulss
1980 3038 1982 3041 ’

153 3090 240 3148 las,
266 3099 307 3140 δι
328 3095 460 3142 villas
478 3096 717 3144 hominum
736 3094 965 3142 nobilium
985 3095 1124 3150 ferro,
1148 3095 1426 3157 flammaque
1453 3097 1523 3158 (3)
1547 3097 1813 3143 evastarunt.
1865 3098 1928 3143 E·
2000 3097 2003 3099 ’

159 3157 410 3224 dimburgo
432 3160 540 3209 dein
558 3161 753 3208 Letham
775 3160 953 3216 reversi,
977 3174 1030 3217 ac
1051 3160 1295 3218 secundam
1316 3162 1626 3224 tempestatem
1644 3160 1782 3215 nacti,
1804 3160 1931 3225 igni-'
1972 3208 1976 3211 ,

158 3219 244 3267 bus
261 3222 311 3269 in
330 3223 522 3273 aedificia
538 3224 740 3274 immistis
758 3241 894 3272 naves
917 3224 1161 3282 solverunt.
1248 3266 1250 3268 ,

225 3286 359 3334 XVI.
392 3290 478 3337 Per
497 3289 549 3336 id
572 3303 752 3351 tempus
776 3288 994 3336 Levinius
1022 3288 1189 3336 certior
1208 3289 1270 3336 est
1290 3288 1435 3335 faCtus
1456 3287 1696 3336 calumniis
1712 3288 1928 3336 inimico-

158 3361 260 3395 rum
283 3351 462 3416 Regem
495 3353 783 3402 Franciscum
804 3354 890 3401 effe
911 3351 1380 3417 penitus‘alienatum.
1447 3353 1782 3417 Frequentibus
1801 3351 1927 3401 enim

210 3477 281 3528 (1)
308 3478 369 3518 Sir
387 3483 535 3532 George
553 3482 709 3533 Duglass
727 3485 863 3522 master
877 3483 923 3522 of
929 3486 1017 3522 An·
1069 3482 1200 3522 whom
1218 3482 1334 3522 much
1351 3481 1382 3521 is
1399 3481 1538 3534 spoken
1555 3481 1754 3523 hereafter.

157 3542 239 3580 gus,
258 3531 409 3570 brother
436 3543 475 3572 to
505 3536 566 3574 the
590 3537 681 3582 earl,
696 3539 773 3574 and
801 3538 1020 3576 Alexander
1128 3536 1195 3586 (2)
1223 3536 1317 3574 MS.
1337 3535 1568 3584 profugiunt.

159 3584 307 3631 master,
344 3585 539 3625 afterward
589 3589 667 3626 carl
713 3589 759 3626 of
799 3590 1019 3637 Glencairn,
1130 3589 1194 3642 (3)
1221 3589 1269 3628 M
1282 3590 1323 3629 S.
1349 3589 1557 3640 vastarunt„

158 3637 220 3688 ῌε
241 3649 315 3676 was
324 3637 527 3693 ¹asterward
539 3642 660 3680 called
678 3640 744 3681 the
761 3644 853 3697 good
870 3643 961 3691 carl,
980 3643 1027 3682 of
1037 3689 1040 3695 Ι
1629 3642 1631 3647 ⁴

1823 3688 1932 3737 fite-
