1994 3833
100 143 251 208 492
508 127 858 198 Restm
909 127 1595 197 3001101111οΜ

110 221 359 285 admodum
383 223 680 272 honorificam
703 224 899 287 speetare
933 234 1130 285 poterat,
1161 223 1469 272 Gufianorum
1495 226 1704 288 potentia
1718 229 1777 285 ab
1796 232 1877 281 at}-

107 287 246 336 versis
269 290 473 360 partibus
497 288 646 350 primo
670 288 850 351 impetu
873 287 1158 333 labefanata.
1205 287 1309 334 Nec
1333 288 1572 336 minimum
1594 292 1649 336 ad
1666 293 1764 339 haec
1785 311 1886 342 mo·

108 355 319 409 mentum
358 351 634 399 addiderunt
672 350 830 398 iacobi
873 351 1023 398 fratris
1054 351 1411 408 adhortatione5‚
1450 357 1497 402 St
1533 354 1894 415 pollicitationes
1922 365 1942 385 μ

108 417 265 464 omnia
286 434 383 462 eam
414 415 544 463 domi
569 429 731 477 pacata
754 418 824 477 (1)
851 429 1169 476 reperturam:
1205 416 1448 477 praesertim
1473 433 1574 463 cum
1601 416 1640 465 is
1659 420 1779 472 esset,
1805 437 1885 465 cu-

106 481 183 543 Jus
208 481 309 527 fidei
356 480 396 525 se
422 480 620 526 maxime
664 493 764 526 tuto
803 481 944 542 posset
965 480 1273 534 committere,
1304 494 1462 526 natura
1484 481 1636 534 frater,
1661 487 1705 530 ἃ.
1729 484 1807 545 qui
1830 485 1889 531 ab

110 544 414 593 adolescentia
437 544 615 606 magnis
639 536 775 590 rebus
795 545 970 590 summa
992 542 1283 600 fortitudine,
1303 551 1340 591 δι
1365 544 1585 593 felicitate
1616 545 1748 610 gestis
1766 549 1889 610 apud

109 625 269 657 omnes
295 608 509 671 gloriam,
536 615 574 654 ἅτ
595 606 910 682 austeritatem
943 608 1274 670 comparasset.
1946 608 1949 611 ’

175 675 262 720 VI.
295 673 564 734 Reginahis
596 674 732 721 rebus
754 673 932 720 intenta
949 673 1146 719 Noalius
1176 674 1363 718 Senator
1383 672 1743 736 BurdegalenfiS‚
1764 674 1840 737 qui
1863 691 1894 724 e

111 737 272 784 Gallia
284 736 435 784 missus
458 737 598 810 paulo
620 739 716 799 post
734 738 870 786 finem
891 736 1067 797 publici
1089 750 1339 788 conventus
1360 737 1407 783 in
1441 738 1642 785 Scotiam
1683 753 1891 794 venerat,

109 801 301 862 rejeetus
317 801 410 847 est
399 818 446 848 1n
471 802 731 862 proximum
755 800 1012 854 confilium,
1037 799 1165 865 quod
1187 802 1245 847 de
1268 802 1458 858 publico
1499 803 1612 848 statu-
1634 803 1912 862 ordinando,

111 867 170 912 ad
202 881 273 913 12.
313 866 540 919 Calendas
565 864 717 912 Iunias
750 866 975 915 indictum
996 863 1164 912 fuerat.
1231 866 1322 920 Sed
1358 882 1462 912 cum
1487 882 1544 921 ne
1583 880 1678 913 tum
1703 866 1894 929 quidem-

111 945 324 993 proceres
350 931 451 993 (qui
469 931 524 977 ad
549 929 673 976 diem
698 930 959 992 frequentes
981 933 1308 990 convenerant)
1335 930 1557 984 sederent,
1592 932 1720 993 quod
1743 932 1892 978 adhuc

113 997 172 1041 de
190 994 385 1057 Reginae
409 995 644 1042 voluntate
666 1008 795 1042 erant
817 993 1008 1041 incerti:
1035 993 1219 1040 interim
1242 995 1434 1041 Iacobus
1459 997 1663 1042 Stuartus
1687 1011 1712 1041 e
1737 996 1916 1058 Gallia„

115 1060 314 1116 reversus
335 1076 360 1105 a
383 1059 567 1123 Regina
581 1059 790 1120 diploma
815 1058 984 1112 attulit,
1004 1075 1099 1131 quo
1123 1073 1376 1105 conventus
1419 1058 1638 1112 habendi,
1663 1076 1716 1105 ac
1759 1059 1890 1106 stat‘u-

116 1110 225 1175 endi
249 1125 305 1170 de
328 1126 460 1170 rebus
501 1141 548 1170 111
574 1121 810 1186 publicum
839 1123 1027 1170 utilibus
1059 1123 1135 1183 jus
1177 1122 1244 1169 eis'
1250 1123 1490 1171 faciebat.
1557 1125 1684 1170 Furn
1709 1123 1903 1179 (1011111111
1942 1125 1952 1153 Ὓ

114 1188 293 1252 legatus
317 1189 482 1236 Gallus
505 1189 564 1234 est
589 1187 787 1235 aud-itus.
856 1187 1125 1250 Legationis
1169 1186 1319 1250 capita
1341 1189 1441 1234 haec
1463 1201 1627 1242 etant,
1645 1197 1678 1217 ‘⁶
1697 1202 1745 1234 ut
1766 1184 1920 1236 vetus(

116 1269 225 1299 cum
251 1253 402 1305 Gallis
427 1253 576 1300 foedus
600 1264 908 1299 renovaretur.
933 1253 1123 1299 Novum
1143 1267 1247 1298 cum
1267 1253 1432 1315 Anglis
1455 1252 1714 1299 solve-retur.
1741 1254 1897 1300 Sacer·-

115 1319 248 1364 dotes
266 1318 388 1364 unde
411 1329 540 1364 erant
579 1316 760 1377 dejesti,
788 1330 836 1363 ut
879 1316 1010 1363 bonis
1032 1315 1225 1364 redditis
1248 1318 1599 1368 restituerentur.
1606 1318 1635 1340 ''
1701 1318 1777 1364 Ad
1799 1317 1896 1364 haec

119 1380 399 1444 res>onsum‚
427 1390 464 1411 “
480 1381 604 1442 quod
629 1382 685 1427 ad
711 1381 862 1432 foedus
885 1380 1121 1428 Gallicum
1147 1380 1328 1436 attinet,
1352 1381 1394 1427 se
1418 1381 1577 1427 nulla
1566 1398 1612 1427 1n
1638 1397 1684 1428 re
1707 1381 1802 1442 ejus
1826 1382 1896 1431 vi-

116 1446 230 1493 olati
257 1446 338 1492 fibi
360 1445 564 1494 conscios
586 1447 700 1492 effe:
736 1459 896 1492 contra
915 1443 1268 1507 multiplicitera
1287 1445 1437 1492 Gallis
1457 1445 1583 1492 fuiffe
1605 1445 1893 1508 neglectum:
1954 1493 1958 1497 ,

120 1511 322 1558 maxime
345 1528 452 1557 vero
476 1526 622 1572 nuper
639 1510 685 1556 in
709 1511 1024 1572 oppugnanda
1062 1510 1248 1570 publica
1289 1510 1518 1564 libertate,
1542 1526 1644 1556 curn
1669 1513 1903 1573 populum,
1930 1568 1941 1576 ι

117 1588 253 1622 311103
294 1575 511 1629 amicum,
537 1574 706 1624 nullius
729 1574 904 1620 sceleris
927 1587 1213 1636 compertum
1237 1574 1282 1621 in
1309 1573 1603 1620 miserrimam
1632 1574 1900 1622 servitutem
1938 1614 1942 1618 .

122 1639 329 1702 redigere
352 1650 643 1686 attentarent.
712 1639 883 1684 Foedus
905 1656 1012 1684 vero
1034 1654 1139 1684 cum
1145 1638 1330 1705 Anglis
1353 1639 1523 1684 solvere
1561 1638 1602 1684 se
1645 1655 1735 1688 non
1760 1641 1907 1702 posse„

120 1703 202 1751 nifi
228 1703 434 1750 omnium
459 1702 744 1765 ingratiffimi
768 1702 912 1750 velint
934 1703 1128 1748 haberi:
1161 1708 1199 1749 &
1228 1701 1497 1750 beneficium
1521 1703 1773 1749 maximum
1796 1720 1903 1766 gra

120 1767 294 1814 viffimo
316 1767 542 1815 maleficio
566 1766 873 1830 compensare,
896 1773 934 1813 &
955 1766 1166 1814 adversus
1189 1766 1486 1814 liberatorum
1509 1767 1688 1817 suorum
1711 1766 1907 1816 salutem.

122 1833 378 1894 conjurare
445 1832 649 1880 Demum
675 1831 803 1894 quod
841 1829 1123 1878 sacerdotum
1158 1831 1488 1882 restitutionem
1523 1845 1667 1894 petat,
1686 1847 1802 1894 quos
1821 1832 1909 1880 1lle.
1954 1865 1957 1867 Δ

121 1897 376 1945 sacerdotes
400 1897 618 1963 appellat,
644 1913 802 1943 eorum
826 1896 867 1943 se
886 1911 1037 1959 neque
1060 1913 1222 1943 munus
1244 1897 1406 1951 ullum,
1428 1912 1511 1942 nec
1536 1895 1695 1945 usum
1683 1914 1734 1944 111
1755 1897 1924 1944 eccle-'
1961 1904 1964 1906 ’

122 1963 185 2010 fia
206 1962 464 2025 agnoscere.
469 1964 500 1984 ''
557 1959 611 2008 In
631 1961 795 2008 eodem
817 1961 900 2007 illo
921 1961 1119 2015 concilio
1145 1960 1314 2007 faftum
1337 1961 1397 2007 est
1419 1961 1652 2007 decretum
1672 1960 1729 2006 de
1751 1961 1903 2008 omni·-
1925 1963 1927 1966 ⁴

123 2028 211 2075 bus
254 2027 585 2073 monachorum
628 2025 852 2077 coenobiis
875 2024 1217 2079 demoliendis:
1250 2041 1303 2072 ac
1333 2017 1514 2072 statim
1501 2042 1549 2072 111
1571 2041 1731 2072 omnes
1751 2039 1941 2088 partes„
1970 2073 1976 2081 ,

126 2091 229 2140 sunt
260 2082 440 2146 dimissi,
465 2090 544 2153 qui
567 2090 792 2162 imperata
808 2091 1092 2153 perficerent.
1918 2125 1923 2128 -

194 2156 308 2202 VII.
340 2157 497 2202 Rebus
525 2154 614 2216 (uti
636 2155 809 2201 dietum
821 2155 939 2214 est)
927 2171 975 2201 1n
995 2154 1155 2201 Gallia
1175 2154 1233 2203 ad
1254 2153 1584 2217 profectionem
1608 2154 1904 2217 comparatis,

122 2219 325 2283 Reginae
345 2219 502 2267 amicis
524 2218 721 2271 intimis,
741 2235 877 2281 penes
892 2235 1006 2292 quos
1020 2218 1521 2267 summaconciliorum
1525 2231 1637 2273 erat,
1661 2219 1803 2266 visum
1820 2221 1901 2273 est,
1885 2253 1912 2273 „

129 2299 182 2333 ut
213 2285 270 2332 de
293 2283 518 2348 religione
541 2284 598 2357 ‘in
626 2283 858 2347 praesentia
880 2301 947 2330 res
986 2283 1033 2330 in
1054 2296 1202 2331 totum
1221 2283 1606 2331 dissimularetur:
1639 2300 1903 2347 quanquam

129 2365 224 2398 non
247 2350 450 2422 deerant,
475 2347 555 2412 qui
577 2347 911 2411 impotentibus
933 2348 1140 2395 conciliis
1162 2348 1219 2394 ad
1241 2348 1412 2394 caedem
1436 2364 1535 2394 eam
1559 2361 1800 2395 awrmarent
1847 2350 1927 2400 In*

130 2413 291 2488 primis
314 2414 489 2462 Durius
511 2412 670 2460 Abbas
691 2413 1086 2468 Fermelinoduni,
1103 2419 1143 2460 δι
1166 2414 1358 2459 Ioannes
1379 2412 1608 2459 Sinclarus
1630 2429 1774 2474 nuper
1796 2414 1906 2460 Bre-

131 2478 357 2530 chinenfis
377 2478 637 2550 defignatu..
660 2477 928 2540 Episcopus.
995 2479 1073 2524 Ad
1095 2494 1149 2524 ea
1171 2491 1320 2524 autem
1336 2477 1522 2523 consilia
1542 2475 1636 2539 ipsa
1653 2479 1703 2526 &
1724 2489 1932 2545 natura*
1962 2509 1968 2514 -

133 2550 176 2591 δι
201 2543 584 2614 propinquorum
592 2541 789 2605 impulsu
813 2543 928 2589 adeo
949 2555 1044 2589 erat
1064 2557 1226 2605 prona.
1251 2554 1309 2588 ut
1345 2541 1435 2588 ab
1424 2541 1566 2589 1nvita
1586 2541 1838 2604 aliquando
1857 2559 1907 2590 e·

133 2621 403 2680 rumperent
439 2622 595 2679 minae,
618 2623 724 2678 quae
744 2620 958 2679 exceptae
979 2606 1025 2653 in
1066 2608 1171 2654 aula
1200 2606 1256 2654 ad
1279 2606 1506 2679 populum
1547 2604 1908 2677 perferebantur
1979 2666 1981 2670 ι

135 2673 292 2723 Palam
315 2671 454 2723 etiam
469 2671 589 2718 inter
610 2670 854 2718 familiares
870 2670 1127 2733 jastitabat,
1152 2671 1195 2718 se
1216 2670 1488 2743 propinquae
1511 2674 1597 2717 suae
1619 2668 1784 2723 Mariae
1806 2673 1906 2721 Re·
1928 2704 1932 2726 3

134 2736 258 2800 ginae
285 2736 565 2800 Anglorum
588 2735 853 2797 exemplum
892 2735 1190 2787 imitaturam.
1257 2735 1406 2808 Igitur
1427 2735 1602 2782 summa
1620 2731 1907 2790 consiliorum
1932 2778 1935 2785 .
1972 2748 1987 2792 ξ’

134 2804 194 2849 οὸ
219 2801 455 2854 tendebat,
479 2812 528 2846 ut
550 2798 636 2846 suae
659 2798 870 2846 fastionis
891 2799 1135 2847 homines
1122 2817 1174 2847 m
1189 2794 1426 2864 praesentia
1443 2800 1517 2863 spe
1539 2801 1714 2847 aleret:
1748 2791 1962 2858 adver-'fs‘

135 2866 282 2914 sarum
325 2865 527 2930 partium
568 2863 804 2911 sesiatores
844 2864 1067 2927 paulatim
1096 2864 1409 2928 deprimeret.
1443 2864 1611 2912 deinde
1633 2835 1951 2933 0010111111131ἰ11ᾖι

191 2992 255 3044 (1)
287 2996 368 3033 Aft.
363 3009 399 3033 r
412 2994 477 3032 tbe
490 2993 600 3032 death
616 2993 660 3031 of
672 2993 740 3031 her
758 2993 906 3031 mother
924 2996 993 3032 and
1048 2995 1114 3032 the
1131 2995 1207 3032 first
1222 2994 1267 3031 fio
1250 2964 1316 3042 t‚lit
1332 2994 1378 3032 of
1388 2993 1458 3033 her
1474 2992 1724 3045 majestysthe
1754 2993 1913 3058 disorder
1981 3035 1983 3037 ,

138 3049 182 3086 of
197 3050 346 3087 Francis
365 3051 426 3095 zd,
446 3049 555 3096 Mary
576 3048 735 3086 resolved
755 3057 793 3084 to
811 3056 936 3085 return
956 3058 994 3086 to
1047 3049 1132 3085 that
1150 3047 1360 3086 remained
1350 3061 1390 3085 m
1410 3048 1478 3085 her
1491 3048 1673 3096 kingdom
1690 3049 1812 3085 would
1823 3049 1913 3087 eva-¹
1925 3043 1935 3054 ⁹

140 3103 332 3149 scotland,
361 3076 443 3139 and
449 3111 487 3139 to
506 3115 608 3150 carry
625 3100 769 3138 thither
781 3114 800 3136 a
819 3104 910 3148 good
925 3103 995 3138 and
1048 3101 1228 3152 ni1h‚just
1230 3114 1267 3139 as
1280 3104 1346 3139 dor³
1329 3113 1398 3138 esa
1410 3100 1790 3148 smallmorningmist
1802 3098 1910 3138 atthe
1928 3107 1948 3140 '.·¹
1973 3119 1991 3136 „1

143 3156 321 3205 powerfm
344 3169 462 3204 army,
494 3157 536 3204 by
555 3154 619 3195 the
639 3155 763 3193 advice
781 3154 825 3191 os
837 3155 905 3192 her
925 3169 995 3191 un-
1051 3155 1232 3204 approach
1269 3155 1314 3192 of
1342 3154 1409 3192 the
1445 3155 1510 3192 sun
1543 3169 1553 3191 z
1608 3153 1692 3190 that
1723 3153 1792 3190 her
1826 3153 1909 3191 bare
1942 3181 1946 3184 -
1977 3155 1980 3166 ¹

143 3210 217 3247 cles
236 3222 249 3257 ς
278 3209 323 3246 of
346 3209 474 3246 which
499 3208 699 3250 Elizabeth
720 3221 808 3256 gave
825 3207 1003 3245 11111110όί-
1056 3210 1157 3246 word
1176 3209 1298 3246 would
1319 3207 1425 3257 bring
1442 3208 1507 3245 the
1525 3208 1619 3245 most
1631 3206 1835 3255 refractory
1839 3207 1909 3244 and
1921 3210 1938 3243 2‘.
1985 3241 1991 3251 .

146 3270 205 3298 ate
223 3262 346 3299 notice
377 3270 415 3298 to
447 3263 576 3313 James
594 3262 752 3299 Stewart
769 3260 838 3298 her
866 3261 1003 3299 bastard
1057 3261 1285 3298 disobedient
1307 3269 1348 3298 to
1366 3261 1521 3313 reason.
1551 3259 1635 3298 that
1659 3267 1700 3302 to
1729 3259 1842 3301 make
1872 3258 1922 3297 sox
1938 3275 1940 3282 ·
1956 3282 1965 3294 .

148 3312 312 3360 brother,
332 3314 432 3361 who,
447 3328 544 3363 upon
563 3314 622 3358 his
640 3314 772 3352 arrival
791 3315 831 3351 in
848 3315 1001 3363 france,
1057 3323 1159 3363 great
1189 3313 1346 3355 warlike
1364 3308 1639 3364 1110113113110113,Ι
1656 3323 1733 3353 was
1760 3325 1788 3349 a.
1802 3311 1910 3350 work
1932 3319 1936 3331 ⁴

146 3367 319 3414 proposed
354 3368 488 3404 several
520 3367 663 3405 reasons
695 3368 754 3406 for
784 3369 1004 3417 preventing
1056 3369 1102 3405 of
1114 3366 1480 3416 needless‘expencez
1500 3366 1584 3404 that
1599 3366 1648 3407 hc
1666 3365 1788 3402 would
1802 3368 1938 3414 pawnv

149 3417 214 3454 the
230 3419 375 3467 levying
395 3421 439 3458 01
452 3420 533 3457 that
546 3433 679 3469 army·
668 3447 680 3469 ,
709 3420 908 3468 alledging,
922 3422 1006 3458 that
1058 3421 1119 3458 his
1138 3420 1285 3458 honour
1301 3423 1371 3457 and
1389 3419 1449 3457 his
1468 3419 1548 3465 life,
1554 3419 1650 3456 'that
1676 3417 1745 3454 her
1760 3417 1943 3466 majesty':
1975 3433 1987 3445 ο

148 3469 256 3507 there
278 3485 372 3508 viere
392 3485 518 3510 means
536 3474 581 3511 of
603 3473 793 3523 appeafing
812 3473 877 3510 the
895 3474 1003 3511 small
1058 3475 1186 3512 should
1204 3483 1305 3511 meet
1323 3473 1418 3511 with
1435 3486 1485 3510 no
1500 3472 1687 3511 refistance
1704 3483 1747 3507 or
1762 3478 1909 3511 contra·
1937 3466 1972 3506 ’,’

151 3523 296 3560 trouble
321 3523 403 3560 that
422 3525 525 3562 there
545 3539 618 3563 was
637 3527 677 3563 in
695 3525 869 3565 Scotland
886 3527 1003 3564 with·-
1058 3527 1200 3564 distion
1224 3527 1265 3564 in
1294 3524 1483 3563 Scotland.
1525 3521 1775 3566 Blackwood’
1770 3533 1788 3558 s
1807 3533 1910 3560 mar·
1921 3539 1934 3574 j
1956 3520 1962 3528 “

138 3583 213 3614 out
233 3576 402 3625 entering
428 3577 509 3616 iuto
539 3591 608 3627 any
637 3580 826 3628 expetite
815 3604 829 3629 ‚
863 3579 946 3618 that
965 3587 1002 3618 at
1056 3587 1136 3631 tyre.
1154 3581 1198 3621 de
1215 3578 1355 3626 Marie,
1373 3591 1457 3629 pag.
1473 3589 1542 3630 45,
1560 3578 1600 3620 6.
1661 3616 1667 3620 ,
1698 3612 1702 3617 ,
1835 3601 1837 3604 <
1972 3595 1994 3622 ·,
