2106 3838
258 207 379 273 ¹50
558 191 916 259 RERUM
1007 190 1692 266 ScoT10AnuM

251 297 291 340 δι
315 290 615 344 familiaribus
635 292 729 352 ejus
748 292 807 337 est
829 289 1047 337 dimiss‘us.
1111 291 1262 354 Igitur
1281 294 1471 342 domum
1499 297 1698 346 reversus
1718 297 1883 350 irarum
1908 304 2007 368 ple·

249 372 334 406 nus
351 359 407 407 ad
430 370 618 405 matrem
640 355 871 416 querelam
888 354 1072 403 detulit.
1105 357 1192 402 Illa
1209 369 1384 405 tantum
1403 360 1622 416 abfuit,ut
1640 379 1815 425 aegrum
1831 368 2005 416 adoles-

249 423 393 472 centis
417 422 616 469 animum
641 416 894 464 commodis
916 417 1197 466 sermonibus
1221 422 1417 478 mollire,
1441 429 1482 471 δε
1504 426 1844 489 adaequitatem
1869 433 2004 478 redu-

247 505 349 536 cere
367 489 420 534 fit
439 485 655 549 aggressa,
675 494 722 529 ut
744 481 882 528 etiam
904 483 962 529 ad
980 482 1276 545 parricidium
1292 502 1433 549 prope
1455 489 1675 538 conviciis
1698 503 1839 540 mater
1860 494 2007 542 filium

244 552 450 601 adversus
474 549 597 594 suum
620 559 794 609 patrem
812 545 935 594 illius
956 563 1090 593 avum
1113 550 1369 597 armaverit.
1402 552 1550 615 Igitur
1569 570 1660 601 non
1679 557 1796 603 adeo
1811 550 1891 604 diu
1908 560 2006 621 post

245 614 580 666 Crathilinthus
608 627 715 657 cum
744 622 914 658 armata
934 611 1174 666 hominum
1197 613 1508 670 multitudine,
1543 633 1658 679 quos
1681 621 1735 667 ad
1758 621 1806 668 id
1831 622 2005 670 facinus

246 692 525 745 opportunos
548 675 778 733 credebat,
802 677 939 722 noctu
959 676 1006 723 in
1031 677 1280 740 Angustam
1299 678 1356 724 ad
1379 678 1450 725 avi
1463 696 1610 727 arcem
1630 684 1770 731 venit.
1805 687 1827 732 Ι
1833 685 1879 733 bi
1899 702 2007 734 cum

244 743 398 808 paucis
422 742 511 787 sine
540 738 783 802 suspitione
803 753 1010 801 receptus
1032 741 1231 805 reliquos
1251 741 1440 790 comites
1471 761 1497 790 e
1527 744 1612 792 suis
1636 747 1819 795 latebris
1840 765 2004 797 evoca—

245 824 313 856 tos
333 803 611 853 intromittit.
674 804 837 866 Nepos
857 821 993 851 avum
1017 804 1164 853 senem
1188 822 1293 853 cum
1316 807 1442 854 omni
1466 807 1641 857 familia
1663 810 1858 859 trucidat
1884 832 1895 860 ε
1920 830 2003 861 nec

240 886 390 918 arcem
425 869 584 924 modo,
618 866 695 914 sed
728 867 904 914 vicinos
932 867 1069 915 etiam
1092 886 1225 932 agros
1246 871 1550 935 depopulatus
1575 886 1789 938 tanqmm
1818 893 1867 923 re
1888 878 2006 927 bene

240 937 360 1000 gesta
382 950 484 981 cum
514 932 692 996 ingenti
714 931 870 994 praeda
890 932 935 979 in
962 933 1187 980 Merniam
1213 934 1342 980 laetus
1363 936 1514 982 rediit.
1567 939 1671 986 Nec
1691 940 1769 988 diu
1788 957 1886 988 eam
1909 943 2003 990 cla-

238 1001 346 1047 dem
369 998 620 1062 Angufiani
640 996 834 1043 inultam
864 996 967 1060 pasli
999 996 1114 1043 sunt.
1184 999 1306 1045 Nam
1331 998 1455 1045 brevi
1488 1017 1656 1064 magno
1683 1004 1768 1051 suae
1795 1005 2003 1053 factionis

238 1062 479 1111 hominum
502 1077 693 1110 numero
713 1062 872 1109 coae'to
888 1057 1193 1125 multiplicem
1216 1061 1263 1110 in
1287 1063 1575 1113 Merniorum
1611 1067 1730 1131 agris
1753 1069 2004 1119 vastitatem

237 1128 550 1178 reddiderunt.

304 1193 503 1241 XXXV.
537 1174 619 1239 Ab‘
635 1208 690 1238 eo
714 1205 919 1257 tempore
951 1208 1053 1240 cum
1081 1193 1215 1247 ultr0,
1239 1193 1445 1256 citroque
1466 1195 1629 1249 caedes,
1655 1195 1706 1246 &
1729 1197 1900 1259 rapinae
1919 1209 2003 1261 per

235 1258 490 1308 occasiones
509 1257 681 1309 fierent,
704 1258 971 1305 Kennethus
991 1275 1036 1305 re
1055 1257 1228 1313 audita,
1253 1274 1308 1304 ne
1327 1260 1532 1321 pluribus
1555 1262 1610 1307 ad
1630 1260 1847 1309 faftiones
1861 1262 1902 1310 se
1919 1279 2000 1326 ag-

236 1321 533 1388 gregantibus
556 1322 699 1382 major
721 1322 883 1383 aliquis
904 1337 1054 1369 motus
1074 1322 1294 1376 existeret,
1321 1322 1550 1387 utriusque
1572 1325 1709 1388 partis
1732 1325 1868 1374 duces
1889 1328 2004 1374 Sco-

236 1405 343 1435 nam
367 1388 417 1435 in
434 1388 507 1448 jus
528 1387 710 1433 decimo
731 1386 894 1448 quinto
917 1386 990 1433 die
1014 1388 1156 1433 adesse
1173 1387 1320 1447 jubet.
1401 1389 1539 1437 i‘auci
1569 1402 1719 1438 tamen
1743 1390 1998 1441 severissimi

235 1452 374 1500 edicti
396 1451 530 1499 minis
551 1451 744 1513 permoti
769 1451 826 1496 ad
844 1451 966 1497 diem
990 1467 1252 1514 apparuere.
1308 1451 1464 1498 Plures
1485 1453 1653 1502 conscii
1667 1454 1780 1518 quid
1798 1471 2000 1503 comme-

235 1517 313 1564 riti
334 1517 472 1564 essent
493 1514 806 1562 Crathilintho
825 1518 1023 1570 aussore,
1045 1518 1139 1578 quo
1162 1516 1329 1579 cuique
1350 1518 1643 1566 commodum
1664 1531 1776 1573 erat,
1800 1520 2004 1584 diffuge-

234 1592 357 1628 runt.
426 1581 526 1626 Rex
548 1577 759 1641 diligenti
780 1580 1108 1641 conquisitione
1139 1580 1255 1627 faita
1278 1580 1536 1636 noxiorum,
1562 1583 1674 1629 alios
1699 1583 1827 1636 alibi,
1853 1584 1999 1638 maxi,

235 1660 359 1690 mam
383 1659 490 1690 vero
524 1655 699 1705 partem
729 1658 886 1690 eorum
921 1644 1221 1707 deprehendit
1258 1644 1306 1690 in
1342 1645 1501 1694 Abria.
1568 1646 1923 1702 Crathilinthus,
1946 1652 1999 1698 &

233 1708 483 1755 factionum
506 1705 733 1770 principes
757 1720 920 1761 morte,
944 1707 1109 1770 reliqui
1127 1707 1373 1754 levioribus
1395 1709 1543 1771 poenis
1566 1726 1649 1771 pro
1679 1709 1833 1757 delicti
1856 1713 1998 1759 modo

233 1772 437 1837 castigati
462 1791 473 1819 ε
527 1771 736 1818 nonnulli
769 1771 850 1834 qui
886 1771 1114 1820 laeviffime
1144 1783 1359 1826 errarant‚
1399 1773 1588 1820 omnino
1617 1789 1754 1836 poena
1774 1777 1995 1838 exempti.

233 1838 343 1884 Hoc
381 1849 789 1899 temperamentum
819 1837 940 1899 apud
977 1838 1118 1884 malos
1150 1849 1342 1889 metum,
1379 1837 1499 1900 apud
1533 1849 1720 1884 caeteros
1759 1837 1996 1902 ingentem

232 1901 354 1965 Regi
376 1918 575 1948 amorem
598 1899 862 1949 conciliavit
885 1918 897 1947 ι
929 1916 1181 1965 pacemque
1203 1900 1245 1947 ei
1274 1901 1331 1947 ad
1355 1901 1623 1965 vigesimum
1645 1902 1838 1951 alterum
1859 1905 1995 1968 usque

229 1982 277 2013 re
314 1966 362 2013 ni
382 1982 551 2014 annum
569 1965 762 2028 peperit.

292 2051 293 2054 ¹
345 2031 521 2078 XXVI.
559 2030 699 2093 Qod
728 2031 757 2076 si
778 2029 825 2077 in
846 2030 975 2078 cursu
1004 2031 1111 2078 vitae
1134 2030 1348 2077 inchoato
1370 2028 1604 2088 institisset,
1638 2028 1758 2079 inter
1791 2034 1993 2096 optimos

231 2094 461 2168 principes
485 2094 587 2156 jure
609 2092 773 2141 censeri
799 2094 1026 2158 potuisset.
1094 2095 1210 2142 Belli
1235 2095 1377 2150 enim,
1399 2099 1449 2145 &
1470 2094 1594 2158 pacis
1618 2110 1806 2143 munera
1826 2099 1888 2144 ita
1907 2099 1991 2145 ob-

230 2172 360 2214 ierat,
384 2171 434 2213 ut
456 2156 756 2212 fortitudinis,
791 2161 1068 2215 constantiae‚
1106 2163 1154 2209 Bt
1177 2158 1403 2223 aequitatis
1428 2158 1673 2206 maximam
1698 2159 1777 2207 sibi
1809 2162 1991 2209 laudem

230 2223 520 2287 compararit.
602 2223 689 2270 Sed
724 2222 963 2286 superioris
995 2226 1102 2271 vita:
1132 2223 1576 2270 commendationem
1617 2223 1817 2272 facinore
1853 2226 1992 2290 longe

229 2285 525 2336 scelestiffimo
542 2285 873 2335 contaminavit
897 2307 908 2335 t
941 2289 1067 2352 quod
1084 2303 1139 2335 eo
1158 2288 1324 2334 foedius
1358 2288 1569 2334 omnibus
1588 2288 1645 2333 est
1667 2288 1823 2343 visum,
1845 2307 1991 2362 quan·

230 2351 279 2399 to
297 2350 628 2407 incredibilius,
648 2367 699 2398 ac
722 2351 870 2398 minus
891 2355 1179 2415 expeftatum
1202 2352 1260 2398 ab
1280 2352 1375 2414 ejus
1397 2351 1586 2417 ingenio
1608 2352 1768 2407 fuerat,
1792 2370 1871 2417 qui
1896 2367 1988 2403 tam

227 2416 377 2466 severe
394 2429 527 2464 antea
546 2416 594 2463 in
616 2415 887 2464 facinorosos
909 2415 1307 2466 animadvertisset.
1395 2418 1503 2477 Ejus
1538 2428 1688 2462 autem
1712 2419 1860 2481 culpae
1892 2419 1989 2466 haec

228 2480 319 2528 fuit
337 2475 528 2528 occasio.
612 2481 715 2527 Rex
730 2480 826 2542 jam
849 2494 982 2529 aetate
1005 2481 1221 2546 grandior
1243 2481 1600 2529 Milcolumbum
1625 2481 1822 2529 habebat
1844 2483 1990 2531 filium

224 2543 382 2592 indole
403 2546 590 2608 quidem
613 2546 847 2608 praeclara,
879 2546 953 2594 sed
975 2547 1006 2594 si
1027 2546 1141 2610 quid
1162 2546 1242 2608 ipsi
1275 2546 1536 2593 humanitus
1569 2544 1812 2601 accidisset,
1837 2547 1893 2593 ad
1917 2564 1988 2595 re·

225 2609 427 2675 gendum
452 2622 542 2656 tarn
562 2609 759 2655 ferocem
783 2612 1006 2672 populum
1031 2622 1163 2656 aetate
1184 2610 1334 2656 adhuc
1355 2610 1667 2657 immaturum.
1720 2611 1868 2658 Etiam
1892 2627 1989 2674 quo

226 2673 376 2721 minus
400 2675 494 2736 post
515 2686 749 2736 parentem
773 2673 983 2736 proxime
1001 2686 1226 2738 regnaret,
1252 2675 1455 2721 obstabat
1478 2690 1575 2720 mos
1595 2675 1837 2736 majorum,
1859 2676 1939 2737 qui
1959 2677 1985 2724 ὲ

225 2738 496 2802 propinquis
520 2739 700 2800 Regum
723 2737 1040 2786 defunelorum
1072 2755 1162 2785 non
1186 2738 1438 2800 proximos,
1460 2737 1532 2784 sed
1558 2739 1757 2788 maxime
1776 2739 1986 2797 idoneos,

224 2803 367 2852 modo
398 2819 424 2848 a
445 2801 658 2864 Fergusio
692 2801 845 2864 primo
869 2804 1106 2850 Scotorum
1132 2804 1261 2873 Rege
1285 2804 1419 2849 essent
1448 2801 1645 2854 oriundi,
1665 2803 1842 2865 'eligere
1876 2819 1984 2851 con-

227 2867 476 2915 sueverant.
523 2864 746 2913 Obstabat
760 2865 898 2913 etim
913 2866 1174 2917 nobilitatis
1196 2870 1325 2914 lavor
1344 2882 1453 2929 erga
1474 2865 1834 2914 Milcolumbum
1858 2867 1984 2917 Duffi

225 2930 368 2994 Regis
391 2930 552 2986 silium,
575 2928 656 2994 qui
675 2940 772 2976 tum
794 2929 930 2977 faffie
950 2930 998 2977 in
1019 2929 1149 2977 omni
1164 2947 1332 2994 genere
1348 2930 1495 2977 laudis
1519 2931 1709 2977 Scoticae
1726 2929 1983 2992 juve'ntutis

222 2994 435 3058 princeps
452 3006 565 3041 erat.
598 2993 862 3042 Accedebat
879 2994 934 3041 ad
949 2994 1064 3049 haec,
1083 2994 1207 3056 quod
1225 2995 1460 3041 Cumbriae
1479 3007 1575 3040 turn
1596 2995 1833 3057 praefeftus
1849 3010 1946 3044 erat
1968 3016 1982 3046 ε

223 3074 360 3120 quam
384 3058 618 3122 regionem
641 3058 766 3105 Scoti
801 3057 1022 3106 beneficio
1052 3060 1234 3123 Regum
1259 3052 1518 3123 Anglorum
1557 3059 1622 3105 ita
1659 3059 1892 3116 tenebant,
1932 3073 1983 3109 ut

222 3123 458 3169 Cumbriae
481 3121 746 3184 praefeaura
762 3124 889 3170 velut
905 3138 1040 3170 omen
1061 3122 1192 3187 regni
1209 3123 1331 3179 esset,
1351 3137 1488 3187 atque
1509 3120 1683 3184 itaJam
1700 3140 1788 3188 por
1805 3124 1983 3189 aliquot

217 3198 372 3232 aetates
393 3186 676 3232 observatum
699 3199 809 3233 erat.
961 3209 977 3231 ,¹

282 3250 531 3296 xxxvn,
566 3251 706 3297 Hunc
728 3249 870 3314 igitur
887 3249 1246 3298 Milcolumbum
1269 3252 1331 3299 ob
1352 3251 1451 3306 has,
1473 3249 1806 3315 quas-diximus
1830 3252 1982 3301 causas

218 3311 404 3359 videbat
426 3312 535 3373 spei,
558 3329 609 3359 ac
632 3327 741 3362 voto
770 3315 850 3361 suo
882 3314 1085 3362 futurum
1106 3314 1440 3377 impedimento
1465 3332 1477 3361 ε
1517 3319 1564 3364 &
1588 3315 1812 3377 quoniam
1828 3316 1982 3378 palam

219 3393 310 3422 non
336 3377 548 3430 audebat,
572 3393 749 3424 veneno
770 3378 1025 3426 tollendum
1044 3379 1238 3426 curavit.
1272 3379 1490 3427 Extinc'to
1506 3392 1611 3425 cum
1633 3378 1841 3426 omnium
1860 3379 1981 3426 sum-

217 3455 296 3486 mo
313 3439 470 3485 dolore
485 3440 654 3500 juvene
676 3440 872 3504 optimo,
903 3445 1068 3505 &jam
1093 3442 1278 3490 summae
1307 3443 1401 3506 spei
1421 3442 1702 3506 propinquo,
1727 3443 1850 3505 signa
1873 3441 1980 3506 qui-

216 3503 322 3548 dem
358 3503 521 3548 veneni
546 3502 589 3547 in
630 3519 820 3566 corpore
851 3511 1192 3577 apparuerunt:⁴
1247 3507 1364 3553 nulli
1385 3518 1537 3553 tamen
1559 3505 1608 3553 in
1631 3518 1830 3553 mentem
1850 3505 1980 3556 venit

214 3567 463 3628 quicquam
495 3567 551 3610 de
576 3567 702 3630 Rege
726 3568 948 3631 suspicari.
1015 3571 1119 3617 Nec
1154 3571 1253 3617 Rex
1276 3569 1415 3617 etiam
1442 3569 1692 3631 quicquam
1715 3569 1976 3625 omittebat,
2055 3626 2063 3634 θ

213 3632 339 3692 quod
362 3630 418 3676 ad
443 3629 731 3691 suspitionem
749 3633 1036 3683 avertendam
1062 3633 1210 3681 facere
1227 3634 1381 3697 posset.
1433 3633 1560 3682 Nam
1582 3637 1622 3682 δι
1642 3644 1871 3682 mortuum
1895 3632 1978 3705 fle-

1889 3708 1980 3752 ut,
