2106 3838
209 186 298 274 46
481 186 870 274 ,RERUM
960 182 1661 249 Seni-rexnam-

211 285 293 334 ori·
318 285 405 333 inis
436 286 623 334 nomina
662 288 760 334 sunt
799 286 1022 345 impolita.
1087 283 1191 330 Nec
1227 282 1344 331 illud
1367 283 1855 347 omittendumqubd
1885 298 1992 336 ante

212 346 441 398 Saxonum
466 351 515 398 in
539 351 815 398 Britanniam
840 349 1086 394 adventum
1113 364 1348 412 nunquam
1384 350 1496 397 ullas
1521 348 1805 398 Britannicas
1842 354 1991 399 natio-

207 431 284 463 ne-
322 414 442 463 inter
472 416 513 462 se
552 414 873 476 interpretibus
912 412 1007 459 usas
1043 413 1265 475 legamus.
1336 413 1485 476 Igitur
1519 430 1621 461 cum
1650 431 1741 461 uno
1773 415 1989 463 consensu

209 480 354 534 Scoti,
381 479 542 542 Angli,
569 495 612 525 ἡ,
638 475 863 523 Germani
887 475 1123 538 scriptores
1147 476 1297 523 Pictos
1330 476 1355 523 ὲ
1390 478 1644 526 Germania
1666 481 1885 525 orium-„s
1926 482 1992 527 fe-

209 558 327 599 rant,
343 545 603 605 constetque
627 541 925 595 Gothunnos‚
947 540 1034 587 five
1059 541 1155 587 Get
1179 557 1260 588 nos
1283 541 1526 588 Gallorum
1552 542 1677 591 fuisse
1715 553 1924 599 colonos,
1947 549 1991 591 δε

203 608 390 654 Gallice
412 609 607 658 locutos,
625 611 664 651 δε
681 604 847 652 AEstios
869 605 927 652 ad
950 622 1072 652 mare
1093 606 1352 652 Suaevicum
1379 604 1638 654 Britannice
1667 627 1680 662 3
1706 610 1828 655 unde
1855 609 1978 672 poti-

207 689 259 718 us
282 672 527 719 existimem
552 670 698 715 Piftos
722 668 962 732 prodiisse?
992 684 1068 717 aut
1090 673 1185 734 quo
1209 671 1388 720 sedibus
1410 671 1596 732 ejectos,
1622 672 1704 718 nisi
1725 685 1782 719 ati
1808 689 1982 737 cogna-

206 748 276 782 tos
299 734 571 782 contendisse
599 737 615 778 ?
652 738 728 780 au‘t
750 734 869 781 unde
892 734 1044 797 potius
1063 736 1293 782 connubia
1314 735 1654 798 impetraturos,
1681 752 1822 798 quam
1847 754 1873 784 a
1895 754 1983 802 po-

204 803 331 864 pulo,
356 797 589 859 sangnine,
614 797 791 862 lingua,
813 798 1019 847 moribus
1043 799 1123 846 fibi
1147 801 1390 862 conjunCm
1415 803 1433 845 ?

245 891 249 895 -
270 864 398 910 XXI.
416 861 555 924 Qiod
576 861 604 907 si
628 861 775 909 Pieios
795 879 820 909 a
835 863 1121 916 Gothunnis,
1139 877 1216 910 aut
1232 864 1404 918 AEstiis,
1419 878 1494 911 aut
1506 863 1642 912 Getis
1663 866 1984 930 neget-aliquis

204 927 438 979 oziundos,
476 940 660 988 propter
690 943 844 973 earum
870 926 1109 990 regionum
1135 928 1544 992 longinquitatem,
1570 929 1606 976 is
1631 930 1778 976 secum
1807 932 1989 994 cogitet

202 1005 330 1054 quot,
356 993 405 1040 &
428 1005 608 1053 quantae
633 991 928 1054 migrationes
949 992 997 1038 in
1021 1008 1180 1038 omnes
1204 1005 1352 1055 partes
1376 992 1502 1039 faetae
1525 994 1609 1040 lint
1636 994 1727 1039 ’illis
1761 997 1986 1055 tempori-

202 1056 302 1111 bus,
335 1055 381 1102 in
403 1072 507 1118 quae
530 1056 759 1102 Pifiomm
782 1056 1002 1104 adventus
1025 1056 1072 1103 in
1098 1056 1379 1104 Britanniam
1415 1058 1475 1104 est
1501 1057 1749 1118 conjefltm
1775 1074 1826 1105 ac
1851 1060 1986 1107 dein·

202 1137 307 1183 ceps
328 1119 480 1167 multis
499 1119 668 1167 siculis
691 1139 700 1167 :
727 1120 958 1185 intelliget
979 1121 1145 1184 opinor
1167 1121 1281 1168 nihil
1307 1123 1471 1169 horum
1496 1138 1586 1169 non
1612 1123 1751 1169 modo
1776 1122 1891 1177 sieri,
1911 1123 1988 1172 sed

200 1184 336 1231 etiam
377 1184 508 1231 facile
548 1185 644 1232 fieri
684 1185 890 1249 potuisse.
961 1186 1091 1233 Galli
1127 1185 1377 1250 Hispaniae,
1413 1185 1575 1242 Italiae,
1616 1188 1907 1244 Germaniae,
1938 1194 1982 1236 δε

201 1248 448 1296 Britannia:
470 1249 659 1304 bonam,
683 1267 991 1314 magnamque
1014 1265 1191 1315 partem
1221 1250 1415 1297 coloniis
1450 1264 1761 1314 occuparunt:
1780 1253 1838 1298 ad
1858 1254 1978 1300 Mae-

201 1314 328 1361 otida
351 1319 390 1360 &
414 1314 718 1362 Cimmerium
744 1315 992 1379 Bosporum
1030 1317 1297 1379 populando
1317 1316 1415 1362 sunt
1453 1332 1537 1379 pro
1577 1315 1684 1368 reffi,
1708 1317 1980 1374 Thraciam,

202 1379 547 1434 Macedoniam,
570 1385 608 1426 δι
634 1380 869 1427 Graeciam
893 1381 1190 1444 pert-astantes
1210 1380 1259 1427 in
1281 1381 1385 1428 Asia
1407 1333 1720 1428 consederunt.
1780 1381 1994 1438 Cimbri,

202 1444 478 1496 Ambrones‚
513 1448 557 1492 &r
588 1445 826 1492 Teutones
861 1445 1067 1493 Galliam
1101 1445 1350 1508 depraedati
1382 1445 1429 1493 in
1454 1444 1634 1493 Italiam
1665 1458 1978 1509 penetrarunt.

202 1507 393 1560 Geloni,
418 1508 499 1570 qui
517 1508 730 1572 Vergilio
748 1509 796 1556 in
819 1510 1020 1557 Thracia
1044 1510 1345 1564 collocantur,
1367 1510 1490 1573 apud
1514 1523 1701 1557 caeteros
1727 1511 1818 1557 fere
1842 1510 1921 1557 scri
1965 1541 1986 1551 -

203 1583 321 1619 tores
346 1573 487 1621 vicini
508 1571 554 1620 in
579 1574 767 1636 Scythia
787 1578 887 1621 lunt
912 1574 1194 1637 Agathyrfis.
1263 1575 1409 1621 Gothi
1447 1573 1637 1621 obscura
1659 1574 1738 1621 diu
1764 1575 1888 1622 natio
1910 1529 1984 1622 dii-

201 1636 314 1682 luvii
348 1638 483 1684 instar
516 1637 643 1685 brevi
682 1653 888 1701 tempore
927 1640 1177 1701 Europam,
1220 1639 1390 1693 Asiam,
1430 1638 1637 1686 Africam
1680 1639 1983 1689 inundarunt.

201 1701 368 1747 Multis
389 1702 534 1765 igitur
569 1702 786 1766 deinceps
815 1703 986 1750 {Erculis
1018 1704 1128 1750 dum
1153 1702 1393 1750 ferociores
1419 1702 1716 1751 finitimorum
1741 1704 1820 1749 fibi
1856 1715 1980 1752 tenes

200 1766 524 1821 vendicabant,
543 1767 813 1815 infirmiores
834 1768 1142 1831 potentiorum
1167 1767 1345 1829 injuriis
1367 1767 1579 1823 obnoxii,
1604 1767 1816 1831 patriam,
1841 1786 1983 1832 quam

200 1830 397 1878 retinere
420 1832 688 1895 nequibant,
714 1832 950 1896 linquunt,
989 1831 1018 1878 fi
1051 1831 1259 1878 homines
1283 1831 1361 1877 diu
1393 1846 1498 1878 cum
1524 1833 1706 1879 fortuna
1726 1833 1982 1891 colluftati,

201 1908 338 1958 atque
362 1895 546 1943 incertis
568 1895 746 1943 sedibus
772 1914 851 1960 per
872 1897 1018 1943 varios
1043 1913 1213 1943 errores
1231 1895 1405 1958 jactati,
1430 1896 1471 1942 se
1493 1895 1539 1943 in
1564 1896 1840 1960 longinquas
1860 1899 1981 1963 regi-

201 1976 311 2006 ones
331 1962 517 2007 tandem
541 1961 791 2025 aliquando
813 1962 1123 2017 contulerunt,
1148 1961 1263 2008 nihil
1294 1960 1460 2026 opinor
1481 1962 1604 2025 apud
1639 1977 1788 2010 rerum
1808 1964 1980 2026 peritos

201 2025 513 2072 admirationis
537 2044 604 2073 res
627 2025 793 2073 habere
815 2026 968 2073 debet.

264 2090 420 2137 XXII.
435 2091 562 2138 Duas
582 2085 801 2154 praeterea
819 2090 1022 2137 nationes
1041 2091 1232 2137 vetustas
1250 2107 1277 2137 a
1293 2089 1586 2154 scriptoribus
1599 2091 1820 2139 Romanis
1835 2092 1980 2140 collo-

201 2154 295 2202 cati
321 2154 529 2202 videmus
551 2155 670 2202 intra
701 2173 777 2202 eos
801 2155 988 2210 limites,
1023 2155 1190 2219 quibus
1226 2171 1367 2219 regna
1389 2157 1648 2210 Scotorum,
1674 2161 1714 2203 &
1749 2157 1980 2205 Pictorum

202 2220 450 2282 aliquando
487 2221 832 2273 claudebantur,
874 2220 1088 2272 Maianis,
1115 2226 1160 2268 6<
1190 2220 1463 2267 Attacottas.
1545 2222 1614 2267 Ex
1653 2220 1723 2267 his
1762 2221 1977 2278 Maiatas,

202 2300 317 2345 quos
341 2283 467 2331 Dion
504 2301 620 2331 unus
657 2285 802 2348 (quod
826 2284 981 2344 sciam)
1017 2283 1222 2330 nominat
1258 2283 1440 2332 Pieiicae
1473 2285 1624 2349 gentis
1655 2284 1801 2340 fuisse,
1838 2302 1967 2334 reor:

201 2349 388 2409 quando
408 2366 484 2396 eos
508 2350 554 2396 in
590 2349 710 2413 agris
733 2349 998 2396 Caledoniis
1021 2348 1242 2411 proximis
1265 2350 1496 2396 constituit
1523 2368 1534 2396 :
1585 2365 1699 2413 quos
1722 2366 1855 2413 agros
1877 2366 1978 2399 cer-

201 2423 298 2458 tum
319 2414 379 2459 est
398 2414 546 2461 Piflos
569 2413 769 2461 tenuisse.
809 2415 1064 2461 Attacottas
1083 2430 1139 2459 ex
1161 2413 1436 2461 Marcellino
1455 2428 1644 2488 apparet
1668 2414 1796 2461 fuifl‘e
1813 2432 1868 2461 ex
1891 2415 1976 2474 eis,

201 2476 280 2538 qui
304 2477 549 2540 aliquando
575 2479 694 2525 talio
717 2478 910 2526 Adriani
934 2478 1098 2525 exclusi
1130 2478 1280 2541 postca
1301 2478 1489 2541 prolatis
1515 2478 1699 2542 imperii
1728 2478 1873 2526 sinibu
1919 2482 1980 2530 ad

156 2561 158 2563 ·
203 2540 357 2586 Severi
379 2543 550 2589 vallum
577 2544 715 2605 usque
739 2543 858 2590 intra
881 2542 1162 2606 provinciam
1189 2543 1272 2590 sint
1293 2543 1606 2606 comprehensi
1633 2562 1644 2590 :
1681 2542 1899 2607 quoniam
1931 2544 1982 2595 in

200 2603 363 2651 libello
388 2615 422 2635 ‘⁴
443 2618 500 2653 ce
526 2609 595 2668 (i)
622 2608 910 2655 castrensibus
926 2608 1087 2653 officiis
1111 2608 1424 2654 Romanorum
1440 2625 1521 2672 per
1538 2607 1794 2671 provincias
1811 2610 1839 2631 ’'
1860 2609 1983 2660 inter

200 2683 386 2716 externa
411 2671 582 2718 auxilia
607 2673 786 2735 reperio
809 2672 1019 2719 cohortes
1044 2672 1222 2734 aliquot
1242 2673 1732 2728 Attacottorum,ficut
1753 2677 1792 2720 ἃ
1809 2672 1979 2721 Britto-

200 2748 311 2779 num
363 2751 457 2806 quo
480 2737 622 2800 magis
647 2737 789 2784 miror
812 2735 1050 2783 audaciam
1073 2736 1243 2790 dicam,
1258 2753 1314 2782 an
1338 2738 1567 2799 stuporem
1584 2736 1765 2783 Luddi:
1792 2738 1980 2786 audaci-

199 2813 292 2851 am,
313 2815 394 2860 qui
419 2804 672 2847 Attacottas
692 2802 818 2849 fuiss‘e
842 2803 1019 2854 Scotos,
1038 2800 1112 2847 sed
1138 2801 1267 2846 nullo
1285 2802 1462 2863 prorsus
1480 2801 1680 2854 auctore,
1701 2812 1778 2864 aut
1795 2802 1980 2864 conjec-

200 2871 304 2909 tura
336 2863 569 2910 verisimili
613 2867 805 2912 affirmet
831 2884 841 2912 :
879 2866 1124 2928 stuporem,
1151 2864 1279 2928 quod
1317 2864 1366 2911 in
1388 2865 1492 2910 loco
1516 2863 1778 2911 Marcellini
1801 2881 1826 2910 a
1848 2866 1889 2912 se
1911 2867 1980 2915 ci-

198 2936 295 2972 tato
317 2929 478 2974 Scotos
500 2930 557 2975 ab
584 2930 828 2977 Attacottis
852 2929 1045 3002 separari
1063 2946 1155 2976 non
1176 2927 1347 2975 videat.
1416 2928 1577 2991 Inquit
1595 2928 1720 2976 enim
1741 2927 1981 2979 Marcelli-

199 3006 300 3045 nus,
324 2992 455 3047 Picti,
482 2999 522 3040 δι
547 2995 765 3049 Saxones,
792 3006 936 3046 neoti,
969 2999 1009 3041 &
1034 2993 1261 3040 Attacotti
1281 2992 1524 3040 Britannos
1546 2992 1760 3040 tert-mnis
1782 3010 1981 3043 vexave-

197 3068 244 3099 re
268 3056 498 3104 continuis
583 3058 682 3105 Pari
706 3059 883 3119 stupore
905 3058 963 3105 ab
985 3074 1042 3105 eo
1066 3057 1235 3105 factum
1258 3058 1338 3111 est,
1360 3069 1408 3103 ut
1429 3058 1679 3105 contendat
1697 3057 1980 3107 Caledonios

196 3116 223 3164 ὲ
257 3118 515 3168 Brittonum
539 3135 675 3186 gente
714 3122 857 3177 fuiss’e,
882 3122 964 3185 qui
986 3121 1236 3185 planissime
1257 3120 1373 3169 Picti
1395 3120 1581 3168 fuerunt
1607 3140 1617 3169 :
1654 3121 1781 3185 quod
1805 3123 1978 3186 perspi-

195 3197 279 3229 cue
303 3184 491 3232 Luddus
510 3186 768 3234 testimonio
790 3204 847 3234 ex
871 3190 941 3249 (z)
959 3184 1357 3253 Panegyric0,qui
1382 3185 1530 3234 dicius
1562 3185 1652 3235 fuit
1675 3186 1980 3236 Constantino

248 3326 310 3380 (1)
342 3331 650 3381 camp-services.
1121 3335 1394 3382 renown,.an<l
1414 3334 1507 3372 with
1539 3334 1605 3372 tb‘e
1623 3333 1748 3372 whole
1766 3332 1977 3383 atrembiy·s

232 3384 311 3433 '(2)
341 3385 600 3434 Panegyricus,
623 3389 652 3424 is
673 3401 693 3424 a
725 3389 853 3438 speech
880 3390 989 3427 made
1008 3389 1057 3426 in<
1120 3388 1291 3439 applaiise
1313 3389 1382 3424 and
1402 3387 1656 3440 approb·tion.
1713 3387 1816 3425 Here
1845 3386 1875 3424 it
1900 3387 1933 3424 is
1955 3397 1979 3424 a

192 3448 211 3473 a
232 3436 358 3485 public
377 3438 557 3487 mering,
579 3453 618 3476 in
638 3440 752 3489 praise
771 3443 815 3479 of
829 3455 899 3491 any
920 3441 1047 3491 person
1119 3441 1315 3492 panegyric
1335 3442 1442 3478 made
1459 3449 1502 3478 to
1529 3440 1773 3478 Constantine
1793 3439 1860 3477 the
1877 3446 1980 3488 great

190 3489 381 3537 deserving
399 3491 484 3527 well
504 3491 548 3528 ot*
562 3495 627 3528 tle
646 3493 786 3541 public,
808 3495 976 3532 wherein
997 3495 1048 3532 all
1121 3495 1167 3544 by
1185 3507 1233 3532 an
1253 3494 1448 3531 uncertain
1467 3495 1618 3539 author,
1638 3495 1708 3530 and
1728 3493 1771 3534 is,
1785 3492 1915 3531 (iiiito
1931 3492 1978 3529 be

189 3540 251 3579 his
283 3542 420 3580 virtues
441 3546 511 3580 and
534 3546 591 3580 no'·
607 3545 647 3581 le
663 3545 957 3584 atchievcments
987 3561 1049 3585 are
1121 3546 1273 3587 {cervia
1303 3546 1372 3587 the
1389 3546 1541 3598 volume
1568 3547 1615 3586 of
1641 3545 1708 3587 the
1734 3546 1797 3587 old
1808 3557 1977 3598 ,εἰκυ-

190 3594 231 3631 in
251 3607 271 3632 a
289 3595 395 3634 florid
413 3596 501 3637 stile.
526 3596 696 3636 summed
723 3612 771 3649 up
791 3609 830 3638 to
862 3600 921 3638 his
949 3609 1049 3649 great
1118 3601 1205 3640 ries.

1894 3698 1993 3751 adh-—
