2106 3838
237 169 326 255 48
589 165 1744 238 RERUM.2Sco‘1-tcanvM

237 267 426 331 quando
440 267 632 314 eundem
655 267 798 317 fuisse,
823 281 874 310 ac
892 262 1114 326 paulatim
1137 265 1209 311 vel
1232 279 1520 318 externarum
1544 268 1755 334 gentium
1778 283 2004 320 commer-

237 332 331 387 cio,
349 331 424 379 vel
436 331 702 395 ignotarum
722 343 824 376 ante
846 343 994 375 rerum
1018 327 1292 385 invectione,
1317 333 1390 378 vel
1413 349 1634 379 novarum
1658 333 1824 381 artium
1847 336 2012 384 inven-

238 395 384 451 tione,
408 395 688 458 &frequenti
712 394 870 439 formae
891 391 1097 446 vestium,
1121 408 1367 450 armorum,
1402 396 1788 461 supellectilisque
1818 399 2009 463 reliquae

237 459 496 508 mutatione
517 460 766 505 sermonem
789 456 922 502 facile
944 455 1181 518 sequacem
1201 458 1359 504 multis
1383 458 1430 505 in
1454 458 1662 522 partibus'
1680 462 1864 510 interim
1904 479 2014 510 auc-

237 537 357 578 tum,
380 523 565 570 interim
588 521 911 574 adulteratum,
936 535 988 566 ac
1012 521 1156 567 multa
1177 537 1296 567 nova
1316 523 1542 571 vocabula
1563 527 1736 589 genita,
1764 528 1908 573 multa
1931 543 2011 574 ve-

238 589 355 634 tusta
372 588 546 634 vitiata.
615 583 804 645 Cogitet
838 585 960 647 apud
987 584 1030 631 se
1051 585 1241 648 quisque
1263 599 1487 649 quantum
1511 590 1674 650 populi
1707 590 2011 639 inconstantia

241 651 326 699 fibi
347 652 392 697 in
418 652 500 696 hac
521 660 646 712 parte
667 647 811 695 sumat
836 667 846 694 :
879 661 1103 712 quantum
1126 649 1167 696 ei
1194 650 1369 713 semper
1391 656 1431 697 δι
1455 650 1611 706 fuesst,
1636 657 1684 702 ὅ(
1709 654 1763 700 fit
1783 656 2017 717 praesenti-

240 732 318 762 um
343 714 585 765 fastidium,
621 714 671 761 ὅτ
692 710 943 760 innovandi
967 713 1181 768 studium,
1205 714 1460 777 comperiet
1479 716 1684 778 profecto
1704 715 1823 765 ill-ud
1838 717 2008 782 opcimi

238 782 408 844 poetae,
433 783 479 827 &
501 775 629 823 unici
649 776 844 824 censoris
863 776 1093 838 judicium
1115 780 1200 825 effe
1227 779 1517 828 veriffimum.

301 873 372 920 Ut
393 871 512 917 sssvae
536 866 656 915 foliis
678 885 846 932 pronos
870 870 1167 918 mutanturin
1192 887 1353 926 annos,

299 937 452 984 Prima
472 934 659 989 cadunt,
684 933 747 980 ita
764 934 1004 981 verborum
1029 948 1158 980 vetus
1181 933 1339 981 interit
1362 947 1487 991 aetas,

298 1001 357 1048 Et
372 999 598 1059 juvenum
621 998 709 1044 ritu
733 997 895 1046 florent
917 998 1058 1046 modo
1080 1011 1202 1052 nata,
1227 998 1496 1063 vigentque.
1626 1002 1687 1049 Et
1709 1000 1851 1064 paulo
1874 999 2015 1052 infra.

299 1064 454 1112 Multa
471 1063 773 1117 renascentur,
797 1079 901 1126 quae
917 1063 1013 1124 jam
1036 1063 1259 1116 cecidere,
1283 1064 1542 1126 cadentque

300 1131 419 1191 Qae
443 1142 563 1175 nunc
583 1127 685 1174 sunt
706 1126 751 1173 in
775 1127 948 1174 honore
968 1129 1212 1181 vocabula,
1242 1128 1272 1174 fi
1297 1129 1421 1175 volet
1445 1129 1562 1184 usus,

301 1195 453 1257 Qem
479 1208 616 1256 penes
637 1190 877 1240 arbitrium
900 1194 978 1249 est,
996 1196 1040 1242 δι
1062 1192 1155 1255 jus,
1177 1198 1216 1240 δι
1241 1209 1402 1240 norma
1423 1191 1662 1257 loquendi.

237 1283 355 1334 Haec
371 1283 657 1349 quidem‘ille
680 1284 738 1331 de
761 1285 971 1331 Romano
996 1283 1202 1331 sermone
1227 1284 1414 1348 scripsit,
1438 1284 1519 1348 qui
1543 1302 1712 1349 magna
1733 1285 1906 1334 civium
1931 1302 2011 1336 cu-

235 1368 287 1397 ta
307 1350 595 1412 incorruptus
617 1349 876 1396 servabatur
897 1368 907 1396 :
941 1366 1080 1411 quem
1102 1366 1262 1396 omnes
1282 1350 1504 1404 nationes,
1526 1368 1623 1414 qua·
1647 1350 1766 1398 intra
1783 1364 1876 1403 tam
1899 1351 2015 1400 latos

235 1413 418 1477 imperii
453 1414 563 1460 fines
598 1412 950 1461 continebantur
991 1413 1238 1477 diligenter
1260 1414 1566 1462 addiscebant.
1637 1416 1713 1462 Ne
1735 1416 2014 1463 admiremur

236 1479 381 1543 igitur
402 1478 609 1542 linguam
626 1490 732 1526 ante
750 1478 952 1525 colonias
971 1477 997 1524 ἑ
1016 1478 1188 1525 Galliis
1210 1478 1257 1525 in
1279 1496 1437 1526 omnes
1457 1492 1604 1542 partes
1625 1480 1798 1528 emissas
1814 1481 1911 1541 jam
1931 1480 2015 1527 do-

238 1544 306 1592 mi
336 1542 669 1597 discordem,&
694 1543 862 1590 deinde
879 1543 1153 1589 diversarum
1174 1543 1414 1590 nationum
1435 1544 1750 1591 commistione
1769 1545 2016 1608 pollutam,

238 1613 279 1655 δε
302 1609 359 1655 ab
380 1608 517 1654 initio
541 1607 797 1661 barbaram,
828 1613 861 1654 'St
893 1606 981 1653 suis
1011 1608 1212 1670 quodam
1239 1609 1378 1655 modo
1402 1610 1675 1670 neglefflrm,
1700 1624 1751 1655 ac
1776 1609 2015 1671 postquam

238 1673 297 1720 ab
318 1686 507 1720 externo
530 1672 623 1719 solo
654 1671 801 1718 rursus
824 1670 870 1718 in
895 1671 1177 1719 Britanniam
1216 1673 1257 1718 se
1280 1673 1452 1735 recepit
1474 1672 1520 1719 in
1553 1690 1693 1737 regna
1714 1672 1878 1720 exteris
1903 1673 2016 1734 plae-

237 1754 417 1799 runque
431 1736 632 1782 obnoxia
655 1736 843 1783 divisam
865 1736 950 1782 fibi
971 1753 1063 1783 non
1088 1736 1262 1799 semper
1283 1739 1498 1784 constare.
1533 1738 1659 1784 Nam
1679 1742 1723 1785 8<
1749 1736 1887 1784 initio
1905 1737 2017 1783 Cel-

237 1813 315 1857 tae,
353 1808 394 1848 δι
431 1801 584 1864 Belga:
606 1800 1064 1856 diversa‘utebantur,
1099 1815 1149 1848 ut
1173 1802 1334 1848 Strabo
1356 1801 1522 1856 censet,
1548 1802 1760 1849 dialec'to.
1827 1801 2016 1849 Deinde

238 1881 344 1915 cum
367 1866 514 1912 Celtae
539 1882 727 1930 magnas
753 1868 823 1927 (1)
846 1865 1049 1912 colonias
1073 1864 1119 1912 in
1144 1866 1414 1929 Hispaniam
1433 1867 1692 1921 emisissent,
1729 1879 1779 1913 ut
1805 1868 1875 1926 (2)
1901 1865 2014 1912 Cel-

235 1930 505 1984 tiberorum,
551 1934 600 1980 &
641 1931 924 1977 celticorum
962 1929 1169 1977 indicant
1205 1931 1409 1985 nomina,
1447 1933 1495 1979 &
1542 1932 1693 1994 Belgae
1729 1929 2015 1978 Britanniam

236 1994 531 2049 maritimam,
554 2008 603 2041 ut
634 1994 833 2059 intelligi
856 1995 998 2058 potest
1017 2012 1074 2041 ex
1098 1997 1263 2042 Vcntae
1287 1997 1548 2058 Belgarum,
1574 2012 1630 2042 ex
1655 1995 1946 2047 Atrebatum,
1972 1999 2012 2042 δε

237 2060 480 2108 Icenorum
504 2058 787 2114 nominibu5‚
811 2061 1117 2123 occupassent,
1151 2077 1241 2107 non
1267 2061 1411 2123 potest
1435 2060 1549 2115 fieri,
1588 2073 1637 2106 ut
1658 2075 1748 2106 non
1773 2059 1880 2105 hinc
1923 2059 2014 2106 Hi·-

239 2123 385 2187 spani,
410 2124 516 2171 inde
540 2123 758 2178 Romani,
783 2125 945 2188 Angli,
965 2124 1107 2179 Dani,
1142 2124 1368 2172 Normani
1392 2141 1484 2172 non
1509 2125 1654 2171 multa
1674 2123 1917 2188 peregrina
1932 2139 2012 2169 vo-

235 2188 400 2236 cabula
421 2188 568 2236 secum
591 2188 875 2243 advexerint,
899 2189 1046 2251 patria
1067 2189 1368 2252 corruperint.
1437 2190 1563 2252 Qin
1599 2188 1717 2235 illud
1748 2187 1900 2251 potius
1923 2188 2011 2235 mi·

237 2254 430 2301 randum
453 2253 627 2303 censeo,
661 2254 786 2317 quod
811 2269 932 2300 nunc
954 2253 1093 2301 etiam
1116 2266 1243 2301 tanto
1267 2255 1362 2316 post
1389 2267 1593 2317 tempore
1619 2266 1686 2300 tot
1705 2251 1912 2316 gentium
1933 2253 2015 2300 ad-

236 2330 376 2364 ventu
397 2318 677 2372 adulteratis,
697 2323 738 2366 δι
763 2334 929 2381 magna
949 2335 1007 2365 ex
1029 2332 1159 2382 parte
1178 2318 1362 2365 mutatis
1382 2317 1638 2365 vicinarum
1662 2317 1903 2365 nationum
1923 2316 2014 2364 lin-

234 2381 340 2445 guis
361 2385 431 2445 (3)
458 2381 607 2429 adhuc
637 2382 841 2429 Britanni
873 2399 965 2431 non
989 2397 1083 2430 tam
1109 2383 1313 2431 sermone
1335 2396 1451 2437 toto,
1476 2399 1615 2445 quam
1639 2381 1936 2445 proprietate,
1971 2386 2013 2429 δι

236 2445 434 2494 dialecto
454 2446 578 2493 inter
600 2446 641 2493 se
661 2446 917 2510 discrepent
937 2466 948 2496 ε
981 2464 1035 2495 ac
1055 2448 1086 2495 si
1110 2448 1214 2512 quis
1234 2465 1291 2495 ex
1309 2448 1372 2495 eis
1396 2447 1577 2494 alterius
1602 2445 1797 2494 nationis
1822 2447 1892 2509 (4)
1915 2446 2014 2493 Bri-

235 2510 417 2559 tannice
437 2512 672 2558 hominem
691 2511 847 2558 audiat
877 2512 1161 2576 loquentem,
1184 2512 1343 2560 sorum
1366 2525 1519 2558 tamen
1545 2512 1629 2558 sua:
1654 2510 1829 2574 linguae
1851 2510 2013 2574 agnos-

235 2587 326 2631 cet,
350 2581 391 2622 &
414 2576 613 2639 plurima
633 2575 772 2623 verba
792 2576 959 2639 capiet,
980 2593 1243 2640 quanquam
1270 2578 1521 2624 sermonem
1547 2575 1806 2623 universum
1829 2592 1920 2622 non
1942 2574 2014 2621 im-

235 2640 431 2704 telligat.
496 2641 602 2688 Nec
624 2641 656 2687 fi
674 2657 767 2688 non
797 2642 958 2688 eadem
981 2643 1157 2705 semper
1177 2642 1301 2705 apud
1315 2657 1478 2689 omnes
1499 2642 1744 2689 eamdem
1761 2655 1919 2687 rerum
1940 2638 2020 2687 in*

233 2704 720 2754 venienturvocabula
741 2721 913 2753 novum
930 2706 1068 2754 debet
1084 2706 1250 2761 videri,
1270 2705 1588 2768 reputantibus
1607 2718 1832 2768 quantum
1853 2703 1902 2750 in
1922 2703 2014 2751 fin»

232 2771 447 2834 gularum
475 2770 690 2833 gentium
726 2768 928 2817 sermone
959 2771 1170 2834 quotidie
1200 2782 1387 2818 >mutent
1419 2769 1677 2817 vicinorum
1714 2768 2010 2824 commercia,

233 2849 461 2897 qnantum
484 2833 651 2881 ass'idua
667 2833 963 2890 consuetudo,
982 2848 1100 2898 quot
1116 2851 1236 2882 nova
1252 2836 1391 2882 verba
1405 2850 1512 2881 cum
1530 2834 1665 2881 rebus
1684 2849 1830 2895 nuper
1850 2831 2014 2879 inven-

235 2898 294 2946 tis
313 2898 569 2952 nascantur,
607 2909 722 2960 quot
752 2914 809 2944 ex
832 2898 1005 2945 ultimis
1031 2898 1169 2946 sterris
1188 2915 1296 2946 cum
1328 2899 1415 2945 suis
1449 2898 1677 2945 mercibus
1711 2893 2026 2952 advehannm'

234 2974 351 3026 quot
367 2963 817 3017 vetustaintereant„
844 2975 960 3026 quot
986 2961 1175 3025 adjeftis
1198 2963 1341 3010 literis
1363 2964 1437 3010 vel
1453 2962 1640 3024 syllabis
1669 2962 2009 3026 protrahantur.

235 3028 397 3076 ablatis
413 3029 724 3082 decimentur,
748 3027 1023 3091 transpositis
1046 3042 1124 3075 aut
1142 3028 1326 3075 mutatis
1348 3026 1699 3090 interpolentur.

293 3156 354 3207 (1)
383 3162 420 3195 A
440 3159 574 3208 colony
592 3156 623 3196 is
642 3171 662 3194 a
687 3157 888 3196 multitude
906 3157 952 3195 of
966 3159 1096 3207 people
1161 3159 1208 3208 by
1237 3157 1302 3196 the
1335 3171 1462 3196 names
1489 3157 1535 3196 of
1560 3157 1688 3208 people
1717 3158 1925 3195 ansstowns
1950 3154 2015 3193 be-

236 3209 316 3262 sent
328 3210 427 3250 from
438 3223 509 3248 one
521 3220 725 3262 countryto
737 3210 907 3258 another,
923 3212 1095 3250 tomake
1161 3212 1224 3261 ing
1254 3225 1323 3249 one
1353 3214 1423 3249 and
1453 3211 1518 3254 the
1547 3211 1645 3254 same
1671 3222 1810 3258 among
1834 3209 1902 3253 the
1925 3208 2016 3247 Bel·

237 3274 260 3300 a
277 3275 362 3313 new
379 3263 606 3312 plantation.
1161 3279 1217 3313 gae
1251 3265 1290 3302 in
1319 3265 1459 3302 France
1489 3266 1561 3302 and
1591 3264 1680 3301 here
1710 3262 1749 3300 in
1777 3262 1952 3311 Britain3
1977 3273 2019 3305 ,aa

290 3315 351 3367 (2)
379 3315 469 3352 The
485 3317 584 3354 Celti
605 3330 702 3356 were
722 3317 789 3364 the
807 3317 959 3356 ancient
975 3315 1088 3354 inha-
1159 3314 1289 3356 Venta
1310 3318 1524 3366 Belgarum,
1546 3316 1759 3361 Atrebates,
1779 3314 1898 3353 Iceni.

234 3367 375 3406 bitants
391 3367 437 3406 of
456 3368 522 3406 the
540 3369 680 3408 middle
708 3378 791 3421 part
807 3371 852 3408 of
879 3372 1032 3416 France,
1051 3369 1096 3407 of
1118 3374 1123 3375 ⁷
1212 3371 1277 3421 (3)
1304 3373 1365 3408 He
1384 3368 1568 3408 meaneth·
1581 3369 1648 3406 the
1665 3367 1796 3406 welssi
1822 3369 1895 3405 aud
1912 3367 2018 3405 Seot·

235 3420 365 3459 whom
385 3420 584 3459 descended
601 3421 669 3460 the
695 3424 878 3462 Celtiberi
911 3425 982 3461 and
996 3423 1092 3461 Cel·
1156 3424 1460 3473 Highlandmen‚
1497 3422 1564 3460 the
1599 3421 1751 3460 ancient
1785 3420 2018 3463 inhabitans

198 3480 203 3484 '
233 3474 302 3512 tici
332 3471 378 3511 of
400 3474 529 3524 Spain.
575 3474 663 3511 The
685 3476 828 3525 Belgae,
861 3476 1094 3515 inhabitants
1165 3478 1209 3517 os
1224 3477 1385 3515 Britain.
1441 3520 1444 3525 ,
2001 3473 2003 3476 ’

235 3528 282 3566 of
306 3525 465 3565 another
483 3525 584 3564 third
601 3537 681 3576 part
699 3528 744 3565 of
767 3532 919 3576 Franco,
937 3529 1018 3567 sent
1052 3543 1095 3567 o·
1206 3529 1277 3580 ’(4)
1307 3528 1657 3567 his-Britannicae

235 3593 302 3620 ver
318 3579 483 3619 cult-aies
515 3579 596 3618 imo
625 3579 786 3628 Britain,
808 3594 845 3618 as
864 3582 894 3618 is
921 3582 1095 3622 manif-:st
1598 3595 1603 3600 *
1638 3608 1648 3612 -

1718 3673 1872 3735 XXV.
1884 3708 1889 3714 ·
1903 3683 2018 3733 Non
