2068 3868
0 3486 20 3601 3.

472 63 802 127 LIBER
878 62 1529 130 UNDECIMUS.
1767 84 1897 146 317

124 187 181 219 na
202 185 306 216 cum
329 165 566 214 clientium
589 165 735 211 turba.
805 165 1079 211 Liberaliter
1113 163 1138 210 a
1167 166 1296 227 Rege
1318 163 1555 217 invitatus,
1582 161 1628 208 in
1649 178 1798 209 arcem
1828 166 1897 212 as·

120 235 291 281 cendit.
326 233 474 278 Coena
491 228 697 275 hilariter
718 232 914 290 peraeta,
935 232 1034 275 Rex
1057 228 1104 275 in
1128 230 1394 275 cubiculum
1418 228 1628 274 secretius
1653 243 1758 274 curn
1784 247 1899 290 pau·

118 300 184 346 cis
204 314 310 344 eum
331 292 582 342 introducit
605 308 617 336 :
653 309 710 338 ne
733 292 801 338 his
827 293 1013 354 quidem
1035 293 1271 346 adhibitis,
1292 308 1395 339 cum
1421 292 1588 354 quibus
1611 293 1768 338 omnia
1787 309 1898 340 con·

120 363 217 412 filia
247 358 585 408 communicare
607 355 915 403 consueverat.
987 357 1059 402 Ibi
1082 358 1335 404 sermonem
1358 358 1492 404 altius
1515 357 1696 403 exorsus
1721 358 1777 402 de
1801 375 1898 404 ma·

115 428 270 492 jorum
294 425 387 486 ejus
412 424 516 476 fide,
544 429 582 468 Sc
606 420 893 475 fortitudine,
920 421 1088 483 suaque
1112 424 1160 468 in
1189 438 1373 468 omnem
1396 421 1621 468 familiam
1650 422 1899 485 indulgen·

117 492 195 538 tia.
219 487 430 552 privatim
449 487 588 533 etiam
610 485 657 531 in
682 485 845 546 ipsum.
915 485 1210 532 Facinoribus
1230 487 1352 533 enim
1372 487 1429 533 ab
1448 504 1502 534 eo
1522 487 1812 549 perpetratis,
1826 482 1901 533 vel

122 555 267 600 aetatis
296 553 579 605 infirmitate,
605 551 677 596 vel
700 550 1018 612 improborum
1046 551 1251 606 consilio,
1278 551 1460 597 veniam
1484 551 1525 597 se
1548 550 1683 598 facile
1714 552 1899 599 dediffe.

124 621 312 680 Semper
334 617 518 679 sperasse
545 617 618 661 vel
655 614 730 660 sua
751 614 801 659 in
823 630 929 660 eum
953 615 1257 668 humanitate,
1283 621 1322 662 δε
1346 617 1609 670 clementia,
1648 617 1721 661 vel
1757 617 1901 664 aetatis

110 695 382 731 'maturitate
400 699 447 727 in
473 679 635 726 melius
660 679 989 740 profesturum.
1026 680 1095 724 Ac
1116 696 1171 725 ne
1196 696 1317 725 nunc
1339 680 1527 742 quidem
1548 681 1680 727 aliter
1698 681 1898 743 sperare:

121 764 271 808 neque
294 745 499 808 quandiu
518 761 621 791 eum
647 743 791 803 impie
821 756 1103 804 patratorum
1123 744 1383 806 poeniteret,
1409 746 1586 793 aditum
1610 746 1666 791 ad
1689 746 1900 793 humani-

121 824 260 859 tatem
289 812 385 857 sore
406 808 718 855 interclusum.
788 809 894 855 Hoc
918 808 1106 870 quidem
1131 811 1423 870 postremum,
1448 811 1617 873 inquit,
1646 827 1749 857 cum
1788 813 1901 859 Cra·

123 876 291 930 fordio‚
317 881 356 921 δε
381 873 595 922 Roffienfi
621 874 788 927 foedus,
815 890 964 935 neque
996 873 1082 919 tibi
1116 874 1371 929 honestum,
1396 879 1444 922 ὃς
1470 875 1585 920 mihi
1619 875 1903 937 ignominio-

121 941 236 994 sum,
262 940 339 986 etsi
361 937 628 1001 permoleste
651 937 766 992 fero,
788 949 939 984 tamen
963 938 1058 997 ejus
1083 939 1332 984 dirimendi
1354 938 1440 983 tibi
1457 939 1606 985 adhuc
1629 941 1748 986 facio
1770 955 1902 1004 pote-

122 1007 294 1052 statem.
321 1005 375 1050 Id
392 1019 656 1066 quanquam
678 1004 896 1064 meojure
917 1002 1088 1064 possum
1112 1003 1354 1065 imperare,
1374 1017 1524 1049 tamen
1546 1004 1729 1050 suadere
1751 1009 1869 1053 malo
1888 1027 1901 1054 ε

119 1083 185 1122 ut,
207 1070 392 1132 quando
415 1068 621 1114 omnium
654 1067 779 1113 oculi
804 1069 850 1112 in
877 1081 920 1113 te
939 1067 1040 1113 sunt
1062 1067 1246 1119 intenti,
1263 1067 1509 1112 criminum
1536 1068 1799 1130 suspitiones
1823 1072 1903 1118 abs

120 1146 164 1182 te
180 1137 233 1181 eo
253 1133 522 1196 diligentius
535 1132 782 1178 semoveas.
804 1131 1065 1193 Duglaffi'us
1081 1131 1136 1176 ad
1153 1144 1317 1178 caetera
1333 1130 1434 1177 satis
1451 1133 1638 1179 demisse
1652 1135 1900 1196 respondit.

119 1201 241 1246 Cum
267 1200 324 1244 ad
347 1198 531 1244 foederis
556 1196 838 1243 mentionem
862 1198 921 1241 est
940 1209 1146 1249 ventum,
1165 1198 1304 1258 paulo
1326 1197 1586 1257 perplexius
1606 1199 1800 1260 agebat:
1823 1218 1903 1248 ne-

120 1281 209 1327 que
233 1262 409 1315 liquid-e
432 1261 709 1324 expediebat
727 1260 841 1321 quid
861 1262 967 1306 esset
990 1260 1248 1312 a&u1·us‚,se
1272 1261 1395 1306 enim
1416 1277 1521 1306 cum
1546 1262 1675 1308 sociis
1699 1265 1903 1313 colloca..

120 1317 299 1376 turum?
349 1328 453 1374 Nec
474 1327 577 1388 satis
600 1325 774 1378 videre,
800 1341 880 1371 cur
911 1325 957 1371 in
982 1325 1221 1388 praesentia
1251 1325 1352 1371 Rex
1376 1325 1422 1371 id
1442 1338 1681 1389 tantopere
1707 1344 1865 1390 urgeat
1890 1351 1901 1378 ε

120 1410 226 1440 cum
248 1392 296 1439 in
320 1409 374 1439 eo
398 1393 570 1440 foedere
602 1389 719 1436 nihil
743 1390 1051 1444 contineatur,
1076 1391 1203 1452 quod
1225 1389 1321 1449 ejus
1346 1390 1548 1436 animum
1570 1392 1736 1438 debeat
1758 1396 1900 1443 offen-

116 1460 241 1505 dere.
311 1459 413 1506 Rex
436 1457 522 1503 five
547 1455 801 1502 deliberato
820 1455 917 1515 jam
941 1454 1161 1508 facinore,
1188 1456 1275 1500 sive
1295 1454 1489 1518 responsi
1513 1460 1584 1518 (ut
1606 1457 1753 1504 videri
1772 1460 1899 1508 vole-

121 1523 233 1569 bant
251 1523 408 1580 aulici)
426 1521 719 1569 contumacia
739 1519 950 1572 offensus,
978 1520 1024 1564 Si
1048 1532 1114 1572 tu,
1141 1518 1313 1580 inquit,
1337 1537 1427 1565 non
1448 1520 1534 1574 vis,
1558 1538 1646 1584 ego
1669 1523 1903 1573 dirimam.

120 1590 181 1635 Et
203 1603 308 1633 cum
331 1587 454 1634 ditio
477 1585 728 1649 pugionem
753 1582 858 1630 eiin
881 1585 1038 1646 pestus
1058 1584 1233 1629 defixit.
1306 1585 1378 1629 Ad
1404 1585 1636 1647 strepitum
1657 1589 1737 1649 qui
1757 1591 1813 1636 acl
1836 1593 1907 1638 os-

122 1653 241 1699 tium
263 1648 663 1713 stabant,ingresli,
679 1647 832 1694 multis
852 1665 959 1696 eum
975 1648 1242 1694 vulneribus
1267 1648 1532 1696 conficiunt.
1559 1653 1674 1697 Sunt
1697 1654 1777 1715 qui
1795 1672 1906 1717 pro-

125 1716 249 1763 xime
274 1717 368 1777 post
398 1716 577 1777 Regem
608 1712 634 1757 a
656 1713 852 1758 Patricio
877 1713 1041 1767 Graio,
1067 1713 1194 1773 cujus
1228 1727 1333 1772 ante
1358 1715 1668 1770 meminimus,
1694 1718 1833 1766 securi
1855 1721 1904 1770 in

123 1792 264 1844 caput
285 1780 458 1833 adacta,
475 1795 580 1825 eum
601 1776 912 1824 exanimatum
937 1778 1099 1824 ferant.
1153 1776 1338 1825 Deinde
1360 1779 1582 1841 reliquos,
1599 1781 1679 1842 qui
1699 1784 1904 1841 aderant,

121 1860 174 1891 ut
192 1845 385 1893 studium
401 1845 449 1890 in
465 1845 642 1905 Regem
659 1843 961 1897 ostenderent,
980 1843 1099 1888 suam
1117 1858 1332 1904 querique
1348 1845 1531 1907 plagam
1548 1845 1773 1893 inflixisse.
1788 1851 1906 1897 Htec

122 1910 270 1955 caedes
304 1909 469 1954 incidit
488 1909 532 1954 in
565 1906 761 1953 mensem
782 1906 1101 1962 Februarium,
1126 1906 1234 1953 anni
1271 1924 1285 1953 1
1307 1925 1375 1973 45
1399 1925 1441 1964 ιε,
1460 1909 1593 1969 juxta
1619 1911 1904 1975 supputatio-

124 1991 229 2021 nem
255 1974 530 2020 Romanam.
578 1996 580 1999 v

184 2039 458 2085 XXXVIII.
491 2038 634 2083 Erant
655 2047 753 2081 tum
779 2033 964 2082 Sterli'ni
986 2048 1185 2097 quatuor
1199 2035 1357 2083 fratres
1380 2039 1496 2100 ejus,
1523 2042 1806 2106 magnusque
1826 2063 1904 2095 eos

123 2102 329 2151 seEtantis
349 2101 603 2148 nobilitatis
626 2117 863 2147 numerus-
918 2098 987 2145 Hi
1007 2117 1053 2146 re
1076 2115 1329 2164 comperta,
1353 2106 1424 2165 (ut
1446 2105 1493 2150 in
1516 2107 1759 2168 repentino
1778 2124 1909 2159 motu

120 2169 217 2215 fieri
239 2167 371 2227 solet)
398 2184 565 2230 magna
588 2182 694 2212 cum
716 2165 1023 2228 trepidatione
1047 2165 1104 2211 ad
1135 2183 1261 2212 arma
1281 2183 1602 2216 concurrentes
1626 2175 1780 2220 omnia
1813 2177 1908 2224 cla-

119 2232 323 2280 moribus
368 2232 659 2278 misczerunt.
728 2230 913 2277 Deinde
935 2229 1088 2276 sedato
1111 2247 1192 2293 per
1230 2231 1451 2294 primores
1477 2237 1831 2298 tumultu,juffi‚
1855 2241 1907 2289 in

120 2297 317 2361 hospitia
337 2297 379 2343 se
397 2295 589 2360 quisque
610 2295 688 2342 sua
703 2310 944 2357 recaepere.
967 2295 1186 2341 Postridie
1204 2311 1457 2344 convocato
1480 2299 1687 2355 consili0‚
1703 2304 1904 2364 primum

119 2362 331 2409 omnium
356 2362 576 2408 Iacobum
599 2359 749 2406 fratris
774 2358 979 2405 desuntli
999 2359 1104 2405 loco
1130 2361 1366 2408 Comitem
1389 2364 1641 2426 appellant.
1679 2369 1723 2412 Is
1745 2369 1791 2415 in
1811 2372 1907 2418 Re·

102 2445 107 2449 ’
121 2444 246 2490 gem,
271 2427 618 2487 aulicorumque
641 2424 878 2487 perfidiam
901 2424 1106 2470 investus
1125 2424 1350 2480 hortatur,
1377 2441 1424 2474 ut
1443 2427 1523 2491 qui
1544 2430 1907 2488 aderant,arcen1

121 2492 356 2538 obsidione
379 2488 850 2554 cingant‚[copiasque
872 2488 1180 2551 undequaque
1199 2504 1482 2539 convocent:
1511 2497 1752 2543 extrahant
1775 2500 1831 2546 ab
1847 2500 1905 2548 il-

115 2556 174 2603 lis
195 2556 398 2608 latibulis
421 2556 632 2602 homines
663 2555 722 2601 ad
754 2553 894 2601 solam
916 2553 1154 2616 perfidiam
1180 2555 1337 2610 forteS‚
1359 2558 1469 2604 dum
1495 2559 1646 2609 adhuc
1686 2562 1905 2615 scelerum

121 2621 396 2668 conscientia
417 2619 672 2684 perturbati
692 2619 938 2680 trepidant.
986 2619 1079 2680 Qi
1098 2619 1288 2667 aderant
1305 2622 1464 2670 Iacobi
1484 2623 1721 2685 pietatem,
1744 2635 1784 2675 Sc
1807 2631 1907 2677 ani-

120 2686 186 2732 mi
207 2687 574 2750 magnitudinem
598 2685 798 2731 laudare.
817 2684 990 2729 Verum
1015 2685 1073 2728 ab
1092 2684 1341 2733 obsidionis
1364 2688 1551 2736 consili-o
1575 2691 1836 2750 abhorrere,
1859 2706 1908 2742 ut

118 2750 284 2812 quibus
305 2751 421 2799 nihil
443 2752 500 2799 ad
522 2766 619 2796 rem
643 2761 817 2795 tantam
835 2747 1164 2810 suscipiendam
1186 2752 1334 2812 parati
1352 2754 1472 2800 esset.
1526 2754 1705 2803 Domos
1730 2758 1908 2808 interea

116 2815 354 2862 discedunt
379 2834 391 2864 ε
429 2831 481 2861 ac
503 2831 550 2862 re
573 2830 678 2862 cum
700 2811 944 2876 praecipuis
967 2813 1223 2860 amicorum
1245 2818 1584 2866 communicata
1603 2822 1659 2866 ad
1683 2822 1711 2867 6
1735 2823 1905 2871 Calen-

49 2904 54 2911 -
114 2881 195 2926 das
232 2880 405 2943 Aprilis
430 2880 610 2935 reversi,
635 2879 772 2925 affula
792 2877 852 2923 ad
872 2877 1067 2924 caudam
1110 2879 1221 2942 equi
1249 2881 1453 2945 alligata,
1483 2885 1554 2945 (1)
1580 2885 1787 2947 diploma
1809 2889 1906 2935 Re-

117 2944 267 3007 girini,
294 2961 345 2991 ac
365 2961 626 3009 procerum,
670 2944 728 2991 de
751 2942 842 2989 fide
874 2941 1064 3005 publica
1085 2945 1145 2989 ad
1184 2960 1291 2990 eum
1315 2948 1507 3009 affigunt
1532 2966 1543 2993 :
1577 2950 1630 2994 ac
1652 2951 1781 2997 nulla
1802 2969 1904 3000 ver-

116 3007 282 3054 borum
304 3009 585 3056 contumelia
607 3007 815 3055 adversus
829 3008 1026 3070 Regem,
1041 3007 1227 3070 ejusque
1249 3011 1489 3057 confilium
1510 3012 1804 3072 abstinentes,
1821 3034 1904 3080 per

116 3071 243 3117 vicos
274 3073 475 3118 trahunt.
541 3073 643 3124 Ubi
664 3072 712 3119 in
744 3071 898 3117 forum
912 3083 1100 3118 ventum
1124 3074 1201 3126 est,
1227 3073 1494 3137 quingentis
1529 3076 1660 3124 fimul
1697 3078 1905 3130 buccinis

115 3135 405 3198 personantes
429 3138 626 3198 Regem,
650 3135 824 3199 quique
843 3151 948 3181 cum
972 3151 1027 3181 eo
1045 3148 1191 3190 erant,
1215 3139 1442 3197 praeconis
1462 3155 1579 3186 voce
1613 3142 1902 3210 fcedifragos‚

112 3199 338 3261 perjuros,
361 3200 665 3261 omniumque
695 3200 924 3246 bonorum
965 3199 1111 3245 hostes
1153 3201 1452 3250 denunciant.
1521 3206 1783 3268 Oppidum,
1810 3213 1903 3258 im..

118 3263 313 3310 merenti
335 3264 475 3312 etiam
493 3265 597 3312 loco
618 3262 722 3310 irati
739 3262 991 3323 diripiunt:
1026 3265 1176 3326 e6que
1197 3264 1353 3327 egreffi
1371 3284 1453 3329 per
1475 3269 1694 3319 Iacobum
1713 3275 1902 3324 Hamil-

51 3343 54 3347 ’
117 3328 296 3374 tonium
314 3341 441 3375 ‘retro
462 3329 639 3375 missum
659 3325 930 3374 incendunt.
967 3327 1153 3374 Deinde
1175 3329 1342 3376 eodem
1380 3333 1533 3380 surore
1554 3337 1777 3396 proximis
1801 3342 1902 3388 die-

118 3391 202 3439 bus
225 3392 390 3464 perciti
407 3393 466 3439 ad
484 3409 616 3457 agros
638 3389 865 3462 omniurn,
887 3388 968 3452 qui
997 3390 1046 3437 in
1068 3391 1158 3465 fide
1189 3393 1333 3457 Regis
1356 3399 1710 3459 permanserant,
1736 3404 1902 3467 diripi-

119 3457 260 3509 endos
284 3457 556 3505 discurrunt.
623 3454 858 3508 Dalketlu
870 3470 1021 3505 arcem
1043 3455 1290 3509 obsident:
1314 3459 1612 3524 jurejurando
1636 3466 1679 3515 se
1709 3468 1902 3516 obstrin-

169 3587 242 3639 (1)
259 3574 498 3640 The‚king's
515 3589 640 3632 letters
657 3598 810 3641 patent„
1788 3613 1902 3660 gen..
