2006 3858
448 106 774 170 LIBER.
850 105 1468 174 Vtotesmtus.
1702 110 1830 189 589

28 205 35 216 ³
86 203 303 258 destituti,
326 207 364 249 &
383 203 721 263 oppidanorum
742 203 903 250 animis
926 219 1086 264 parum
1105 203 1274 255 confisi,
1296 219 1399 250 cum
1419 202 1706 249 adCalendas
1727 205 1850 253 Μαῖα

80 286 127 315 as
150 270 299 314 hostes
313 267 650 328 Edimburgum
673 283 886 315 venturos
910 269 1088 322 scirent,
1126 269 1436 315 Limnuchum
1459 267 1721 320 discedunt,
1737 285 1842 316 eum

79 334 236 378 locum
258 332 341 379 rati
373 333 666 376 commodum
691 334 749 378 ad
772 333 871 377 suos
895 333 919 378 ὲ
942 333 1206 395 longinquis
1228 332 1358 394 regni
1392 331 1594 393 partibus
1618 334 1844 379 accerserit.

83 397 167 442 dos
193 415 203 442 :
238 401 286 447 &
308 396 394 442 iter
414 395 607 440 aliorum
633 397 689 441 ad
718 410 997 442 conventum
1033 397 1240 443 euntium
1261 397 1630 458 impediendum,
1669 399 1718 443 ὃς
1741 398 1850 442 reli-

83 477 189 521 qua,
216 478 315 522 quae
340 457 641 520 superioribus
665 460 826 507 diebus
849 462 895 506 in
920 461 1108 507 confilio
1124 461 1291 521 jafitata
1313 473 1440 508 erant
1461 460 1752 522 perficienda.
1800 463 1848 506 1-

84 524 131 570 bi
161 522 554 570 Hamiltoniorum
580 525 755 577 amicis,
780 530 826 573 e'c
851 525 1096 571 clientibus
1115 525 1316 571 collectis
1342 538 1487 571 totum
1509 525 1612 578 iter,
1635 526 1760 587 quod
1784 527 1846 572 'Er-

83 588 381 650 dimburgum
403 588 593 641 ferebat,
617 588 826 634 infestum
862 590 1125 635 reddebant.
1196 590 1315 636 Cum
1340 591 1559 636 Ioannem
1578 589 1851 636 Areskinum

84 652 271 699 Marriae
295 652 528 699 Comitem
559 651 640 698 illa
662 654 902 699 ducturum
928 652 1108 708 scirent,
1141 652 1182 699 se
1206 652 1257 700 in
1277 654 1471 700 collibus
1496 652 1768 717 propinquis
1792 656 1851 701 ad

87 717 321 763 transitum
344 716 691 778 impediendum
715 717 999 775 objecerunt·
1068 718 1154 764 Jlle
1177 735 1280 764 cum
1305 718 1394 764 loci
1416 718 1709 781 iniquitatem
1739 736 1852 782 cog-

84 781 302 834 nosceret,
323 783 461 843 paulo
485 781 614 842 supra
636 782 694 827 ad
729 782 822 827 duo
846 781 992 828 miliia
1030 783 1233 844 passuum
1257 783 1427 830 flumen
1449 783 1692 845 superavit,
1715 796 1853 847 atque

81 845 421 906 Edimburgum
448 845 526 891 sub
550 845 784 907 vesperum
806 845 994 892 intravit
1016 847 1073 893 ad
1095 847 1279 893 tertium
1305 847 1530 893 Calendas
1556 849 1688 894 Maii.

148 911 256 955 XV.
290 911 390 956 Post
412 927 516 955 eum
540 909 661 956 diem
686 927 790 956 cum
815 911 955 974 Regis
979 910 1117 956 faciio
1157 911 1452 973 Edimburgi‚
1495 913 1688 975 Reginae
1724 912 1856 959 Lim-
1896 924 1897 927 ’

85 974 226 1020 nuchi
249 974 289 1020 se
312 975 619 1028 continerent,
642 988 779 1036 atque
802 976 931 1021 alteri
963 976 1113 1022 alteris
1136 975 1411 1022 seditionum
1447 977 1614 1030 causas,
1651 981 1700 1026 ὃς
1722 976 1854 1024 initia

82 1038 379 1098 imputarent,
404 1039 485 1100 qui
508 1038 785 1103 Edimburgi
808 1053 1131 1093 convenerant,
1157 1040 1215 1085 ad
1236 1040 1345 1086 alias
1369 1039 1545 1102 quasvis
1568 1042 1855 1088 conditiones

89 1102 132 1148 se
155 1102 311 1148 faciles
333 1104 430 1149 fore
452 1103 755 1159 affirmabant,
791 1120 842 1150 ac
867 1106 897 1150 fi
916 1104 1017 1167 quis
1039 1106 1095 1150 de
1117 1105 1159 1149 se
1177 1116 1457 1166 quereretur,
1485 1104 1711 1152 bonorum
1735 1105 1858 1152 viro-

87 1183 191 1213 rum
231 1166 418 1213 arbitrio
450 1165 552 1213 satis
575 1168 770 1215 faeturos
801 1168 1102 1230 spondebant,
1135 1167 1523 1223 modolincolurni
1555 1169 1690 1229 hujus
1714 1171 1856 1234 Regis

84 1231 351 1279 auc‘toritate
368 1231 610 1293 superioris
631 1232 791 1294 Regis,
811 1248 864 1278 ac
882 1233 1091 1295 Proregis
1115 1234 1289 1278 caedem
1309 1248 1399 1277 una
1420 1232 1570 1279 secum
1591 1234 1744 1280 ulcisci
1762 1236 1859 1281 vel-

84 1296 197 1342 lent.
267 1297 387 1342 Cum
412 1296 470 1342 ad
492 1297 592 1342 haec
625 1296 740 1342 nihil
765 1297 885 1357 aequi
919 1297 1281 1357 responderetur,
1322 1296 1404 1356 qui
1427 1297 1676 1343 Limnuchi
1711 1315 1855 1354 eraut,

26 1377 28 1379 ·
86 1360 347 1414 edixerunt,
374 1361 439 1407 uti
462 1362 583 1406 cives
605 1360 796 1407 universi
819 1360 1013 1423 Reginae
1035 1361 1199 1423 legatis
1221 1374 1447 1424 parerent.
1517 1362 1724 1410 Comites
1749 1378 1856 1419 tres,

86 1424 289 1479 Araniae‚
328 1425 628 1487 Argatheliae,
665 1430 704 1471 &
729 1426 963 1473 Huntlaeae
982 1425 1174 1472 comitia
1195 1427 1241 1471 in
1268 1425 1451 1473 tertium
1475 1425 1639 1473 Nonas
1663 1429 1858 1492 Augusti

86 1488 334 1535 Limnuchi
360 1489 570 1535 habenda
603 1489 887 1536 indixerunt.
956 1490 1118 1536 Altera
1152 1490 1288 1536 factio
1311 1492 1514 1554 legatum
1547 1491 1605 1537 ad
1627 1493 1857 1557 Reginam

87 1553 275 1616 Angliae
293 1554 550 1599 Robertum
568 1555 855 1601 Petcarnium
878 1554 1072 1609 miserat,
1093 1555 1173 1616 qui
1192 1571 1345 1617 ageret
1368 1571 1472 1600 cum
1496 1571 1548 1601 ea
1570 1555 1629 1602 de
1649 1573 1859 1605 commu-

88 1618 137 1665 ni
158 1618 281 1664 hoste
302 1618 597 1680 reprimendo
622 1637 634 1665 :
669 1620 857 1682 quoque
880 1619 1058 1665 facilius
1084 1621 1325 1666 Scotorum
1348 1617 1399 1667 in
1421 1620 1461 1666 se
1485 1620 1662 1668 animos
1685 1623 1858 1671 intelli-

88 1694 233 1744 geret,
257 1699 314 1728 ex
336 1683 430 1741 ejus
453 1681 642 1728 arbitrio
666 1685 910 1746 Proregem
933 1684 1172 1730 electuros.
1799 1728 1801 1731 .

151 1748 284 1793 XVI.
320 1749 499 1793 Interea
521 1747 632 1792 dum
658 1761 848 1809 utraque
872 1765 970 1809 pars
994 1749 1155 1794 diversi
1178 1748 1351 1794 diversa
1373 1749 1565 1812 agitant,
1592 1749 1737 1812 Angli
1761 1751 1860 1798 Te-

87 1810 279 1857 viotiam
302 1811 479 1874 ingressi
499 1810 649 1866 villas,
671 1816 722 1861 &
745 1815 870 1858 vicos
895 1813 1141 1866 Carorum,
1162 1817 1210 1862 ἓξ
1234 1814 1473 1860 Scotorum
1501 1815 1602 1877 (qui
1623 1816 1670 1860 in
1694 1817 1862 1879 Angli-

91 1892 162 1920 arn
189 1875 357 1922 violata
381 1892 489 1935 pace
513 1876 714 1922 fecerant
732 1878 1033 1932 excursioneS,
1055 1883 1096 1924 δε
1119 1878 1298 1941 Anglos
1317 1879 1538 1940 profugos
1562 1880 1619 1925 ad
1642 1879 1683 1924 se
1703 1895 1864 1942 recep-

89 1952 314 1998 taverant)
349 1941 537 1986 diruunt
563 1957 573 1985 ε
608 1958 739 2004 agros
765 1941 1141 2003 populationibus
1164 1944 1352 1997 vastant,
1389 1947 1439 1990 &
1461 1944 1686 1990 incendiis
1710 1945 1864 1991 defor-

76 2002 232 2051 'mant.
301 2007 508 2051 Humam
533 2022 702 2060 arcem,
725 2006 772 2051 in
796 2022 936 2067 quam
959 2006 1173 2052 dominus
1197 2007 1366 2053 multos
1390 2023 1674 2055 commeatus
1696 2008 1867 2056 intule=

90 2082 175 2122 rat,
201 2086 252 2115 ac
290 2081 386 2116 tota
406 2069 578 2115 vicinia
601 2070 916 2131 preciofiffima
946 2088 1144 2133 quaeque
1167 2088 1317 2118 rerum
1339 2071 1537 2127 suarum,
1572 2087 1620 2119 ut
1642 2074 1690 2120 in
1716 2075 1869 2121 muni„

92 2130 299 2180 mentum
333 2133 631 2180 firmiffimum
666 2135 937 2197 seposuerat,
974 2136 1199 2183 Suffexius
1230 2136 1536 2184 circumsedit.
1602 2140 1669 2184 Ea
1703 2140 1806 2184 cum
1840 2140 1866 2186 a

92 2199 301 2259 praefidio
335 2198 489 2245 valido
518 2199 696 2247 fortiter
728 2200 1065 2255 defenderetur,
1100 2201 1339 2264 Angliq'ue
1371 2201 1586 2262 postridie
1620 2221 1667 2249 re
1699 2203 1868 2251 infecta

92 2262 315 2309 discessuri
338 2265 491 2317 essent,
528 2263 689 2319 literae‚
726 2281 837 2326 quas
859 2265 1123 2312 Alexander
1155 2265 1268 2312 arcis
1303 2266 1517 2312 dominus
1552 2267 1609 2313 ad
1643 2269 1740 2314 suos
1775 2286 1868 2315 non

94 2327 242 2373 multo
264 2340 368 2374 ante
390 2327 635 2390 scripserat,
653 2345 817 2375 omnes
840 2346 997 2376 eorum
1021 2329 1217 2375 rationes
1237 2328 1387 2375 irritas
1410 2331 1722 2378 reddiderunt.
1768 2334 1869 2393 Jus-

20 2398 25 2418 ³
92 2391 208 2442 serat
229 2393 351 2438 enirn
376 2409 456 2453 per
476 2393 630 2439 literas
653 2393 950 2455 praefidiarios
972 2394 1201 2440 Gulielmi
1223 2394 1382 2440 Drurii
1403 2395 1571 2456 equitis
1596 2398 1740 2459 Angli
1758 2412 1871 2445 con-

96 2455 196 2501 filio
233 2456 317 2511 uti,
343 2462 382 2502 δε
419 2457 642 2519 quicquid
665 2458 702 2504 is
739 2458 993 2521 imperasset
1013 2458 1104 2504 fine
1137 2458 1408 2521 exceptione
1431 2459 1605 2520 parere.
1673 2462 1727 2507 ld
1762 2478 1872 2510 cum

95 2520 292 2567 Drurius
318 2522 520 2568 Suffexio
542 2523 792 2577 indicasset,
815 2523 896 2569 ille
917 2538 1067 2569 arcem
1092 2523 1296 2570 deditam
1320 2523 1533 2585 diripnit,
1551 2531 1589 2571 Sc
1611 2526 1871 2574 custodibus

37 2637 39 2640 ,
93 2585 263 2648 Anglis
287 2582 509 2648 impositis
540 2602 649 2632 cum
672 2604 839 2651 magna
871 2587 1027 2650 praeda
1058 2586 1300 2634 Bervicum
1334 2589 1487 2636 rediit.
1553 2590 1626 2635 Ita
1647 2591 1869 2647 Humius,

22 2648 36 2664 ”
96 2648 179 2711 qui
202 2649 318 2696 nihil
352 2652 410 2696 ab
434 2651 601 2713 Anglis
624 2652 878 2706 metuebat,
910 2652 1007 2698 imo
1028 2669 1145 2714 quos
1179 2651 1464 2699 amiciffimos
1486 2653 1786 2716 existimabat,
1824 2673 1873 2704 ut

96 2714 177 2775 qui
200 2714 331 2761 sciret
352 2715 595 2770 Drurium,
619 2721 665 2765 &
693 2717 946 2764 Suffexium
968 2718 1149 2763 occulte
1171 2716 1370 2767 Hauarti
1393 2718 1526 2765 rebus
1551 2720 1742 2775 studere,
1766 2739 1874 2784 gra.

45 2816 47 2818 .
93 2777 316 2835 viffimam
349 2780 476 2827 illam
501 2779 576 2826 sua
597 2782 867 2828 credulitate
900 2781 1114 2843 injuriam
1137 2782 1385 2830 accersivit.
1453 2783 1668 2831 Tandem
1691 2786 1749 2831 ab
1771 2801 1893 2833 om-‘

96 2842 232 2889 nibus
255 2843 433 2903 amiciS,
467 2851 508 2891 &
535 2846 606 2907 (ι)
632 2846 922 2909 propinquis,
955 2845 1037 2907 qui
1059 2863 1204 2909 prope
1225 2863 1384 2895 omnes
1409 2847 1568 2910 Regiis
1590 2849 1637 2894 in
1665 2849 1872 2911 partibus

97 2919 243 2963 erant,
264 2909 447 2956 reliftus
468 2925 575 2957 cum
597 2927 706 2967 uno,
731 2915 781 2962 ὃς
803 2912 947 2959 altero
968 2910 1140 2958 comite
1160 2911 1499 2975 Edimburgum
1518 2913 1664 2967 venit,
1686 2929 1738 2960 ac
1759 2914 1802 2961 se
1822 2915 1872 2964 in

92 2987 244 3019 arcem
265 2973 460 3020 abdidit.

163 3038 323 3086 XVII.
359 3038 462 3085 Nec
487 3038 637 3086 minus
670 3039 728 3087 ab
753 3040 845 3087 alio
878 3040 1030 3092 limite
1054 3042 1252 3102 Scrupus
1274 3041 1456 3104 Anglus
1480 3041 1774 3091 Annandiam
1797 3043 1872 3092 in-

95 3102 264 3163 gressus
285 3119 420 3164 agros
437 3103 639 3150 Ionstoni
660 3104 763 3168 (qui
783 3105 922 3152 etiam
944 3105 992 3150 in
1017 3104 1238 3168 Angliam
1261 3105 1429 3152 fecerat
1448 3103 1745 3167 incursiones)
1770 3126 1873 3156 om·

97 3164 148 3210 ni
170 3165 284 3213 belli
315 3166 483 3228 injuria
523 3167 684 3220 foedat.
751 3169 852 3231 Ipse
874 3171 1111 3215 Ionstonus
1145 3169 1352 3215 locorum
1376 3169 1549 3216 noticia
1578 3170 1719 3219 fretus
1741 3177 1873 3237 equi-

97 3240 198 3274 tum
234 3230 521 3292 sequentium
554 3232 782 3293 impetum
813 3233 968 3296 paucis
1007 3234 1133 3294 fugae
1168 3232 1415 3280 comitibus
1449 3234 1595 3281 elusit.
1675 3238 1872 3287 Ioannes

99 3292 381 3340 Maxuallius
412 3310 519 3349 cum
537 3295 637 3344 -tria
659 3296 804 3343 nullia
825 3296 1067 3343 hominum
1091 3296 1117 3342 ὲ
1145 3296 1419 3360 propinquis
1441 3299 1562 3361 agris
1585 3299 1774 3349 haberet
1794 3319 1874 3350 co-

101 3357 216 3410 acta,
256 3357 299 3403 ei
321 3357 537 3419 opitulari
572 3375 665 3405 non
689 3360 817 3416 ausus
842 3361 928 3406 suis
950 3361 992 3406 se
1014 3360 1127 3406 locis
1169 3360 1333 3408 tenuit.
1400 3362 1562 3409 Paucis
1590 3367 1687 3427 post
1708 3367 1871 3416 diebus

101 3420 263 3483 Angli,
295 3421 376 3484 qui
397 3421 739 3480 Bervici-erant,
765 3424 965 3487 acceptis
987 3424 1220 3475 obsidibus
1243 3425 1365 3478 bona
1385 3427 1474 3474 fide
1497 3427 1647 3478 secum
1670 3432 1747 3497 agi
1768 3450 1873 3496 per-

151 3548 214 3604 (1)
242 3549 329 3591 The
349 3550 473 3592 whole
503 3565 614 3593 name
644 3552 687 3592 of
698 3555 826 3603 Hume
843 3554 941 3600 stood
954 3555 1012 3595 for
1029 3555 1094 3594 the
1107 3554 1215 3605 king.
1746 3612 1773 3658 s
1822 3614 1852 3660 s

294 3623 300 3627 ν
1108 3631 1111 3633 Δ
1768 3621 1879 3670 aar,
