2035 3833
205 116 333 198 306
505 116 861 183 RERUM
951 96 1627 179 Sem-manum

203 207 348 261 cobus
367 213 615 261 Kennedus
639 208 749 255 Fani
770 206 966 253 Andreae
984 205 1382 269 Archiepiscopus‚
1409 208 1480 266 (ι)
1497 206 1728 272 Georgius
1752 208 1963 273 Angusiae

204 279 396 331 Comes,
421 279 468 327 δε
493 279 682 322 Ioannes
705 270 948 324 Mortonii‚
976 284 1166 333 uterque
1189 270 1433 332 Duglassiae
1455 272 1604 335 gentis
1630 290 1640 318 :
1674 271 1747 319 sed
1769 276 1881 321 alter
1910 289 1967 319 ex

208 342 345 389 amita
368 340 522 403 Regis,
543 337 795 398 eademque
816 333 968 381 lacobi
991 334 1201 380 Kennedi
1222 348 1362 381 matre
1380 348 1526 388 natus,
1539 336 1652 382 alter
1669 335 1859 383 sororem
1872 338 1967 383 Re·

209 406 281 470 gis
307 405 499 451 habebat
521 402 567 448 in
606 399 916 447 matrimonio,
984 398 1050 445 Hi
1082 398 1307 460 potiorem
1339 399 1556 446 charitate
1578 399 1763 446 familiae
1782 400 1969 446 salutem

206 470 460 533 publicam,
486 470 531 514 &
556 464 754 511 officium
775 465 948 525 semper
969 461 1239 509 habuerunt.
1308 463 1396 508 Sed
1419 463 1668 510 Kennedus
1694 469 1729 510 δι
1756 476 1905 519 aetate,
1931 469 1969 509 &

208 531 410 584 consilio,
435 545 486 575 ac
511 525 702 592 proinde
724 527 989 574 auctoritate
1011 539 1196 573 caeteros
1219 527 1434 573 anteibat.
1490 528 1544 574 In
1566 544 1671 574 eum
1694 528 1970 590 potissimum

206 596 274 644 ira
291 597 348 642 est
371 593 507 641 versa.
571 591 822 639 Crafordiae
842 592 1028 644 ComeS,
1045 597 1083 637 δι
1101 591 1662 654 (2)AlexanderOgilvius
1686 593 1883 639 conflato
1902 592 1968 637 sa-

209 662 266 707 tis
290 675 457 721 magno
474 657 690 709 exercitu,
716 672 847 719 agros
868 655 962 715 ejus
981 655 1026 700 in
1048 655 1147 702 Fifa
1169 655 1258 702 late
1277 655 1500 717 populati,
1518 656 1626 701 dum
1648 658 1846 717 praedam
1870 673 1967 703 ma·

205 728 222 784 '5
243 724 298 776 is,
320 740 459 786 quam
483 720 658 767 causam
682 720 947 783 sequuntur,
966 720 1093 765 omni
1115 735 1279 782 genere
1298 718 1439 765 cladis
1460 719 1506 766 in
1532 720 1680 765 vicina
1700 721 1834 766 etiam
1855 736 1972 782 prae·

210 786 285 834 dia
321 786 512 850 grassati,
557 784 739 831 nemine
761 783 977 846 congredi
1013 782 1117 828 auso
1140 784 1263 845 pleni
1287 784 1539 844 praedarum
1563 783 1609 829 in
1635 785 1706 830 An
1748 785 1880 831 usiam
1906 801 1975 830 re·

209 869 228 897 i
242 863 465 898 ertuntur.
533 849 780 896 Kennedus
800 848 858 893 ad
879 848 951 893 sua
970 863 1093 892 arma
1116 847 1350 893 conversus
1366 848 1596 894 Comitem
1618 800 1866 895 Graiordiae
1887 847 1975 897 dis-

207 915 512 978 ceptationem
542 913 656 975 juris
697 913 950 975 fugientem
991 913 1059 972 (3)
1097 910 1206 976 diris
1237 911 1540 958 ecclesiasticis
1573 913 1634 958 est
1666 911 1924 984 prosecutus
1960 931 1970 958 :

209 996 322 1044 quas
346 995 450 1025 cum
475 994 556 1041 pro
579 977 706 1023 solita
724 976 1011 1023 contumacia
1030 976 1107 1022 ille
1137 975 1379 1039 sprevisset,
1397 975 1511 1037 juris
1533 976 1697 1030 divini,
1718 980 1762 1028 δι
1789 976 1978 1023 humani

207 1043 407 1107 neglec‘ti
430 1042 557 1090 brevi
579 1058 733 1104 poenas
752 1040 893 1087 dedit.

278 1109 431 1155 XXII.
464 1107 638 1154 Eodem
663 1105 782 1151 enim
811 1121 905 1167 quo
929 1104 1024 1150 haec
1046 1103 1166 1165 gesta
1190 1101 1287 1149 sunt
1309 1120 1444 1158 anno,
1470 1103 1734 1168 Collegium
1756 1103 1978 1152 Benedic-

213 1172 411 1219 tinorum
434 1169 727 1217 Aberbrothii
745 1168 981 1232 (quoniam
1008 1167 1234 1214 monachi.
1265 1168 1322 1214 de
1340 1168 1510 1215 civium
1535 1169 1674 1215 causis
1699 1169 1884 1215 statuere
1909 1186 1978 1216 re·

212 1237 330 1298 lipio
351 1237 431 1294 est)
448 1233 743 1296 juridicundo
762 1233 1023 1294 praefecerat
1041 1232 1350 1278 Alexandrum
1373 1233 1632 1280 Lindefiurn
1649 1233 1846 1280 Comitis
1866 1234 1980 1280 Cra·

203 1298 376 1349 'fordjae
398 1300 539 1346 filium
561 1312 669 1344 natu
693 1297 958 1344 maximum.
993 1297 1078 1359 Ipsi
1102 1311 1206 1341 eum
1233 1296 1538 1360 magistratum
1564 1297 1772 1344 Balivum
1795 1309 1976 1345 vocant.

218 1367 260 1413 12
287 1366 389 1411 curn
413 1362 649 1410 numerosa
670 1361 889 1408 comitum
914 1361 1042 1407 turba
1063 1359 1294 1405 koenobio
1313 1361 1462 1423 gravis
1485 1363 1670 1415 esset,ac
1694 1377 1776 1425 pro
1790 1362 1982 1425 pra’fec-

206 1441 265 1474 ‘to
284 1428 483 1489 juridico
504 1426 741 1473 dominum
761 1425 802 1471 se
821 1437 1016 1488 gereret,
1033 1423 1417 1471 aCoenobiarchis
1439 1425 1697 1488 magistratu
1716 1425 1881 1486 ejeftus
1900 1428 1978 1480 est,

215 1491 448 1555 surrogato
471 1491 516 1536 in
537 1490 630 1550 ejus
650 1490 801 1535 locum
827 1489 1088 1534 Alexandro
1112 1487 1321 1548 Ogilvio.
1389 1488 1624 1536 Lindefius
1647 1504 1748 1536 cum
1774 1491 1889 1536 hanc
1911 1494 1982 1549 (ut

216 1556 310 1619 ipse
330 1556 528 1612 rebatur)
545 1553 757 1614 injuriam
780 1553 940 1615 iniquo
959 1552 1094 1598 ferret
1112 1551 1281 1604 anim0,
1304 1551 1494 1614 uterque
1516 1555 1641 1600 velut
1661 1553 1834 1600 indicto
1856 1554 1979 1600 bello

214 1621 373 1682 copias
396 1620 698 1680 undecunque
717 1618 875 1679 potest,
899 1617 1039 1679 cogit.
1077 1617 1197 1662 Cum
1224 1615 1435 1678 utrinque
1452 1616 1547 1676 jam
1570 1617 1615 1663 in
1639 1618 1874 1680 procinctu
1899 1620 1982 1664 sta.

216 1697 319 1732 rent
353 1685 487 1738 acies,
512 1685 681 1729 Comes
717 1681 969 1728 Crafordiae
1003 1679 1169 1726 certior
1198 1678 1356 1733 faetus,
1381 1693 1551 1744 quanta
1566 1681 1722 1743 'potuit
1751 1681 1982 1728 celeritate

219 1749 434 1795 advectus
457 1763 575 1809 equo
593 1748 711 1794 inter
733 1745 842 1792 duas
861 1745 978 1790 acies
995 1744 1085 1791 sola
1104 1743 1329 1804 majestate
1347 1744 1544 1791 nominis
1565 1758 1711 1792 tutum
1730 1744 1771 1792 se
1794 1745 1985 1792 arbitra-

218 1824 292 1861 tus
311 1812 514 1876 procefft
550 1829 560 1857 τ
604 1816 647 1859 δι
675 1811 784 1857 dum
819 1808 1017 1855 inhibito
1041 1807 1122 1854 filii
1144 1809 1317 1870 impetu
1343 1808 1585 1872 Ogilvium
1611 1810 1668 1856 ad
1698 1804 1982 1873 colloquium

217 1892 326 1924 voc:
339 1892 372 1931 t,
394 1875 419 1922 a
442 1875 590 1922 milite
612 1874 713 1938 quis
736 1875 857 1926 esset,
882 1887 958 1920 aut
992 1872 1105 1934 quid
1138 1884 1311 1934 peteret
1332 1871 1510 1935 ignaro,
1534 1873 1655 1920 hasta
1670 1872 1718 1919 in
1741 1890 1791 1919 os
1819 1874 1984 1935 injecta

218 1941 518 1988 moribundus
536 1938 753 1986 concidit.
809 1939 913 1984 Hac
934 1938 1061 1983 caede
1083 1938 1207 1982 velut
1223 1935 1396 1982 claffico
1415 1950 1604 2000 utraque
1621 1938 1740 1984 acies
1759 1951 1882 1986 mota
1903 1939 1980 1994 est,

221 2011 264 2052 &
288 2006 383 2068 post
400 2018 547 2050 acrem
571 2002 852 2058 conflictum,
876 2001 1031 2047 multis
1056 2000 1268 2055 utrinque
1290 2001 1552 2049 vulneribus
1587 2001 1815 2065 accaeptis,
1839 2002 1983 2050 victo-

219 2069 288 2117 ria
311 2084 446 2132 penes
470 2067 701 2115 Lindefios
718 2066 822 2113 fuit.
856 2065 1047 2113 Causam
1062 2064 1159 2125 ejus
1182 2064 1299 2109 hanc
1319 2065 1518 2114 maxime
1534 2066 1664 2113 fuisse
1678 2067 1843 2121 ferunt,
1857 2066 1985 2130 qubd

204 2135 326 2180 ‘cum
358 2132 571 2194 utrinque
593 2131 722 2178 rectis
745 2129 876 2178 hastis
900 2129 1091 2192 speciem
1117 2129 1321 2174 silvarum
1349 2129 1658 2190 praebentibus
1680 2131 1858 2185 starent,
1881 2129 1984 2194 qui·

220 2199 327 2244 dam
351 2197 614 2243 exclamasse
632 2195 816 2250 dicitur,
840 2194 969 2256 Qid
992 2193 1192 2240 stimulos
1226 2191 1345 2246 istos,
1371 2206 1584 2256 tanquam
1608 2195 1815 2241 adversus
1847 2195 1985 2242 boves

212 2270 291 2308 'res
315 2262 435 2317 effet,
461 2259 629 2307 affertis
654 2263 671 2306 ?
707 2259 817 2322 quin
842 2258 896 2305 iis
920 2257 1104 2319 abjeflis
1127 2256 1381 2303 comminus
1403 2257 1586 2320 gladiis,
1610 2264 1649 2304 δι
1673 2274 1781 2306 vera
1799 2258 1984 2314 virtute,

213 2339 275 2373 ‘ut
296 2326 410 2373 viros
433 2325 579 2375 decet,
597 2323 830 2370 nobiscum
854 2321 1133 2369 contendite.
1201 2321 1274 2367 Ad
1299 2321 1412 2368 hanc
1433 2336 1592 2368 vocem
1615 2323 1829 2384 utrinque
1845 2323 1986 2370 hastas

221 2391 503 2451 abjecerunt,
527 2388 695 2443 caeteri,
717 2400 879 2450 praeter
899 2399 1080 2433 centum
1106 2384 1390 2440 Glottianos,
1409 2385 1490 2448 qui
1513 2385 1540 2432 a
1556 2386 1793 2450 Duglaslio
1816 2386 1986 2434 Linde·
2011 2399 2013 2402 “

215 2453 295 2500 'siis
317 2453 489 2501 auxilio
511 2453 620 2499 mifli
643 2464 787 2498 erant.
853 2451 923 2498 Hi
946 2449 1150 2513 cuspides
1169 2448 1376 2496 manibus
1398 2461 1619 2506 tenentes,
1643 2451 1783 2497 hastas
1806 2449 1832 2496 ὲ
1855 2463 1990 2515 tergo.
2012 2457 2022 2476 ⁸

221 2517 464 2565 trahebant
489 2532 500 2563 :
536 2533 644 2579 quas
665 2531 767 2561 cum
794 2515 848 2561 ad
874 2531 1032 2561 manus
1055 2526 1242 2560 ventum
1265 2514 1368 2560 esset
1390 2529 1484 2577 prae
1506 2513 1548 2561 se
1569 2514 1705 2561 denso
1727 2515 1848 2562 vallo
1870 2532 1988 2577 prae-
2009 2539 2021 2569 2,

214 2583 468 2628 'tenderunt
493 2598 506 2628 z
536 2587 574 2627 &
597 2579 836 2642 inopinata
859 2578 1004 2642 specie
1030 2578 1214 2632 territis,
1239 2577 1319 2640 qui
1342 2595 1399 2625 ex
1419 2578 1603 2625 adverso
1625 2580 1814 2634 stabant,
1842 2579 1988 2628 aciem
2003 2572 2027 2643 ἶ,

215 2644 419 2693 *hostium
451 2657 768 2707 perruperunt.
837 2643 1089 2690 Desiderati
1113 2658 1170 2688 ex
1191 2641 1437 2690 victoribus
1458 2654 1642 2690 centum
1670 2661 1681 2690 :
1714 2658 1771 2691 ex
1804 2642 2028 2691 adversa

215 2710 325 2757 ‘acie
351 2710 482 2770 supra
505 2708 780 2771 quingentos
805 2724 817 2753 t
853 2710 903 2756 δε
938 2707 986 2752 in
1010 2706 1079 2752 his
1110 2704 1243 2753 multi
1265 2705 1350 2752 viri
1373 2704 1498 2753 clari.
1567 2707 1827 2754 Alexander
1848 2707 1987 2780 Ogil·
2007 2726 2018 2746 ·.

215 2773 329 2822 'wius
346 2773 404 2820 ab
423 2772 621 2819 hostibus
647 2783 825 2832 captuS‚
847 2770 1005 2843 paucis
1028 2771 1125 2832 post
1146 2769 1303 2815 diebus
1326 2770 1565 2817 vulnerum
1586 2771 1761 2826 dolore,
1780 2775 1826 2822 &
1846 2768 1989 2819 ammi
2003 2771 2027 2811 -3

226 2838 422 2886 moerore
442 2837 675 2883 confeelus
706 2834 896 2882 interiit.
966 2833 1234 2881 Gordonius
1257 2833 1506 2880 Huntilaeae
1538 2835 1706 2882 Comes
1739 2835 1786 2882 in
1818 2848 2015 2900 equum.

216 2902 287 2951 ab
301 2900 462 2950 amicis
483 2899 680 2971 sublatus
701 2898 868 2946 evasit.
920 2898 1168 2962 Mult6que
1189 2898 1332 2959 major
1352 2897 1497 2945 caedes
1518 2898 1682 2956 fuisset,
1701 2898 1783 2948 nisi
1806 2914 1897 2947 nox
1916 2898 2027 2946 fni-‘²²-

228 3030 293 3069 the
327 3030 421 3078 king
452 3030 491 3068 in
512 3041 752 3078 governance.
787 3028 1001 3066 November
1018 3039 1083 3065 20.
1139 3028 1360 3078 predecessor
1376 3036 1415 3066 to
1435 3028 1497 3066 the
1515 3029 1593 3066 lord
1612 3028 1775 3077 Ogilvie,
1793 3027 1917 3066 whose
1930 3025 1986 3065 fa·

228 3083 317 3122 The
331 3086 420 3131 good
438 3095 527 3121 men
543 3082 588 3120 os
601 3082 666 3120 the
681 3091 796 3128 town,
817 3081 926 3128 being
944 3080 1086 3129 inquir—
1141 3081 1227 3118 ther
1236 3081 1308 3119 had
1327 3082 1418 3120 been
1436 3081 1560 3120 baillie
1579 3092 1618 3120 to
1633 3082 1698 3120 the
1711 3082 1837 3119 abbots
1855 3081 1901 3119 of
1911 3082 1988 3118 Ar·
2005 3102 2009 3106 ·

222 3139 273 3174 ed
295 3137 338 3184 by
358 3136 422 3173 the
451 3138 653 3181 alderman,
688 3148 775 3184 gave
806 3135 846 3172 in
864 3135 1081 3172 command·
1138 3133 1245 3172 broth
1265 3148 1278 3184 3
1306 3135 1370 3172 the
1399 3135 1512 3184 abbey
1531 3142 1569 3172 at
1594 3134 1670 3172 this
1696 3134 1791 3172 time
1810 3129 1986 3181 belonged
2000 3124 2011 3146 ‘

220 3198 348 3235 ment,
377 3188 461 3226 that
472 3189 541 3227 the
568 3190 679 3225 letter
696 3188 822 3226 should
850 3196 916 3224 not
940 3188 981 3224 be
997 3200 1081 3236 pro·
1139 3189 1184 3235 by
1201 3188 1459 3225 commendam
1491 3196 1531 3225 to
1546 3187 1673 3239 James
1704 3188 1902 3236 Kennedy,
1931 3183 1990 3222 1ιί-

222 3242 387 3278 *claimed
404 3254 472 3280 nor
485 3242 637 3291 obeyed‚
655 3241 716 3293 tjn
730 3241 760 3278 it
775 3253 871 3278 were
886 3240 966 3277 seen
980 3240 1084 3277 what
1135 3239 1221 3291 shop
1237 3240 1283 3279 of
1294 3241 1350 3278 St.
1368 3240 1566 3278 Andrew's
1580 3254 1590 3277 ε
1602 3239 1668 3278 the
1679 3240 1755 3279 carl
1772 3236 1987 3286 ofHuntly,

222 3294 426 3331 ordinante
450 3307 547 3333 were
575 3295 682 3332 made
714 3293 921 3345 thereupon
948 3293 991 3342 by
1016 3292 1084 3331 the
1137 3293 1183 3343 by
1201 3295 1382 3340 accident,
1411 3293 1560 3341 coming
1589 3293 1686 3331 from
1714 3298 1835 3339 court,
1858 3289 1988 3351 joined

224 3345 337 3383 three
354 3347 494 3385 estates.
588 3395 591 3398 Ι
1134 3344 1295 3384 himself
1318 3354 1359 3384 to
1386 3344 1704 3396 Inuerquhanty'e
1729 3346 1860 3398 partyc
1875 3341 1987 3390 bem‘

285 3396 349 3445 (ι)
376 3397 463 3434 The
479 3396 581 3436 third
599 3398 674 3437 ea’rl
693 3399 738 3437 of
748 3402 895 3450 Angue.
1135 3399 1176 3438 in
1196 3407 1297 3447 great
1314 3397 1513 3447 friendfluip
1531 3397 1627 3436 with
1645 3398 1711 3440 the
1724 3394 1911 3448 0⁶17&-

184 3458 190 3465 ’
222 3459 224 3461 ’
269 3449 350 3501 ν(2)
378 3449 437 3487 Sir
453 3451 583 3488 Alexr.
614 3452 765 3500 Ogilvie
788 3455 834 3491 o'f
848 3452 1080 3502 lnnerquha-
1189 3452 1253 3506 (3)
1281 3451 1649 3495 Excommunicated.

195 3522 199 3525 -
223 3502 320 3555 city,
350 3501 462 3542 uncle
488 3503 561 3542 aad
592 3510 695 3545 tutor
723 3514 762 3547 to
789 3505 896 3571 J⁰¹²¹3
915 3504 1081 3557 Ogilvie,

1801 3586 1987 3655 gientet
2010 3630 2015 3637 .

1891 3784 1909 3807 ι1
1974 3789 1993 3801 φ,
2024 3795 2028 3798 .

1933 3808 2035 3833 3212.
