2055 3828
196 126 326 173 222
504 106 865 173 RERUM
955 100 1643 172 Scorrcanum

186 219 301 252 -mor
317 202 563 261 oriebatur,
584 205 642 251 eb
664 204 753 248 fine
786 198 946 248 ordine
964 198 1357 249 concurrentibus.
1384 201 1388 207 '
1424 201 1546 249 Cum
1568 217 1677 251 vero
1696 205 1765 265 ad*
1787 203 1962 269 primos

195 281 387 323 ventum
406 269 529 322 esset,
568 265 816 314 audiebant
843 263 892 311 in
934 263 1064 311 causa
1091 264 1178 312 esse
1211 280 1388 321 cervos,
1410 265 1491 328 qui
1514 266 1697 328 strepitu
1718 269 1960 319 hominum

196 331 384 381 excitati
406 349 486 395 per
504 331 686 383 ericeta,
711 334 753 376 δε
773 328 955 392 aspectu
975 328 1217 378 hominum
1238 329 1476 377 conterriti
1500 332 1678 393 magnis
1700 333 1962 396 agminibus

188 395 315 446 inter
330 397 537 444 cohortes
559 393 882 444 discurrebant.
950 392 1167 442 Tandem
1197 392 1319 441 circa
1352 392 1586 456 vesperum
1607 396 1665 443 ad
1685 397 1804 444 vada
1823 397 1965 444 Tinae
2033 431 2055 458 -,

198 460 412 513 fluminis,
434 475 513 520 per
533 473 636 520 quae
659 457 786 505 Scoti
807 457 1085 511 transierant,
1108 473 1292 521 quaque
1309 473 1386 505 eos
1405 458 1549 522 Angli
1569 458 1795 508 redituros
1815 460 1966 523 spera·
2047 466 2053 476 ⁴

197 525 322 578 bant,
363 522 538 585 equites
576 522 669 570 sine
689 521 844 586 pedite
867 535 1182 585 pervenerant,
1223 538 1275 568 ac
1310 521 1400 570 sole
1433 522 1671 572 occidente
1695 525 1966 577 transierunt

195 591 308 637 saxis
347 585 573 642 rotundis,
598 602 651 633 ac
684 586 873 635 lubricis
896 603 1000 649 quae
1036 586 1200 636 fluvius
1224 586 1385 642 volvit,
1409 600 1553 649 equos
1576 603 1743 653 magna
1759 589 1963 640 molestia

197 650 515 699 afficientibus.
559 650 823 699 Accedebat
844 651 900 698 ad
924 650 1014 698 alia
1034 650 1345 706 incommoda,
1366 652 1492 714 quod
1508 651 1596 700 rari
1620 654 1691 714 (ι)
1716 653 1965 704 ferramen-
2049 670 2055 714 4·

195 730 242 762 ta
261 715 428 778 quibus
453 715 753 779 lignarentur.
791 716 1038 763 habebant.
1105 717 1269 779 Itaque
1299 732 1391 763 non
1425 728 1601 763 tantum
1625 716 1716 763 fine
1739 720 1963 775 tentoriis,

194 781 344 842 (nulla
363 779 488 827 enim
507 781 772 840 attulerant)
796 780 871 828 sed
893 780 986 827 fine
1006 780 1218 891 tuguriis,
1243 782 1334 832 fine
1358 779 1491 843 palis,
1515 781 1568 827 ad
1594 797 1710 844 quos
1731 796 1874 845 equos
1896 786 1964 832 al-

190 843 408 908 ligarent,
427 845 647 906 permensi
663 844 831 908 viginti
847 846 952 893 οέὶο
971 843 1052 892 mil
1072 845 1118 892 ia
1133 845 1336 908 passuum
1355 862 1409 892 ea
1426 846 1558 892 nofte
1575 843 1622 892 in
1643 845 1736 893 solo
1751 846 1876 895 nudo
1894 864 1965 896 arm

192 908 325 965 mati,
345 924 662 973 equorumque
680 908 843 958 fraenos
860 910 1001 958 altera
1024 925 1164 956 manu
1185 920 1390 958 tenentes
1408 909 1738 957 decubuerunt.
1806 910 1965 961 Primo

192 988 327 1022 mane
345 989 451 1021 cum
490 973 736 1029 diluxisset,
769 973 884 1022 tanti
905 973 1073 1021 imbres
1096 972 1384 1028 deciderunt,
1411 986 1460 1021 ut
1485 973 1658 1022 modici
1680 987 1900 1024 torrentes
1918 994 1967 1024 e-

192 1038 314 1102 quis,
340 1037 692 1101 hominibusque
726 1040 864 1086 essent
885 1038 1099 1101 impervii
1123 1056 1135 1085 :
1172 1054 1229 1085 ex
1251 1037 1424 1085 rusticis
1447 1037 1564 1086 sorte
1585 1038 1874 1101 deprehensis
1892 1038 1965 1089 in-

194 1103 413 1168 telligunt
430 1104 530 1151 loca
551 1104 704 1151 vicina
736 1104 828 1152 late
851 1102 1030 1158 sterilia,
1067 1109 1106 1150 δε
1130 1101 1303 1150 inculta
1325 1121 1335 1149 ε
1371 1119 1521 1166 neque
1544 1104 1664 1151 unde
1686 1118 1967 1174 commeatus

191 1180 375 1231 petatur
430 1167 646 1232 uicquam
666 1168 857 1232 propius
877 1167 1018 1232 quam
1041 1167 1232 1216 Novum
1255 1168 1463 1223 castrum,
1488 1169 1539 1219 δε
1560 1168 1925 1225 Carleolumaesl'e
1951 1187 1964 1218 :

191 1249 391 1296 quorum
443 1249 499 1281 oc
524 1232 694 1299 viginti
714 1246 931 1295 quatuor,
955 1232 1074 1281 illud
1096 1231 1288 1296 triginta
1309 1231 1455 1279 millia
1478 1232 1680 1295 passuum
1701 1231 1881 1282 abess'et.
1918 1236 1966 1282 J-

189 1298 320 1361 gitur
335 1315 390 1345 eo
407 1296 542 1346 missis
557 1298 796 1360 jumentis,
819 1301 871 1349 δε
894 1295 1123 1350 πιίηἰίὶῐὶε,
1146 1297 1320 1345 interea
1342 1296 1510 1361 gladiis
1532 1296 1566 1344 li
1604 1310 1784 1352 uantur,
1815 1299 1965 1361 palos-

193 1379 286 1425 que
307 1362 544 1427 illigandis
565 1363 714 1425 equis,
748 1362 1040 1426 fruticesque,
1081 1367 1122 1409 δι
1144 1361 1399 1409 arbusculas
1422 1362 1479 1409 ad
1502 1377 1553 1408 ca
1576 1362 1671 1409 ulas
1693 1363 1965 1410 extruendas
2039 1418 2048 1423 „

190 1441 467 1492 congerunt,
493 1444 690 1491 quorum
714 1427 954 1475 frondibus
977 1443 1118 1489 equos
1143 1426 1330 1490 pascunt
1350 1444 1361 1473 :
1397 1442 1591 1489 eamque
1613 1428 1792 1474 nostem
1815 1426 1879 1473 ibi
1892 1427 1968 1488 je-

187 1493 291 1554 juni
314 1506 477 1556 agunt.
546 1491 710 1539 Tertia
732 1492 918 1539 demum
941 1493 1042 1538 luce
1061 1490 1142 1553 qui
1166 1489 1275 1537 misli
1299 1491 1355 1538 ad
1386 1491 1558 1554 oppida
1578 1503 1706 1538 erant
1725 1491 1965 1555 paululum

192 1570 475 1603 commeatus
497 1556 689 1620 quisque
711 1556 797 1603 suis
822 1555 991 1603 attulit.
1061 1556 1157 1617 ‘Qii
1179 1572 1236 1602 ex
1257 1554 1431 1617 oppido
1466 1554 1580 1601 lucri
1601 1554 1731 1601 causa
1751 1568 1879 1603 crant
1902 1555 1963 1603 se-

192 1620 285 1667 cuti
309 1638 473 1685 panem
491 1620 700 1684 quidem,
716 1627 754 1667 ,ὲ
778 1620 956 1673 vinum,
981 1620 1054 1666 sed
1078 1636 1160 1666 nec
1183 1621 1400 1672 multum,
1428 1635 1511 1665 nec
1534 1619 1729 1680 probum
1751 1633 1965 1682 apporta-

193 1697 300 1732 runt
326 1705 335 1732 :
373 1685 471 1746 ejus
496 1685 620 1733 enim
646 1698 771 1733 tanta
794 1685 982 1748 penuria
1000 1697 1112 1738 erat,
1137 1695 1186 1731 ut
1206 1683 1468 1731 certaminis
1492 1682 1643 1730 causas
1662 1682 1766 1746 ipsis
1787 1683 1906 1730 inter
1922 1684 1967 1732 se

191 1751 434 1811 praeberet.
503 1750 579 1797 Ad
603 1750 720 1798 hanc
743 1767 891 1797 rerum
925 1749 1133 1797 omnium
1174 1747 1379 1811 inopiam
1416 1747 1661 1795 accedente
1686 1747 1889 1795 molestia
1907 1765 1966 1796 ex

190 1815 418 1863 imbribus
431 1813 663 1862 continuis
677 1831 778 1861 cum
804 1814 972 1878 septem
995 1813 1091 1862 dies
1114 1814 1321 1878 egissent,
1334 1828 1386 1859 ac
1403 1810 1625 1875 ephippia
1641 1811 1965 1870 madescerent,

192 1893 414 1944 tergaque
447 1895 673 1943 equorum
699 1880 968 1934 ulcerarent,
993 1879 1169 1943 ipsique
1190 1877 1238 1924 in
1261 1877 1453 1925 vestibus
1478 1876 1645 1931 uvidis,
1671 1892 1722 1923 ac
1741 1876 1966 1942 plaerique

190 1945 354 1992 armati
375 1942 492 1998 dies,
515 1943 757 2006 noGesque
787 1957 991 2007 agerent,
1021 1960 1104 1990 nec
1121 1943 1252 2006 ignes
1276 1941 1301 1988 ὲ
1323 1940 1512 1988 materia
1532 1940 1689 1995 viridi,
1709 1946 1749 1988 δι
1771 1941 1830 1987 ab
1847 1958 1967 2005 aqua
2031 1950 2038 1991 Ῑ

190 2009 350 2072 pluvia
368 2008 579 2056 madente
601 2009 791 2057 accendi
813 2010 1002 2071 possent.
1026 2012 1187 2055 oftavo
1209 2008 1395 2053 demum
1418 2005 1491 2053 die
1513 2005 1767 2059 decretum,
1795 2018 1846 2053 ut
1866 2006 1965 2068 sep-
2038 2036 2041 2038 -

190 2088 284 2120 tem
307 2072 456 2120 millia
477 2073 681 2135 passuum
717 2072 919 2137 superius
940 2072 1253 2120 commodiore
1289 2070 1409 2118 vado
1431 2071 1599 2117 flumen
1622 2070 1770 2117 rursus
1808 2070 1965 2118 transi-
2028 2098 2035 2130 j

189 2151 292 2186 rent
317 2154 328 2185 :
364 2138 438 2185 sed
462 2143 502 2185 δι
524 2136 592 2184 ibi
621 2154 754 2185 amne
775 2138 1000 2185 imbribus
1023 2138 1155 2184 aufto
1172 2134 1381 2199 pluribus
1409 2135 1457 2182 in
1482 2133 1753 2182 transeundo
1773 2135 1964 2190 vexatis,
2040 2155 2049 2181 ι

193 2202 428 2251 nonnullis
460 2202 640 2258 amissis,
668 2202 746 2250 ubi
781 2201 982 2265 primurn
1005 2201 1317 2254 constiterunt,
1342 2200 1545 2248 ediftum
1585 2213 1634 2246 ut
1669 2198 1750 2262 qui
1788 2212 1964 2247 certum
2032 2197 2053 2255 χ’

190 2267 412 2315 nuncium
440 2266 518 2314 ubi
539 2268 749 2314 locorum
771 2269 908 2314 essent
931 2267 1057 2313 Scoti
1079 2264 1308 2318 attulisset,
1334 2280 1499 2328 magna
1519 2263 1710 2327 praemia
1738 2262 1927 2310 referret
1950 2280 1962 2309 ε

193 2331 337 2379 biduo
360 2331 574 2395 proximo
595 2347 699 2378 cum
724 2331 811 2378 iter
832 2348 913 2394 per
934 2332 1036 2378 loca
1055 2330 1191 2383 vasta,
1214 2335 1253 2377 δι
1281 2328 1540 2396 recentibus
1561 2327 1789 2375 incendiis
1818 2327 1966 2375 foeda-

190 2410 238 2443 ta
257 2397 364 2445 esset
384 2395 543 2460 pabuli
568 2396 689 2451 satis,
703 2395 778 2444 sed
795 2396 988 2444 aliorum
1007 2407 1348 2442 commeatuum
1366 2408 1457 2441 non
1477 2393 1592 2440 adeo
1616 2392 1814 2440 multum
1830 2408 1963 2456 repe·
1996 2425 2003 2430 -
2027 2395 2038 2447 ΪῙ

189 2471 331 2508 nunt.

254 2525 383 2573 LIV.
427 2527 606 2587 Qarto
627 2525 814 2573 demum
836 2523 911 2572 die
934 2539 1050 2571 unus
1071 2524 1096 2576 ὲ
1119 2521 1382 2587 quindecim
1403 2520 1670 2584 juvenibus,
1699 2519 1782 2584 qui
1800 2520 1964 2584 explo-
2022 2526 2024 2529 ’

188 2601 339 2637 ratum
359 2588 585 2645 exierant,
616 2589 771 2636 retulit
794 2591 953 2636 Sec-tos
970 2587 1149 2635 circiter
1171 2587 1258 2634 tria
1288 2585 1434 2635 millia
1455 2583 1655 2650 passuum
1678 2586 1737 2632 ab
1758 2586 1960 2634 exercitu

185 2654 451 2719 ,Anglorum
474 2654 637 2708 abesse,
664 2670 714 2700 ac
739 2653 963 2726 proximis
996 2654 1102 2699 oCto
1132 2651 1296 2698 diebus
1319 2651 1449 2713 aeque
1481 2650 1679 2697 incertos
1701 2648 1826 2696 fuiss'e
1847 2650 1962 2712 quid
2018 2692 2023 2701 .

188 2718 337 2784 Angli
351 2729 558 2782 agerent,
583 2731 718 2781 atque
736 2717 807 2763 111i
829 2717 887 2765 de
904 2717 1037 2764 rebus
1059 2715 1072 2762 i
1112 2715 1275 2763 sorum.
1342 2715 1451 2761 Hoc
1473 2713 1515 2761 se
1534 2731 1619 2780 pro
1641 2727 1765 2760 certo
1782 2715 1958 2769 afferre,

192 2796 244 2830 ut
262 2782 345 2847 qui
374 2795 532 2844 captus
558 2781 583 2828 a
621 2781 768 2829 Scotis
803 2780 966 2834 suisset,
990 2795 1042 2826 ac
1065 2731 1154 2826 si'ne
1177 2777 1332 2841 precio
1353 2778 1554 2826 dimissus
1576 2795 1630 2826 ea
1651 2779 1770 2841 lege,
1797 2791 1846 2825 ut
1868 2779 1960 2827 sine
2016 2795 2017 2799 ¹

189 2864 321 2895 mora
341 2845 463 2911 Regi
491 2847 730 2894 nunciaret
747 2861 824 2892 eos
852 2845 948 2906 ejus
982 2844 1231 2891 adventum
1255 2842 1356 2890 illic
1376 2844 1691 2906 expectaturos
1720 2860 1731 2887 ε
1769 2857 1851 2890 nec
1874 2842 1962 2890 rni-
1995 2892 2003 2898 ,

191 2928 302 2961 nore
323 2909 576 2976 cupiditate
597 2908 856 2974 pugnandi,
878 2907 1018 2972 quam
1042 2908 1174 2957 illum
1197 2905 1358 2955 teneri.
1427 2907 1535 2954 Hoc
1558 2905 1727 2954 nuncio
1759 2918 1963 2970 accaepto
2011 2911 2015 2917 '

191 2977 318 3031 signa
336 2976 572 3024 consistere
592 2977 694 3024 Rex
712 2974 862 3034 jubet,
880 2989 1123 3035 equorum,
1143 2971 1438 3035 virorumque
1458 2987 1650 3033 corpora
1666 2970 1830 3022 curari,
1846 2975 1886 3018 &
1904 2971 1964 3017 ad
2018 2987 2025 3002 ³

198 3042 412 3088 ultimum
436 3055 668 3088 certamen
689 3054 815 3085 arma
836 3036 1101 3100 animosque
1119 3052 1275 3099 parare
1297 3054 1308 3082 ε
1329 3034 1496 3083 deinde
1519 3034 1698 3099 triplice
1719 3033 1816 3081 acie
1838 3034 1970 3091 lento,
2019 3051 2038 3078 ·.

187 3106 333 3166 gradu
354 3104 528 3152 hostem
551 3103 700 3152 versus
723 3101 1032 3166 progreditur.
1101 3101 1198 3149 Ubi
1225 3099 1355 3147 alteri
1386 3098 1538 3147 alteris
1558 3097 1795 3163 conspicui
1816 3097 1961 3155 fuere.
1992 3159 1995 3162 y

189 3169 314 3217 Scoti
336 3182 424 3215 tres
447 3168 566 3216 acies
589 3166 781 3216 seorsum
802 3166 852 3214 in
874 3165 997 3213 clivo
1014 3164 1080 3212 ita
1099 3167 1312 3219 struxere,
1336 3175 1387 3210 ut
1403 3163 1665 3218 dexteram,
1680 3169 1720 3210 δε
1743 3163 1961 3212 sinistram

187 3248 320 3295 rupes
355 3233 616 3294 praecipites
650 3231 933 3286 clauderent,
957 3228 1085 3281 unde
1110 3229 1257 3276 hostes
1293 3227 1536 3275 subeuntes
1557 3226 1790 3291 lapidibus
1820 3224 1954 3295 obrui
1994 3228 2034 3285 ζ’

186 3298 335 3358 possen
345 3308 377 3342 t.
445 3298 521 3344 Ad
541 3296 716 3344 radices
738 3295 870 3342 collis
897 3294 1102 3355 objestus
1133 3306 1230 3340 erat
1252 3290 1418 3356 Anglis
1438 3290 1627 3354 rapidus
1648 3304 1833 3351 torrens,
1900 3308 1963 3338 κ·
1980 3307 2006 3350 v⁸*

185 3359 436 3424 grandibus
451 3359 580 3414 saxis,
593 3366 635 3406 &
652 3357 861 3407 rotundis
881 3359 947 3407 ita
965 3357 1236 3421 impeditus,
1249 3369 1299 3405 ut
1319 3371 1471 3420 neque
1490 3355 1673 3403 transire
1691 3354 1752 3403 ad
1802 3362 1807 3368 '
1866 3351 2021 3419 einh&

187 3440 272 3476 nec
293 3421 369 3470 ubi
394 3424 656 3478 transissent,
671 3424 712 3473 se
729 3422 931 3487 recipere
954 3422 1044 3470 fine
1063 3433 1187 3469 certa
1203 3419 1407 3487 pernicie
1427 3419 1617 3486 possent.
1685 3418 1832 3487 Angli
1851 3431 1971 3467 cum
2008 3420 2033 3445 Ψ

1980 3501 1990 3519 N

2034 1854 2055 1913 fl

242 3541 302 3594 μ)
333 3544 435 3581 Axes
463 3540 525 3581 for
539 3542 684 3594 cutting
701 3542 839 3583 timber
855 3542 915 3582 for
930 3540 1030 3582 their
1054 3548 1190 3597 tenu-‚-
