2055 3828
234 135 353 202 192
537 116 896 184 RERUM
988 112 1675 185 scon-mmmm

227 216 371 262 cussus
393 213 544 262 fractis
566 214 819 262 cervicibus
849 211 1041 268 interiit,
1066 229 1157 262 non
1179 214 1339 276 procul
1361 231 1387 260 a
1410 214 1669 278 Kingorno,
1692 232 1812 265 anno
1833 217 1984 266 salutis

227 280 386 326 nostrae
406 282 539 344 1285.
571 295 625 338 14
644 276 870 324 Calendas
885 276 1086 340 Apriles.
1128 277 1264 324 Vixit
1286 294 1429 325 annos
1450 297 1482 343 4
1518 314 1528 325 .
1548 280 1755 343 regnavit
1778 300 1852 345 37.

291 340 464 390 LXVI.
497 340 781 389 Desiderium
814 339 881 387 sui
913 341 1118 405 reliquit,
1153 355 1374 405 quantum
1399 345 1477 390 nul
1502 360 1549 390 us
1574 360 1774 407 unquam
1797 347 1982 410 Regum

228 407 465 455 Scotorum
492 426 501 452 :
539 421 628 450 non
653 417 744 451 tam
766 405 893 467 quod
913 405 1128 453 omnibus
1150 406 1369 469 corporis,
1387 412 1427 455 δε
1445 406 1586 455 animi
1607 407 1851 455 virtutibus
1870 427 1988 472 prae-

226 471 346 519 ditus
374 469 628 522 deceffisset,
650 486 791 531 quam
812 469 939 532 quod
963 468 1169 517 homines
1185 470 1283 530 jam
1318 483 1415 517 tum
1446 471 1608 519 animis
1630 472 1982 535 prospiciebant,

212 548 405 598 ,quantae
428 532 707 580 calamitates
729 533 776 579 in
797 532 1052 580 universum
1072 551 1264 598 regnum
1288 551 1345 581 ex
1366 535 1462 596 ejus
1485 548 1631 582 morte
1648 537 1785 583 essent
1817 538 1986 584 redun—

224 601 409 646 daturae.
478 596 626 660 Leges
639 597 959 644 saluberrimas
979 598 1037 645 ab
1058 615 1114 646 eo
1134 599 1342 645 conditas
1361 598 1602 646 hominum
1625 600 1924 664 negligentia,
1943 607 1987 648 δε

208 659 439 721 ‚temporis
463 660 776 724 longinquitas
798 662 1070 726 antiquavit.
1139 663 1332 710 Utiliter
1362 663 1419 710 ab
1451 679 1506 709 eo
1527 662 1729 710 instituta
1750 666 1895 729 magis
1918 666 1985 711 fa-

221 742 296 775 ma
312 724 616 779 celebrantur,
636 742 773 788 quam
796 727 1120 775 consuetudine
1143 727 1425 790 usurpantur.
1461 726 1622 774 Diviso
1643 744 1785 790 regno
1802 728 1850 775 in
1871 746 1986 791 qua·
2050 739 2052 744 '

221 803 324 851 ωρι-
344 801 511 851 partes,
537 789 722 853 singulis
744 806 885 852 prope
908 791 1036 838 annis
1060 803 1207 838 totum
1230 792 1407 848 obibat,
1450 808 1502 838 ac
1527 805 1676 838 ternos
1701 791 1791 838 fere
1816 793 1986 839 menses

221 853 270 901 in
294 850 482 916 singulis
502 854 763 899 morabatur
785 855 843 900 ad
859 855 932 915 jus
954 855 1219 910 dicendum,
1244 861 1284 902 &
1304 873 1556 919 pauperum
1578 855 1884 919 querimonias
1907 873 1986 903 au-

219 917 426 965 diendas.
461 917 567 964 Hoc
585 930 683 964 toto
702 917 846 980 spatio
868 918 1006 965 etiam
1030 917 1291 965 tenuiffimis
1312 920 1372 966 ad
1392 937 1498 966 eum
1521 921 1670 967 aditus
1692 932 1803 967 erat.
1857 923 1986 984 Qo-

218 981 301 1030 ties
315 980 537 1042 juridicos
560 995 810 1028 conventus
827 982 989 1036 adiret,
1015 982 1253 1045 praefeftos
1267 999 1426 1029 eorum
1444 1000 1548 1030 cum
1569 985 1685 1031 lefta
1699 1001 1834 1032 manu
1854 984 1988 1048 praes-

220 1058 269 1094 to
287 1045 605 1093 advenientem
628 1045 838 1110 excipere
872 1046 1083 1107 jubebat,
1106 1049 1158 1097 ὃς
1179 1047 1422 1094 abeuntem
1451 1049 1506 1094 ad
1531 1046 1727 1094 limitem
1751 1049 1836 1094 suae
1852 1049 1986 1108 juris-

222 1110 434 1158 dissionis
458 1111 700 1158 deducere.
767 1111 842 1158 Ibi
864 1128 891 1158 a
911 1111 1125 1175 proximo
1144 1111 1362 1174 praefefto
1381 1111 1708 1175 excipiebatur.
1754 1113 1859 1159 Hac
1881 1112 1987 1158 rati-

219 1191 308 1222 one
330 1175 659 1238 ass'equebatur,
681 1187 730 1221 ut
747 1186 890 1222 totam
915 1175 1205 1224 nobilitatem
1220 1175 1441 1231 nosceret,
1467 1182 1504 1223 δι
1529 1176 1587 1222 ab
1604 1177 1820 1223 omnibus
1844 1177 1989 1223 nosci-

218 1251 404 1294 taretur,
429 1255 513 1286 nec
533 1239 777 1303 populum,
801 1257 893 1304 qua
913 1240 1027 1294 ibat,
1053 1239 1185 1286 turba
1218 1240 1490 1294 aulicorum,
1523 1257 1626 1303 quat
1652 1240 1743 1288 fere
1766 1247 1806 1288 Sc
1828 1257 1984 1303 rapax,

216 1309 257 1351 δε
281 1303 521 1366 imperiosa
541 1305 617 1359 est,
646 1306 716 1365 (1)
738 1317 1018 1368 gravaretur.
1065 1304 1409 1368 Magistratibus
1432 1304 1705 1367 imperabat,
1729 1318 1778 1353 ut
1795 1304 1985 1358 ociosos,

215 1366 298 1430 qui
322 1384 404 1425 nec
423 1380 565 1415 artem
589 1368 767 1422 scireut,
801 1385 887 1415 nec
922 1368 1247 1432 patrimonium
1272 1369 1508 1421 haberent,
1554 1369 1705 1416 severe
1728 1369 1986 1432 compesce·

208 1445 337 1490 rent.
373 1432 515 1494 Qod
534 1433 745 1479 oxnnium
766 1432 999 1488 scelerum,
1020 1449 1073 1480 ac
1094 1432 1368 1496 flagitiorum
1393 1450 1450 1480 ex
1471 1432 1576 1479 ocio
1598 1435 1724 1481 velut
1748 1434 1873 1481 fonte
1895 1434 1986 1496 pri-

217 1494 400 1544 mordia
420 1496 653 1542 dimanare
675 1496 963 1544 existimaret.
998 1496 1259 1544 Comitatus
1277 1496 1491 1560 equestris
1508 1498 1714 1552 modum,
1734 1498 1812 1560 qui
1833 1499 1989 1560 seque.-

211 1573 337 1608 retur
360 1560 555 1614 nobiles,
592 1561 647 1606 ad
673 1576 848 1607 certum
874 1578 1115 1608 numerum
1137 1562 1346 1624 redegit:
1380 1561 1509 1623 quod
1531 1577 1753 1623 equorum
1779 1562 1990 1609 multitu·

212 1624 387 1676 dinem,
404 1638 598 1686 quorum
618 1623 664 1670 in
686 1624 809 1671 bello
830 1626 982 1673 nullus
1001 1626 1107 1672 ess‘et
1130 1625 1229 1671 usus
1247 1641 1439 1672 annonae
1462 1641 1646 1688 gravem
1673 1626 1982 1672 arbitraretur.

217 1690 340 1736 Cum
363 1691 436 1734 vel
460 1686 707 1752 navigandi
727 1688 918 1743 inscitia,
945 1690 1018 1737 vel
1041 1702 1210 1736 temere
1234 1688 1274 1735 se
1298 1687 1409 1736 mari
1432 1688 1820 1736 committentium
1843 1689 1988 1736 avari·-

217 1753 282 1800 tia
305 1754 449 1799 multa
471 1753 630 1799 fierent
652 1753 908 1817 naufragia,
941 1759 981 1802 δι
1004 1754 1062 1800 ad
1082 1754 1179 1799 haec
1200 1754 1444 1800 accedente
1476 1751 1724 1816 piratarum
1748 1753 1985 1808 violentia,

217 1829 520 1864 mercatorum
539 1818 652 1863 ordo
671 1833 815 1890 prope
838 1818 893 1864 ad
927 1817 1131 1881 inopiam
1154 1818 1359 1865 redactus
1381 1818 1503 1872 esset,
1527 1818 1720 1881 qutestus
1739 1819 1868 1865 causa
1889 1819 1988 1865 suos

213 1880 428 1945 navigare
450 1880 610 1929 vetuit.
682 1882 735 1928 Id
759 1882 1013 1929 institutum
1033 1898 1138 1930 cum
1163 1898 1307 1945 prope
1328 1898 1496 1930 annum
1521 1883 1730 1937 durasset,
1750 1898 1801 1929 ac
1819 1884 1989 1930 multo-

214 1961 313 1993 rum
339 1944 618 1993 sermonibus
661 1958 876 2010 tanquam
901 1946 1088 2009 publi-:c
1123 1946 1312 1993 noxium
1343 1945 1768 2009 reprehenderetur,
1805 1947 1989 1994 tandem

211 2008 560 2075 peregrinarum
582 2010 807 2057 mercium
829 2010 955 2057 brevi
974 2024 1100 2058 tanta
1120 2011 1191 2056 vis
1207 2010 1386 2059 invecta
1403 2010 1479 2063 est,
1503 2022 1553 2056 ut
1571 2025 1661 2057 non
1680 2009 1822 2056 solum
1838 2024 1988 2058 rerum

207 2073 366 2137 copia,
391 2073 466 2121 sed
523 2074 646 2120 recii-
667 2075 816 2123 vilitas
858 2075 1125 2123 memoriam
1161 2074 1207 2121 su
1243 2074 1440 2122 eriorum
1464 2086 1723 2135 temporum
1747 2073 1987 2137 superaret.

214 2140 392 2186 Verum
420 2150 469 2184 ut
525 2138 567 2185 ic
588 2154 776 2201 quoque
805 2151 1107 2186 mercatorum
1139 2090 1293 2186 ordini
1324 2138 1647 2191 consuleretur,
1677 2138 1822 2185 vetuit
1843 2155 1990 2202 quen·

214 2219 353 2266 quam
372 2219 397 2248 a
414 2202 666 2266 peregrinis
689 2203 869 2251 invefla
889 2219 1058 2258 emere,
1080 2214 1242 2267 praeter
1261 2215 1548 2250 mercatores.
1592 2203 1662 2264 (2)
1685 2203 1888 2251 Caeteros
1909 2219 1990 2251 au.

219 2281 329 2323 tem,
351 2268 476 2330 quod
501 2267 669 2331 cuique
689 2268 787 2315 usui
808 2268 930 2324 effet,
955 2267 1013 2314 ab
1034 2268 1126 2316 illis
1145 2267 1385 2315 redimere.

269 2460 329 2512 (1)
375 2463 444 2500 See
473 2464 524 2500 A.
572 2462 735 2510 Gellius,
782 2465 828 2503 18
851 2478 863 2503 t
923 2476 984 2510 12,
1014 2465 1083 2501 and
1139 2460 1382 2511 signification
1405 2469 1446 2499 to
1472 2461 1605 2510 vetuit,
1624 2460 1655 2501 is
1673 2471 1711 2501 to
1728 2462 1773 2500 be
1796 2461 1989 2512 supplied:

218 2527 265 2567 ¹5
286 2529 295 2552 ε
327 2527 390 2562 14·
1139 2515 1187 2552 of
1197 2515 1325 2553 which
1342 2515 1469 2565 ellipse
1487 2515 1593 2556 there
1606 2528 1666 2555 are
1684 2529 1794 2566 many
1806 2516 1990 2565 examples
2054 2528 2055 2534 ¹

271 2566 334 2618 (2)
363 2569 465 2607 Here
489 2567 606 2618 jussu,
626 2581 646 2607 a
674 2573 776 2609 κνοω
802 2571 847 2609 of
865 2584 887 2609 a
916 2579 1087 2620 contrary
1140 2569 1180 2605 in
1201 2568 1266 2609 the
1276 2569 1388 2607 Latin
1406 2568 1570 2607 authors.
