2025 3833
154 116 288 179 352
475 98 836 166 RERUM
926 93 1606 168 Sco’r1CARUM

147 206 370 257 peterent,
394 208 445 244 ut
468 198 639 259 nuptiae
665 197 759 256 jam
781 193 955 256 pridem
976 195 1199 257 promiffae
1239 196 1565 244 conficerentur
1587 215 1600 245 z
1631 200 1909 250 ostenderent

148 275 231 320 per
254 261 410 307 Scotos
434 278 524 307 non
543 262 880 320 staturum,quo
905 258 1070 312 minus,
1112 258 1158 304 in
1181 276 1283 321 quae
1305 272 1576 306 conventum
1602 260 1760 318 fuerat,
1784 268 1905 329 opti-

152 336 229 369 ma
252 325 339 370 fide
362 326 685 388 praestarentur.
753 322 951 385 Anglus,
992 324 1074 385 qui
1115 322 1212 369 satis
1253 321 1418 369 sciebat
1440 325 1596 370 Scotos
1617 325 1724 371 aleae
1742 344 1908 391 pugnae

151 402 246 433 rem
272 404 361 434 non
401 387 727 439 commissuros,
770 403 874 432 cum
901 391 940 433 δε
963 404 1062 449 pars
1094 385 1258 432 virium
1282 386 1479 448 ipsorum
1521 404 1625 434 cum
1648 389 1910 447 Alexandro

148 449 337 497 homine
374 452 510 511 vulgo
547 449 743 511 gratioso
765 450 885 511 apud
911 450 951 496 se
990 450 1110 503 ess‘et,
1147 456 1186 496 &
1210 449 1409 512 reliquos
1436 451 1710 498 fastionibus
1733 452 1913 501 distrahi

152 530 245 560 non
265 515 505 577 ignoraret,
527 513 772 575 respondit,
793 529 882 559 non
906 514 986 560 fibi
1007 511 1105 560 satis
1125 528 1408 575 compertum
1429 514 1530 568 esse,
1554 516 1665 578 quid
1690 517 1789 562 Rex
1813 518 1912 563 An-

149 579 255 640 glus
278 595 332 623 eo
354 579 410 622 de
446 577 738 623 matrimonio
780 577 1042 634 decreviss‘et
1068 596 1077 623 :
1113 578 1293 624 interim
1319 579 1575 640 pecuniam,
1607 597 1707 640 quae
1743 582 1911 627 lacobo

150 641 272 686 dotis
296 640 478 686 nomine
497 653 589 686 crat
611 638 938 704 repraesentata,
961 659 1138 704 acquum
1160 640 1240 687 fibi
1264 643 1407 687 statim
1432 643 1558 688 reddi
1582 642 1802 690 censebat.
1828 646 1913 690 Pa-

149 718 249 750 cem
273 720 378 750 vcro
414 704 440 750 si
465 705 650 759 vellent,
676 705 992 766 promitterent
1014 707 1053 752 se
1076 722 1224 752 arcem
1257 706 1428 752 Bervici
1454 705 1708 752 reddituros
1735 726 1745 753 :
1780 722 1855 754 aut
1879 709 1911 756 si

149 767 201 812 id
227 767 373 813 minus
395 769 583 830 possent,
608 769 986 830 sanaejurarenn
1012 770 1052 816 se
1076 785 1158 817 nec
1182 768 1354 816 obsessis
1380 770 1518 816 ullam
1542 786 1695 832 opem,
1722 786 1802 816 nec
1828 771 1913 817 ob-

151 831 396 877 fidentibus
420 831 665 878 molestiam
686 834 918 888 allaturos,
941 835 1088 881 donec
1112 845 1188 880 aut
1206 833 1252 879 vi
1275 845 1423 896 capta,
1463 846 1540 879 aut
1573 834 1913 882 conditionibus

150 894 305 941 dedita
326 912 402 941 arx
427 896 558 942 foret.
600 897 673 943 Ad
697 914 750 942 ca
768 898 892 944 Scoti
913 915 993 960 per
1015 899 1188 961 {egatos
1209 896 1552 961 responderunt,
1573 898 1914 946 matrimonium

150 959 354 1005 nondum
386 961 644 1007 confestum
669 962 751 1007 esse
789 962 914 1008 nulla
944 961 1018 1008 sua
1039 963 1192 1023 culpa,
1228 960 1298 1007 sed
1333 962 1393 1008 ob
1429 960 1718 1008 immaturam
1749 962 1912 1025 sponsi,

151 1021 411 1086 sponsaeque
435 1036 629 1072 aetatem.
695 1026 938 1071 Pecuniam
962 1027 1086 1089 cujus
1110 1026 1333 1072 solvendae
1362 1024 1458 1072 dies
1484 1026 1685 1072 nondum
1711 1027 1919 1073 advenis·-

153 1087 232 1141 set,
259 1089 460 1134 nondum
484 1089 656 1135 deberi.
704 1089 776 1136 De
797 1088 1024 1144 solvenda,
1049 1090 1079 1137 si
1105 1107 1193 1136 non
1218 1089 1317 1136 satis
1343 1104 1525 1136 cautum
1547 1089 1793 1145 videretur,
1818 1108 1916 1138 arn-

152 1151 272 1214 plius
295 1167 520 1200 cauturos.
568 1153 746 1201 Bervici
764 1170 912 1200 arcem
936 1153 980 1200 in
1004 1154 1095 1201 solo
1119 1153 1300 1200 Scotico
1324 1152 1349 1199 a
1372 1153 1516 1200 Scotis
1540 1153 1804 1201 aedificatam
1831 1155 1916 1201 suae

153 1214 341 1262 ditionis
365 1218 465 1271 esse,
490 1234 540 1263 ac
561 1235 640 1281 per
661 1219 805 1265 multa
828 1217 986 1265 saecula
1008 1217 1150 1266 fuiffe.
1218 1218 1329 1264 Eam
1356 1216 1383 1263 si
1407 1218 1654 1280 aliquando
1681 1218 1820 1281 Angli
1845 1219 1916 1266 in·-

156 1280 456 1341 tercaeperint‚
482 1294 557 1328 aut
576 1299 656 1345 per
677 1281 771 1328 vim
790 1283 1034 1338 tenuerint,
1056 1281 1172 1330 nihil
1194 1298 1247 1328 ea
1268 1280 1433 1344 injuria
1450 1281 1524 1343 jus
1548 1296 1673 1328 vetus
1697 1282 1915 1331 imminu·

154 1357 249 1391 tum
274 1343 413 1391 fuisse.
1323 1371 1328 1378 ·

218 1409 390 1455 XLIX.
422 1408 718 1465 Glocestrius,
742 1411 821 1474 qui
857 1408 1056 1473 superior
1078 1409 1251 1457 viribus
1274 1422 1385 1465 crat,
1411 1410 1456 1456 in
1503 1410 1719 1458 sententia
1753 1412 1917 1474 pezsta·

153 1471 232 1519 bat
255 1491 269 1528 ;
302 1490 448 1536 neque
465 1474 578 1534 juris
601 1474 972 1537 disceptationem
999 1475 1135 1522 ullam
1159 1474 1387 1522 audiebat.
1432 1476 1605 1521 Eodem
1630 1476 1704 1522 die
1725 1478 1794 1537 (ι)
1825 1478 1932 1522 Ca-·

151 1537 284 1583 lenus
308 1537 573 1583 Cambellus
593 1538 874 1601 Argatheliae
898 1540 1084 1592 ComeS,
1109 1541 1158 1588 δε
1182 1539 1386 1586 Andreas
1410 1542 1613 1586 Stuartus
1636 1540 1917 1586 Cancellari-

153 1617 224 1653 us,
249 1601 341 1646 duo
364 1602 472 1647 item
497 1601 711 1663 Episcopi
735 1602 843 1649 Fani
868 1601 1082 1656 Andreae,
1114 1606 1160 1650 ὅ(
1181 1602 1435 1648 Dumblani
1461 1602 1674 1649 miserunt
1696 1604 1749 1649 ad
1773 1606 1918 1650 Alex-

152 1663 363 1719 andrum,
389 1664 466 1726 qui
491 1665 536 1712 in
560 1665 707 1712 castris
745 1667 1002 1729 Anglorum
1027 1667 1083 1712 ad
1109 1665 1436 1712 Lethintonum
1471 1679 1582 1720 erat,
1607 1667 1691 1713 suis
1710 1667 1916 1727 diploma

155 1727 332 1790 figillis,
373 1733 420 1778 δ(
444 1729 760 1794 chirographis
783 1730 1116 1785 confirmatum,
1159 1730 1187 1776 fi
1215 1729 1331 1792 Regi
1371 1730 1493 1776 dicto
1523 1730 1708 1777 audiens
1730 1733 1851 1785 essct,
1877 1733 1918 1779 se

152 1805 405 1846 curaturOS,
450 1805 497 1839 ut
521 1794 565 1840 in
590 1795 801 1856 proximo
823 1807 1051 1841 conventu
1083 1793 1269 1857 publico
1294 1795 1422 1840 bonis
1446 1793 1674 1849 restitutis,
1709 1795 1918 1843 omnium

152 1858 460 1903 antea-storum
484 1857 756 1920 impunitate
778 1859 1023 1905 donaretur
1048 1878 1057 1904 :
1102 1859 1198 1905 haec
1228 1859 1383 1904 omnia
1417 1859 1479 1905 ita
1497 1858 1648 1905 futura
1670 1860 1755 1905 fide
1778 1859 1918 1907 inter-

151 1920 314 1982 posita.
382 1922 642 1969 Alexander
664 1939 709 1969 re
737 1938 840 1968 cum
864 1922 1120 1969 Glocestrio
1141 1923 1493 1976 communicata,
1526 1923 1583 1969 ab
1618 1940 1672 1969 eo
1695 1924 1918 1971 benevole

154 1983 355 2031 dimissus
375 1984 431 2030 ad
454 1985 551 2032 suos
574 1985 724 2033 rediit.
780 1987 952 2033 Coac’to
971 1984 1158 2034 consilio
1177 1987 1348 2033 summa
1369 1986 1548 2049 imperii
1566 1988 1624 2034 ad
1646 2005 1748 2034 eum
1769 1988 1922 2034 omni-

152 2063 233 2094 um
255 2047 465 2095 consensu
488 2049 702 2098 defertur.
736 2050 898 2097 Statim
918 2051 975 2097 ad
997 2051 1173 2097 eosdem
1198 2051 1388 2097 relatum
1412 2053 1467 2097 de
1486 2051 1720 2098 obfidione
1744 2051 1920 2099 Bervici

152 2110 381 2159 solvenda.
415 2114 790 2161 prudentioribus
813 2114 955 2161 visum
978 2115 1038 2162 est
1061 2129 1151 2161 tam
1172 2115 1422 2177 periculoso
1444 2127 1666 2177 tempore,
1690 2117 1793 2164 chin
1816 2134 1920 2163 om-

151 2176 233 2223 nia
254 2176 548 2225 seditionibus
569 2178 822 2226 domesticis
841 2179 976 2226 effent
994 2179 1107 2225 adeo
1127 2177 1402 2241 perturbata,
1427 2192 1475 2225 ut
1495 2178 1572 2225 vix
1594 2179 1759 2242 quictis
1782 2181 1920 2228 hosti-

151 2239 240 2286 bus
271 2240 464 2287 fortunae
496 2242 718 2290 saevientis
752 2243 952 2306 impetus
984 2242 1064 2289 fisti
1101 2244 1257 2305 poffet,
1282 2259 1438 2305 pacem
1462 2242 1621 2306 quavis
1657 2244 1919 2293 conditione

152 2303 427 2352 faciendam.
497 2306 732 2355 Videbant
754 2306 877 2354 enim
901 2306 1152 2370 perspicue,
1190 2307 1220 2353 si
1243 2307 1409 2354 hostem
1435 2321 1526 2354 tam
1561 2321 1794 2369 potentem
1817 2308 1919 2356 vin-

154 2374 327 2424 cerent,
353 2369 393 2416 se
418 2371 561 2435 magis
580 2387 684 2418 eum
707 2369 979 2425 irritaturos,
1002 2370 1141 2433 quam
1166 2371 1490 2418 absterrituros.
1559 2371 1638 2418 Sin
1661 2372 1741 2434 ipsi
1762 2368 1927 2419 vince-.

154 2433 565 2487 rentur,incertum
588 2437 689 2490 effe,
714 2435 1104 2498 quemadmodum
1129 2435 1262 2482 hostis
1286 2448 1446 2482 natura
1464 2435 1607 2486 ferox,
1627 2438 1676 2485 &
1697 2437 1830 2483 rebus
1854 2436 1919 2483 se·
1995 2450 2004 2466 ‘

153 2496 316 2543 cundis
338 2495 603 2546 insolentior
624 2500 767 2547 factus
789 2498 979 2546 victoria
995 2501 1099 2546 ess‘et
1124 2499 1291 2546 usurus·
1359 2500 1495 2552 Haec,
1520 2498 1596 2546 etfi
1622 2500 1830 2547 nonnulli
1852 2500 1920 2549 fe·

155 2559 374 2617 rociores,
398 2561 534 2625 quam
559 2579 642 2626 pro
681 2577 885 2626 ternpore
918 2564 1241 2618 occlamarent,
1272 2562 1487 2611 sententia
1510 2562 1556 2611 in
1581 2564 1768 2611 consilio
1789 2564 1918 2613 vicit.·
1962 2598 1964 2602 .

156 2623 260 2671 Post
277 2624 403 2679 alias,
418 2639 554 2690 atque
573 2627 682 2675 alias
701 2627 990 2675 conditiones
1013 2628 1170 2674 frustra
1184 2628 1390 2689 jactatas,
1405 2628 1587 2674 tandem
1607 2627 1665 2675 ad
1678 2628 1920 2691 septimum

158 2687 386 2735 Calendas
406 2691 695 2752 Septembres
714 2691 821 2739 anni
843 2691 1073 2739 millesimi
1092 2690 1525 2756 quadringentesimi
1547 2691 1839 2756 oftuagefimi
1856 2692 1930 2748 se<

157 2751 315 2807 eundi,
335 2767 635 2809 conventum,
661 2768 710 2802 ut
746 2772 823 2802 arx
861 2755 1038 2803 Bervici
1071 2756 1328 2811 dederetur,
1351 2771 1403 2803 ac
1433 2755 1631 2805 induciae
1664 2755 1712 2802 in
1754 2771 1925 2819 paucos

158 2815 332 2863 menses
353 2817 584 2874 darentur,
607 2819 754 2866 donec
776 2819 833 2865 de
854 2834 964 2881 pace
987 2835 1068 2882 per
1088 2818 1245 2866 ocium
1263 2817 1442 2866 tractati
1461 2819 1615 2882 poss‘et.
1683 2821 1754 2866 Ita
1766 2821 1925 2869 Bervi·

159 2888 266 2926 cum
289 2880 500 2929 vicefimo
522 2890 613 2930 'uno
635 2899 772 2937 anno,
801 2883 1037 2946 postquam
1068 2884 1130 2931 ad
1156 2884 1315 2930 Scotos
1345 2882 1555 2938 redierat,
1584 2883 1812 2932 redditum
1835 2884 1927 2933 faie

161 2944 345 3008 Anglis.
413 2946 692 2995 Glocestrius
721 2964 769 2994 re
791 2947 900 2994 foris
924 2947 1038 2995 bene
1094 2938 1198 3001 effa,
1221 2962 1325 2994 eum
1357 2947 1526 2994 summa
1544 2946 1848 3010 gratulatione
1864 2938 1927 2997 ad

160 3007 261 3055 suos
282 3009 343 3055 est
364 3009 577 3059 reversus.
629 3011 867 3059 Eduardus
889 3010 946 3058 de
965 3027 1050 3059 con
1071 3010 1140 3059 11ii
1160 3009 1379 3058 sententia
1399 3010 1704 3074 censuit,quae
1725 3011 1782 3059 de
1805 3024 1925 3077 nup-⁰

163 3071 239 3118 tiis
258 3074 413 3134 pastus
435 3086 531 3123 erat
546 3074 673 3124 irrita
695 3075 790 3123 fieri
804 3092 878 3123 ma
912 3074 950 3123 is
969 3075 995 3123 ὲ
1015 3093 1062 3122 re
1080 3074 1280 3138 Anglica
1299 3076 1383 3122 ess'e
1404 3093 1415 3122 ε
1440 3074 1564 3138 quod
1581 3075 1628 3122 in
1646 3074 1782 3123 tantis
1802 3075 1926 3124 inte·

164 3134 287 3182 stinis
307 3136 492 3185 diffidiis
515 3151 754 3197 metueret,
783 3156 840 3186 ne
896 3139 1029 3187 acobi
1049 3138 1281 3203 posteritas
1314 3156 1362 3186 re
1398 3155 1458 3186 no
1474 3138 1719 3203 pelleretur
1743 3142 1755 3186 τ’
1786 3147 1926 3205 atque

162 3197 212 3244 in
244 3200 576 3260 Alexandrum,
600 3221 739 3268 quem
761 3203 793 3251 fi
814 3203 992 3268 Regem
1015 3202 1200 3259 fecisset,
1225 3212 1353 3250 tanto
1407 3201 1598 3251 eneficio
1619 3200 1702 3250 fibi
1726 3200 1926 3256 obnoxia
1994 3259 1996 3262 y

161 3275 242 3307 um
261 3267 483 3334 perpetuo
503 3267 551 3315 in
569 3267 774 3316 amicitia
794 3268 1133 3331 permansurum
1155 3267 1377 3331 sperabat,
1391 3265 1581 3329 pronior
1596 3279 1707 3314 erat.
1773 3268 1810 3315 F
1812 3266 1930 3326 αεὶ-ᾗ

164 3323 250 3370 alis
271 3326 609 3395 Edunburgum
629 3333 691 3380 est
710 3330 972 3395 miffus,qui
993 3331 1258 3386 affinitatem
1293 3329 1596 3386 renunciaret,
1615 3335 1656 3379 δι
1674 3331 1829 3379 dotem
1849 3346 1928 3379 red

162 3387 380 3450 posceret.
447 3392 492 3438 Is
515 3395 574 3443 ad
593 3398 808 3447 octavum
826 3393 1053 3454 calendas
1073 3394 1355 3448 Novembris
1375 3410 1482 3447 cum
1497 3393 1565 3445 sui
1581 3394 1800 3447 adventus
1815 3408 1924 3445 cana

217 3514 278 3567 (ι)
306 3519 505 3569 2Augusti
530 3523 665 3574 1482.
1841 3566 1935 3626 sam
