2025 3833
187 167 322 234 374
449 151 861 227 ,RERUM
954 146 1651 222 Scor-reanum

188 260 292 295 rent
312 266 322 293 z
341 253 381 294 δε
401 247 542 309 legati
561 246 820 309 Anglorum
840 246 983 298 multa
1007 248 1268 300 verborum,
1291 251 1332 293 &
1350 246 1635 297 decretorum
1652 252 1961 303 honorificem·

191 311 256 359 tia
275 312 447 358 crimen
470 314 538 372 (1)
560 326 584 354 a
601 309 873 356 conscientia
897 310 1082 373 publica
1103 324 1403 358 removerent.
1457 313 1568 359 Duo
1589 315 1751 377 reliqui
1774 321 1955 380 percus.

190 376 307 425 sores
327 376 375 422 in
402 374 573 437 Anglia
592 372 808 420 interiore
829 374 1077 428 latuerunt,
1113 375 1248 437 usque
1271 375 1328 419 ad
1362 375 1552 422 Henrici
1573 378 1718 425 oetavi
1741 398 1953 445 regnum,

190 456 275 487 nec
295 448 444 486 tamen
464 452 620 499 poenas
636 438 910 500 effugerunt.
979 439 1103 485 Nam
1122 455 1228 485 cum
1241 440 1418 501 Regem
1441 440 1769 489 adolescentem
1783 440 1960 507 nopibus
2024 434 2025 470 3

190 504 406 556 ferocem,
441 500 624 563 suasque
644 501 762 547 vires
784 502 1036 550 ostentandi
1052 504 1275 566 cupidum
1298 517 1550 558 cernerent,
1574 520 1598 551 e
1617 504 1818 553 latibulis
1851 525 1957 569 pro.

186 568 369 616 dierunt
394 583 404 610 :
427 571 465 611 &
485 566 645 612 Heron
665 565 853 628 quidem
874 567 1238 629 propinquorum
1260 567 1468 629 potentia
1489 567 1629 614 fretus
1654 570 1800 631 palam
1825 571 1954 619 dorni

186 630 460 683 versabatur,
484 632 533 678 &·
552 630 732 676 occulte
761 630 957 677 latrones
978 631 1024 677 in
1058 631 1257 689 Scotiam
1280 630 1574 678 submittebat
1594 631 1651 678 ad
1672 649 1829 694 pacem
1857 646 1955 681 tur-

186 695 382 742 bandam
417 691 584 757 :Nbello
608 693 742 741 semel
761 706 889 741 moto
906 706 1109 741 veterum
1130 694 1399 756 injuriarum
1418 695 1717 751 oblivionem,
1752 703 1792 744 &
1815 715 1958 746 nova·

185 774 286 805 rum
319 757 641 820 impunitatem
677 757 873 820 sperans.
941 758 1185 805 Starhedus
1206 776 1316 807 vero
1346 775 1491 821 prope
1524 760 1782 824 nonaginta
1811 762 1963 811 millia

178 822 385 886 paffuum
404 838 430 867 a
450 820 599 868 limite
620 822 857 869 domicilio
875 823 1132 878 constituto,
1152 823 1194 870 se
1215 822 1553 889 longinquitate
1577 836 1722 871 tutum
1744 827 1950 888 putabat.

180 886 391 933 Andreas
412 898 563 932 autem
589 886 731 933 Carus
755 887 948 934 Roberti
971 886 1108 942 filius,
1132 887 1213 950 qui
1230 890 1442 936 odiorum
1462 887 1631 935 semina
1651 903 1760 935 mox
1782 889 1831 937 in
1859 890 1957 938 bel-

180 950 279 998 lum
311 964 529 1013 eruptura
551 950 646 1012 jam
680 963 776 997 tum
806 951 898 1014 jaci
919 951 1122 1006 videbat,
1157 951 1326 1000 veritus
1351 967 1407 999 ne
1437 951 1575 999 armis
1600 951 1953 1015 semel'publice

180 1013 391 1077 susceptis
414 1014 617 1061 vindicta
638 1015 774 1061 caedis
796 1028 996 1078 paternae
1020 1015 1102 1061 fibi
1132 1015 1314 1078 periret,
1350 1016 1529 1063 duobus
1550 1016 1638 1063 suis
1662 1016 1905 1064 clientibus
1929 1035 1956 1067 e

178 1078 355 1126 familia
373 1079 617 1126 Tatiorum
641 1078 893 1141 persuadet,
916 1092 965 1127 ut
981 1078 1254 1127 diffimulato
1275 1080 1437 1127 habitu
1456 1080 1681 1127 Starhedo
1702 1081 1953 1142 perniciem

174 1144 442 1191 moliantur.
509 1143 584 1189 Illi
607 1142 806 1190 facinore
823 1144 1023 1207 suscepto
1041 1143 1231 1190 domum
1252 1145 1368 1205 ejus,
1390 1145 1519 1207 quod
1541 1156 1642 1191 tam
1664 1146 1825 1207 procul
1847 1162 1873 1192 a
1893 1146 1953 1193 li-

176 1207 290 1256 mite
313 1207 553 1264 habitaret,
570 1207 710 1255 securi
731 1209 868 1255 noan
889 1207 1067 1271 ingrefli
1089 1207 1329 1256 dominum
1358 1206 1605 1263 trucidant,
1630 1215 1680 1258 dc
1702 1222 1840 1272 caput
1864 1210 1948 1257 ab·

176 1272 352 1320 scissum
371 1271 429 1319 ad
463 1272 692 1319 Andrearn
713 1285 971 1335 apportant.
1040 1271 1125 1318 Ille
1148 1272 1196 1319 in
1218 1272 1430 1319 vindissae
1451 1273 1665 1335 expetitae
1689 1274 1936 1322 testimoni-

176 1355 254 1385 um
278 1336 616 1399 Edirnburgurn
638 1336 686 1383 id
708 1338 868 1390 mittit,
893 1343 932 1384 &
956 1336 1002 1383 in
1026 1336 1131 1383 loco
1150 1337 1348 1385 maxime
1370 1336 1540 1385 celebri
1561 1337 1838 1401 affigendum
1865 1355 1946 1386 cu·

181 1414 270 1449 rat.
336 1401 411 1449 De
434 1402 623 1448 Herone
645 1402 720 1448 suo
743 1401 846 1448 loco
869 1400 1091 1448 dicemus.

239 1466 444 1514 XXVII.
477 1465 673 1529 Excepit
691 1465 810 1511 hanc
825 1479 1025 1513 veterem
1042 1464 1104 1527 inj
1113 1465 1255 1513 uriam
1275 1481 1447 1514 novum
1466 1463 1659 1519 facinus,
1678 1466 1805 1528 quod
1829 1466 1948 1530 sopi-

175 1542 270 1578 tam
305 1529 430 1577 Scoti
460 1528 602 1593 Regis
624 1530 738 1577 iram
760 1529 928 1585 verius,
959 1545 1098 1593 quam
1121 1529 1365 1577 extinctam
1397 1528 1686 1577 resuscitavit.
1755 1531 1865 1579 Erat
1898 1548 1951 1578 ea

174 1596 445 1659 tempestate.
461 1606 685 1641 mercator
706 1595 865 1642 Scotus
888 1595 1096 1641 Andreas
1119 1605 1428 1658 cognomento
1450 1593 1691 1641 Britannus
1710 1612 1721 1641 :
1744 1595 1841 1656 ejus
1865 1612 1952 1657 pa·

174 1672 245 1707 ter
262 1661 366 1707 curn
386 1657 578 1720 spoliata
600 1674 714 1705 nave
737 1658 873 1705 caesus
893 1658 1137 1705 crudeliter
1155 1673 1181 1702 a
1199 1658 1421 1705 Lufitanis
1439 1656 1603 1712 fuisset,
1618 1659 1756 1706 causa
1773 1659 1832 1704 ab
1849 1661 1952 1706 An·

172 1724 283 1771 drea
304 1723 399 1770 filio
420 1722 468 1769 in
492 1721 705 1770 Flandria
729 1723 877 1786 (quod
898 1723 1044 1769 caedes
1066 1721 1131 1768 ibi
1154 1720 1271 1768 faeta
1293 1721 1460 1779 fuisset)
1488 1722 1600 1774 aila,
1626 1721 1828 1768 damnati
1851 1725 1949 1770 Lu-

173 1787 303 1836 suani
323 1803 428 1835 eum
448 1787 707 1849 judicatum
739 1804 831 1834 non
862 1786 1102 1841 solverent,
1126 1802 1210 1833 nec
1244 1787 1345 1832 Rex
1377 1800 1534 1832 eorum
1558 1801 1641 1848 per
1671 1784 1900 1833 foecialem
1921 1803 1954 1835 a

171 1854 305 1918 Rege
327 1853 568 1899 Scotorum
590 1851 868 1907 admonitus,
892 1849 1017 1898 cives
1044 1850 1143 1897 suos
1172 1862 1356 1915 cogeret
1379 1849 1436 1896 de
1458 1849 1600 1903 caede,
1635 1855 1676 1896 δε
1699 1849 1947 1898 latrocinio
1996 1887 1999 1890 Δ

171 1917 446 1971 satisfacere,
466 1915 672 1964 Andreas
694 1933 721 1964 a
741 1917 872 1980 Rege
891 1915 968 1962 suo
991 1915 1048 1962 ad
1069 1930 1226 1961 omnes
1248 1913 1503 1976 Principes,
1527 1918 1567 1959 δι
1591 1912 1797 1961 civitates
1823 1916 1946 1962 Oce-

168 1993 312 2029 anum
334 1975 587 2028 accolentes
612 1983 683 2043 (2)
707 1980 917 2043 diploma
937 1978 1217 2042 impetravit,
1242 1995 1299 2026 ne
1322 1979 1353 2025 fi
1375 1977 1612 2024 Lufitanos
1627 1976 1744 2038 juris
1764 1978 1943 2040 publici

171 2046 418 2094 violatores
441 2045 506 2100 vi,
526 2050 565 2092 &
585 2051 745 2107 aperto
764 2045 886 2091 bello
904 2043 1261 2107 persequeretur,
1282 2057 1366 2105 pro
1387 2040 1555 2104 pirata,
1573 2055 1651 2088 aut
1672 2043 1844 2089 latrone
1867 2045 1949 2091 ha-

170 2110 356 2170 beretur
377 2128 388 2156 ε
413 2108 534 2156 intra
550 2125 720 2172 paucos
743 2108 913 2156 menses
931 2108 1110 2171 magnis
1132 2123 1209 2155 eos
1232 2106 1411 2154 damnis
1434 2105 1603 2153 affecit.
1670 2107 1841 2153 Eorum
1863 2124 1944 2154 au-

170 2187 265 2225 tem
289 2174 431 2239 legati
447 2173 547 2234 jam
573 2174 694 2221 bello
715 2172 903 2220 Gallico
924 2170 1133 2219 adversus
1163 2171 1333 2219 Iulium
1357 2169 1604 2217 secundum
1628 2170 1867 2233 flagrante,
1892 2176 1944 2222 ὃς

169 2257 278 2290 cum
302 2239 469 2304 Anglis
492 2238 540 2285 in
564 2236 672 2285 Iulii
689 2250 838 2302 partes
857 2235 1004 2285 ascitis
1022 2251 1132 2283 mox
1154 2235 1307 2282 futuro
1329 2233 1588 2282 Henricum
1610 2234 1789 2280 adeunt.
1842 2237 1945 2281 An-

167 2306 328 2354 dream
351 2301 588 2350 hominem
608 2301 885 2366 impigrum„
898 2307 938 2349 δι
956 2301 1193 2354 audacem,
1215 2305 1253 2346 &
1273 2317 1300 2347 a
1319 2314 1413 2362 quo
1432 2296 1516 2360 ipfi
1536 2299 1795 2361 Anglorum
1814 2312 1942 2346 vete-

169 2386 240 2420 res
262 2367 398 2416 amici
422 2366 623 2414 maximo
635 2366 805 2415 damno
825 2367 963 2414 effent
983 2364 1149 2420 affeffi,
1168 2375 1343 2411 certum
1357 2362 1399 2410 ei
1414 2361 1623 2408 adversus
1646 2362 1810 2410 Gallos
1844 2380 1940 2412 rem

169 2432 352 2499 gerenti
373 2433 543 2479 hostem
570 2431 774 2479 futurum
796 2449 808 2479 ε
833 2446 955 2477 nunc
978 2429 1111 2476 facile
1125 2429 1327 2475 securum
1350 2425 1551 2490 opprimi
1571 2426 1690 2489 posse
1710 2445 1721 2473 ε
1743 2442 1795 2472 ac
1817 2428 1944 2484 facti,

170 2502 204 2548 fi
227 2514 318 2562 qua
335 2499 441 2545 esset
461 2494 656 2551 invidia,
680 2493 881 2545 nominis
902 2493 1085 2558 piratici
1106 2493 1299 2540 obtentu
1321 2492 1442 2556 poffe
1465 2489 1577 2554 tegi.
1649 2491 1702 2538 Id
1728 2492 1758 2538 si
1782 2490 1941 2546 faciat,

169 2568 214 2612 δι
245 2558 427 2609 suorum
452 2560 626 2607 civium
654 2558 911 2609 commodis
943 2558 1301 2624 prospefturum,
1338 2562 1378 2603 &
1402 2554 1524 2619 Regi
1555 2553 1698 2611 affini,
1722 2560 1762 2603 &
1791 2556 1945 2617 amico
1992 2562 1996 2566 ”

166 2625 550 2693 gratificaturum.

234 2691 466 2743 xxvm.
499 2690 604 2738 Hae
624 2689 830 2738 oratione
851 2689 1093 2737 Lusitanus
1114 2686 1273 2751 Anglo
1304 2684 1439 2734 facile
1467 2683 1720 2749 persuadet,
1753 2697 1804 2733 ut
1841 2685 1967 2738 Art-1
2000 2702 2012 2707 -

119 2805 122 2807 Α
170 2756 294 2803 dreae
314 2753 496 2802 infidias
514 2753 729 2801 col-locari
744 2753 921 2816 jubeat.
982 2753 1143 2802 Miffus
1165 2753 1223 2798 ad
1244 2750 1293 2798 id
1316 2752 1486 2814 aRege
1502 2750 1787 2813 (3)Thomas
1805 2751 1938 2798 Hau-

167 2832 292 2868 artus
322 2817 653 2866 maritimarum
686 2834 838 2865 rerum
864 2817 1123 2881 praefeftus,
1156 2816 1270 2863 duas
1307 2831 1335 2863 e
1370 2815 1500 2862 claffe
1534 2813 1684 2878 Regia
1705 2813 1842 2861 naves
1862 2814 1941 2861 fir·

168 2884 381 2933 miflimas
401 2895 552 2937 ornat,
575 2883 698 2929 &ad
717 2882 883 2929 Dunos
908 2881 993 2944 (ita
1009 2880 1216 2929 cumulos
1237 2895 1479 2927 arenarum
1496 2880 1738 2926 recedente
1760 2879 1864 2926 aestu
1888 2893 1939 2925 e·
1993 2887 1998 2891 “

165 2947 396 2997 ’πιίῐιευῐεε
417 2947 604 3006 vocant)
638 2963 744 2994 eum
769 2963 794 2993 e
815 2948 849 2994 F
853 2945 1029 2994 landria
1049 2945 1241 3005 domum
1275 2942 1544 2990 redeuntem
1566 2943 1807 3005 expectant
1839 2960 1852 2990 ε
1884 2955 1938 2989 ac

170 3029 281 3061 mox
300 3011 351 3060 in
373 3027 487 3059 nave
518 3009 717 3067 modica,
741 3009 918 3059 minore
940 3009 1082 3057 etiam
1119 3007 1390 3058 comitatum
1410 3018 1619 3061 cernunt,
1639 3011 1678 3054 δι
1696 3005 1937 3056 invadunt.
1962 3005 1973 3008 “

166 3077 402 3127 Andream
445 3075 678 3125 Hauartus
698 3074 793 3138 ipse
814 3074 1097 3140 aggreditur,
1129 3078 1171 3120 &
1193 3071 1293 3120 acri
1309 3087 1469 3136 pugna
1485 3069 1705 3125 conserta,
1739 3069 1848 3117 licet
1867 3085 1940 3135 reg-
1962 3107 1965 3113 .

167 3141 255 3189 bus
275 3140 489 3190 omnibus
513 3139 618 3188 esset
640 3137 857 3203 superior,
875 3137 956 3186 vix
975 3136 1164 3186 tandem
1184 3134 1375 3183 domino
1397 3151 1504 3182 cum
1522 3134 1703 3181 suorum
1724 3131 1936 3196 plurimis

164 3205 444 3268 interempto
465 3219 628 3251 navem
651 3203 791 3268 capit.
833 3205 889 3254 In
909 3202 1006 3268 ipso
1027 3212 1148 3250 certe
1167 3200 1353 3248 Andrea
1372 3211 1551 3248 tantum
1572 3197 1714 3245 animi
1733 3196 1782 3244 in
1803 3198 1957 3244 rebus»
2002 3231 2005 3234 -

135 3290 142 3293 >
169 3269 417 3331 deploratis
435 3267 671 3332 superfuit,
696 3280 746 3316 ut
757 3266 938 3331 aliquot
955 3265 1104 3330 plagis
1118 3264 1309 3321 saucius,
1332 3280 1462 3312 crure
1481 3262 1620 3310 etiam
1636 3261 1782 3308 altero
1796 3259 1938 3325 globo

164 3332 314 3381 ferreo
331 3332 565 3382 confraao
584 3331 803 3397 arripiens
820 3343 1110 3399 tympanum,
1123 3330 1282 3379 donee
1291 3326 1471 3393 spiritus
1489 3341 1597 3375 cum
1615 3324 1713 3375 uita
1730 3321 1944 3393 cuneda·

222 3460 289 3513 (1)
316 3462 496 3501 Declared
510 3462 594 3501 that
612 3462 678 3502 tht
697 3460 854 3504 councit
863 3461 909 3502 of.
917 3462 1021 3515 Eng-
1075 3462 1169 3502 land
1189 3462 1260 3501 and
1279 3458 1461 3505 admit-al„
1483 3455 1596 3496 eldest
1623 3455 1686 3511 son
1699 3450 1930 3508 tymiama

168 3515 258 3555 ¹²⁰⁶
276 3514 371 3552 were
388 3522 454 3552 ¹¹0ss
470 3516 573 3566 PYlVy
588 3524 627 3554 to
640 3516 686 3555 it·
1074 3516 1240 3554 Howard
1257 3513 1361 3552 duke
1372 3508 1607 3556 osNorfolk‚
1624 3509 1698 3546 and
1707 3501 1932 3562 ,pp-edeness'qr

223 3567 292 3621 (2)
319 3568 358 3606 A
375 3566 485 3605 letter
502 3567 547 3605 of
558 3581 725 3619 mar-que.
746 3600 749 3602 .
1075 3575 1116 3607 to
1129 3567 1196 3606 the
1211 3564 1375 3606 earls'of
1387 3563 1559 3602 Arundel
1577 3575 1590 3609 3
1618 3560 1664 3600 of
1673 3559 1760 3598 him
1775 3553 1949 3605 nuchu-

221 3623 287 3675 (3)
304 3619 395 3662 ΕΜ
404 3619 684 3672 &stramem
695 3621 1021 3685 marspssoflzng-
1075 3619 1277 3680 ippkenin
1293 3617 1362 3666 the
1376 3609 1786 3677 baalgogssflowdon„
1799 3671 1846 3726 ἡ
1859 3668 1863 3670 q
1874 3667 1947 3720 τ’
2022 3638 2025 3644 -
