2006 3858
377 136 671 204 Lmen
766 142 1547 220 DECIMUsNoNUS.
1710 177 1834 242 ςγς

11 268 15 275 ,
67 229 172 300 >pita
194 249 283 282 non
305 235 443 281 modo
466 238 705 295 honorem,
743 244 1147 302 &··au6toritatem,
1174 248 1244 296 sed
1268 250 1403 299 etiam
1435 253 1574 300 vitam
1600 255 1835 306 innoc-enti

75 300 255 362 pupillo
278 298 471 355 auferre,
512 301 593 347 nifi
634 304 750 350 forte
773 319 964 366 matrem
998 311 1043 357 in
1078 313 1293 362 maritum
1316 333 1516 380 expertae
1539 321 1835 380 crudelitatis,

63 365 172 411 “filio
192 363 449 419 inimicam,
473 365 611 412 exilio
634 369 934 431 exasperatam
958 391 1078 422 nunc
1098 377 1356 428 existiment
1374 382 1601 430 mitiorem
1630 386 1741 433 fore.

144 429 319 475 XLIII.
355 429 538 475 Deinde
561 431 760 477 recitatae
792 434 893 481 sunt
919 437 1062 485 literae
1098 442 1291 505 Reginae
1316 449 1481 503 erulis,
1522 449 1686 512 quibus
1709 464 1840 513 pete-

76 491 173 546 bat,
200 492 443 554 utjudices
465 493 698 550 darentur,
719 499 798 560 qui
820 500 876 545 de
900 500 985 549 suis
1008 519 1113 551 curn
1141 508 1382 557 Bothuelio
1406 515 1576 571 nufftiis
1591 517 1839 578 cognosce-

75 569 177 602 rent
201 574 212 603 :
250 573 302 603 ac
325 557 354 603 fi
381 558 451 619 (ι)
473 572 844 621 compererentur
864 579 1024 613 contra
1044 570 1168 632 leges
1193 572 1338 629 fafiae,
1363 590 1586 639 peterent,
1612 594 1661 626 ut
1687 597 1711 627 a
1752 581 1839 629 viri

69 621 292 681 'potestate
313 621 457 668 libera
478 622 809 672 decerneretur.
878 629 970 676 Hae
999 633 1143 680 literae
1165 635 1408 686 fafflonem
1432 643 1574 707 Regis
1596 645 1844 694 vehemen-

73 696 142 730 ter
164 685 474 741 offendebant,
499 689 626 750 quod
657 693 706 738 ὃς
727 690 769 736 se
792 693 1021 755 Reginam
1039 699 1278 756 scribebat,
1318 710 1361 753 ὃς
1383 707 1511 754 velut
1532 708 1720 758 subditis
1751 712 1837 759 im-

74 762 265 810 peraret.
318 751 423 797 Nec
441 751 645 807 deerant,
687 755 767 816 qui
805 773 899 811 eaS,
936 762 1059 822 quod
1083 765 1258 828 Regem
1282 765 1329 813 in
1353 771 1560 819 ordinem
1605 790 1839 840 cogerent,

73 829 126 859 ac
146 831 281 875 penes
304 817 533 878 Reginam
555 818 737 865 exulem
761 822 968 869 omnium
992 843 1141 873 rerum
1166 833 1427 892 potestatem
1456 837 1711 895 statuerent,
1750 842 1840 889 fine

69 877 279 939 responso
298 883 632 941 praetereundas
655 885 738 929 efle
761 885 1073 942 decernerent.
1106 894 1171 941 Ea
1187 911 1284 956 pars
1304 900 1495 953 consilii,
1515 900 1650 964 quani
1675 923 1731 952 ex
1747 907 1841 953 Re·

69 941 193 1004 ginae
217 944 405 990 arbitrio
427 947 624 1008 pendere
642 947 861 1006 diximus,
894 956 1087 1002 multum
1113 958 1153 1004 se
1176 960 1328 1006 mirari
1353 963 1639 1022 simulabant,
1673 978 1709 999 ‘²
1739 986 1838 1026 cur,

69 1007 154 1067 qui
188 1008 245 1054 ab
267 1025 319 1055 ea
342 1021 578 1072 tantopere
598 1012 826 1075 superi-ore
860 1034 981 1064 anno
1002 1025 1349 1082 contendissent,
1389 1041 1437 1075 ut
1459 1030 1578 1077 suam
1615 1035 1791 1084 cansam
1814 1052 1842 1082 a

62 1070 316 1119 Bothuelio
336 1073 575 1137 separaret,
597 1094 836 1124 nunccum
856 1081 904 1128 id
926 1083 1163 1133 offerretur
1179 1089 1492 1152 ultr0,majore
1514 1094 1562 1142 id
1583 1099 1727 1148 studio
1751 1101 1840 1148 im-

5 1167 7 1169 -
70 1135 280 1196 pediunt,
305 1156 444 1201 quam
468 1153 600 1187 antea
621 1144 972 1203 postulaverant.
1092 1153 1182 1199 uod
1207 1154 1236 1199 si
1258 1155 1445 1203 verbum
1473 1176 1630 1216 unum,
1657 1169 1704 1214 ὃς
1727 1166 1843 1214 alte..

64 1215 171 1246 ¹rum
194 1199 240 1247 in
265 1202 407 1249 literis
430 1220 505 1250 eos
528 1207 796 1260 offenderet,
828 1210 874 1256 id
899 1212 1062 1260 vitium
1107 1216 1220 1263 acile
1241 1220 1412 1283 corrigi
1435 1226 1554 1283 posse
1583 1245 1593 1272 :
1625 1245 1708 1276 nec
1731 1234 1842 1282 dee-

62 1277 186 1319 rant,
212 1266 293 1328 qui
315 1266 588 1330 sponderent
628 1271 841 1332 (linerent
864 1277 1003 1323 modo
1025 1279 1198 1326 interea
1229 1282 1418 1331 divortii
1445 1290 1620 1337 causam
1654 1297 1751 1356 agi}
1800 1300 1841 1346 se

68 1341 321 1385 curaturos,
362 1345 411 1378 ut
434 1333 615 1398 Regina
648 1339 1036 1397 procurationem,
1077 1344 1245 1406 quibus
1268 1349 1439 1397 vellent
1469 1355 1619 1401 verbis
1642 1355 1841 1426 concep-

61 1400 181 1448 tam,
222 1396 476 1444 mitteret.''
543 1398 718 1447 Contra
739 1402 796 1447 ab
827 1403 1009 1450 adversa
1031 1423 1158 1469 parte
1192 1415 1570 1474 contendebatur,
1605 1429 1641 1450 “
1664 1427 1839 1476 nullam

69 1457 112 1504 se
133 1458 378 1521 derepente
401 1473 547 1509 ortam
572 1464 727 1511 videre
755 1479 893 1520 ,tantae
917 1469 1214 1522 festinationis
1238 1478 1431 1527 causam.
1501 1484 1747 1550 Sexaginta
1767 1493 1841 1539 di·

63 1538 113 1568 es
128 1525 220 1573 >ess‘e
241 1525 474 1589 legitimos
496 1529 555 1574 acl
573 1529 885 1586 Bothuelium,
908 1546 958 1581 ut
979 1537 1061 1597 qui
1083 1551 1209 1586 extra
1232 1559 1423 1605 regnum
1447 1548 1568 1604 effet,
1593 1550 1733 1614 injus
1757 1573 1842 1604 vo-

64 1588 283 1636 candum.
351 1592 478 1638 Intra
499 1592 547 1639 id
567 1605 748 1656 tempus
768 1613 935 1644 novam
959 1602 1080 1661 posse
1102 1602 1225 1652 mitti
1249 1611 1634 1670 procurationem,
1655 1633 1739 1665 nec
1761 1623 1818 1668 de
1833 1653 1845 1666 .

63 1651 175 1698 bere
193 1669 292 1700 eam
313 1671 487 1703 moram
502 1657 690 1721 longam
703 1660 919 1716 videri,ei
934 1666 1201 1724 praesertim,
1217 1688 1322 1734 quae
1343 1673 1529 1723 biennio
1548 1696 1641 1726 rem
1667 1694 1840 1735 tantam

67 1716 247 1764 silentio
270 1721 500 1775 tranfiffet,
531 1737 585 1767 ac
607 1740 729 1771 nunc
751 1726 937 1773 demum
960 1747 1033 1776 eas
1058 1733 1260 1784 mitteret
1278 1736 1450 1796 literas,
1468 1760 1571 1804 quse
1593 1748 1841 1808 gratificari

63 1779 117 1827 in
139 1782 226 1828 hac
260 1783 389 1830 causa
410 1785 674 1833 volentibus
708 1788 1045 1852 impedimento
1080 1799 1164 1844 esse
1186 1802 1376 1862 possent,
1416 1809 1513 1868 qu&
1539 1808 1689 1860 minus
1711 1815 1843 1862 obse-

65 1859 333 1906 querentur.
400 1849 447 1895 Si
471 1867 575 1898 vere
596 1851 845 1902 divortium
877 1872 1128 1920 expeteret,
1170 1865 1284 1911 nihil
1309 1866 1429 1915 factu
1454 1870 1650 1921 facilius.
1719 1880 1842 1928 Scri-

56 1909 196 1956 beret
213 1912 270 1957 ad
287 1914 463 1975 Regem
480 1916 739 1973 Danorum,
757 1933 894 1982 atque
917 1938 1082 1980 oraret,
1111 1928 1220 1976 utin
1244 1932 1538 1983 Bothuelium
1556 1939 1718 2000 prioris
1742 1961 1842 1992 ma.

60 1974 143 2021 triti
161 1974 615 2041 interfectoremjure
633 1982 1028 2036 animadverteret.
1055 1992 1124 2037 Eo
1138 1994 1342 2043 extinfilo
1357 1996 1512 2047 invitis
1529 2005 1744 2054 omnibus
1759 2011 1842 2058 ad..

67 2039 288 2096 versariis,
310 2059 512 2105 quocum
537 2046 676 2092 vellet
698 2048 740 2094 ei
767 2052 1031 2112 potestatem
1056 2057 1261 2107 nubendi
1285 2061 1398 2110 fore.
1467 2066 1523 2113 Id
1546 2068 1576 2114 fi
1601 2070 1840 2133 abnueret,

62 2119 168 2150 eam
191 2121 283 2152 non
305 2122 363 2152 ex
384 2109 559 2164 animo,
595 2109 669 2157 sed
694 2114 898 2161 simulate
921 2117 978 2163 de
1002 2119 1202 2169 divortio
1231 2141 1385 2189 agere,
1424 2141 1473 2176 ut
1495 2147 1598 2185 cum
1622 2138 1837 2197 proximo

63 2168 206 2223 etiam
227 2170 342 2226 viro,
378 2173 408 2217 fi
431 2174 505 2219 cui
529 2175 740 2231 nuberet,
770 2178 819 2225 in
843 2180 1018 2229 incerto
1042 2187 1337 2237 matrimonio
1357 2193 1495 2241 effen¹
1546 2198 1655 2258 Ejus
1678 2203 1744 2249 rei
1768 2209 1841 2255 vel

64 2232 175 2281 irinc
199 2251 410 2299 magnam
430 2238 514 2285 effe
536 2238 844 2303 suspitionem,
868 2249 997 2308 quod
1022 2249 1080 2297 de
1101 2252 1302 2302 divortio
1324 2257 1380 2304 ab
1401 2258 1466 2304 eis
1482 2260 1720 2320 judicibus
1743 2275 1841 2318 vel-

58 2298 131 2345 iet
153 2300 460 2360 pronunciari,
482 2303 563 2365 qui
585 2306 764 2354 nullum
784 2309 1004 2358 statuendi
1019 2313 1093 2373 jus
1117 2317 1353 2368 haberent.
1421 2325 1563 2388 Qod
1583 2329 1708 2377 enim
1727 2337 1839 2383 Pro..

57 2363 164 2424 regi
181 2363 256 2425 jus
286 2365 334 2411 in
355 2368 511 2413 exules
534 2369 635 2424 esse,
659 2371 930 2433 quibuscum
955 2377 1074 2425 nihil
1095 2380 1258 2438 divini,
1283 2397 1362 2432 aut
1381 2385 1570 2438 humani
1592 2408 1840 2448 commune

25 2422 28 2423 ⁷
64 2426 254 2478 haberet
277 2432 295 2476 ἓ
331 2431 429 2491 qui,
455 2431 537 2478 nisi
559 2450 616 2479 ex
637 2434 838 2496 ipsorum
862 2440 1098 2489 voluntate
1120 2449 1513 2510 pronunciaretur,

56 2504 168 2538 ‘tato
191 2509 284 2540 non
306 2496 444 2542 ess'ent
468 2499 485 2542 ?
511 2512 588 2543 aut
609 2502 863 2560 quomodo,
892 2503 973 2564 qui
997 2506 1192 2569 suijuris
1217 2528 1307 2559 non
1331 2517 1485 2574 essent,

65 2556 338 2616 subjicerent
353 2562 375 2605 Ξ
397 2572 534 2623 atque
551 2576 658 2608 curn
678 2562 970 2628 fraus.aliqua
987 2572 1168 2619 occulta
1187 2575 1351 2625 subesse
1373 2581 1506 2630 videa

64 2623 318 2682 perandum
353 2640 406 2671 ea
427 2627 484 2672 de
507 2641 554 2672 re
581 2626 828 2687 judicium.
898 2633 987 2680 Sed
1011 2636 1240 2700 Reginam
1271 2644 1474 2709 Angliae,

1541 2458 1692 2505 staturi
1707 2464 1842 2525 judi-

1511 2521 1661 2570 alieno
1678 2527 1772 2589 juri
1794 2533 1838 2578 se

1511 2597 1599 2642 tur,
1620 2605 1712 2639 non
1732 2613 1840 2657 pro-

1549 2668 1616 2698 uae
1646 2673 1666 2700 r

63 2701 353 2748 promovere,
387 2691 458 2737 vel
480 2690 708 2752 impedire
730 2696 871 2755 posset
903 2704 1332 2760 praemonendam.”
1399 2667 1560 2761 Mist'iis
1581 2718 1643 2764 est
1663 2662 1841 2772 {indii-{-

57 2750 207 2812 gliam
224 2752 406 2814 juvenis
429 2754 597 2802 nobilis
620 2772 676 2803 ex
694 2758 907 2825 Proregis
930 2760 1251 2827 familiaribus,
1285 2774 1367 2838 qui
1387 2779 1487 2829 afta
1507 2795 1760 2835 conventus
1781 2790 1841 2837 ad

63 2815 294 2879 Reginam
330 2819 570 2881 perferret.

63 2881 91 2899 ²
130 2880 307 2929 XLIV.
339 2883 516 2933 Mirum
552 2885 728 2934 fortaffe
749 2889 966 2954 cuiquam
1004 2893 1153 2944 videri
1182 2903 1343 2962 potest,
1384 2909 1511 2969 quod
1533 2911 1667 2962 rebus
1691 2917 1842 2964 maxi.

64 2943 152 2990 mis
175 2945 352 2995 minore
371 2948 710 3014 ‘disceptatione
734 2956 978 3013 transac'tis,
1011 2959 1069 3006 de
1090 2960 1292 3014 divortio
1314 2981 1439 3018 tanta
1471 2979 1767 3030 contentione
1788 2982 1841 3031 fit

25 3005 232 3057 baem.
298 3012 407 3075 Ejus
429 3015 495 3061 rei
528 3016 780 3073 causahaec
798 3033 908 3069 erat.
971 3024 1204 3075 Hauartus
1236 3046 1341 3081 cum
1379 3036 1561 3101 Regina
1594 3043 1837 3096 Scotorum

60 3072 121 3117 ‘de
144 3075 439 3125 matrimonio
458 3080 577 3126 clam
599 3097 683 3144 per
703 3083 874 3132 amicos
897 3088 1187 3153 transegerat.
1253 3095 1439 3147 Deinde
1461 3103 1569 3150 huic
1590 3108 1844 3171 conjurati-

63 3137 144 3184 oni
166 3139 310 3197 domi,
343 3141 544 3206 forisque
565 3156 703 3192 tantae
725 3147 844 3196 vires
866 3153 1150 3212 accesserant,
1177 3169 1226 3206 ut
1246 3163 1378 3226 vulgi
1392 3164 1673 3220 sermonibus
1695 3175 1841 3225 libere

2 3224 25 3236 υ
56 3198 321 3261 jactaretur,
341 3208 527 3255 consilia
544 3208 603 3257 de
624 3210 837 3275 Regibus
849 3215 1071 3280 legitimis
1093 3222 1394 3284 trucidandis,
1429 3235 1471 3279 &
1488 3231 1654 3285 duobis
1678 3241 1837 3304 regnis

58 3268 342 3329 occupandis
362 3270 477 3319 inita
498 3272 583 3320 effe
606 3290 620 3320 t
651 3274 769 3332 loca,
794 3287 1019 3344 tempora,
1051 3299 1104 3331 ac
1126 3299 1273 3336 totum
1295 3291 1361 3338 rei
1380 3298 1596 3358 gerendae
1618 3303 1833 3354 ordinem

60 3327 126 3377 ita
162 3332 444 3395 dispositum,
486 3347 536 3384 ut
556 3338 763 3387 adversus
785 3343 882 3391 vim
915 3346 1072 3395 omnia
1103 3353 1282 3414 provisa
1302 3357 1388 3405 effe
1426 3360 1706 3416 viderentur.
1752 3374 1757 3387 ”
1776 3372 1838 3419 Id

53 3397 215 3443 autem
242 3398 568 3459 conjurationis
590 3400 759 3458 conscii
783 3422 926 3457 unum
947 3412 1163 3476 agebant,
1186 3433 1239 3466 ac
1259 3420 1556 3475 vehementer
1591 3433 1834 3496 urgebant,

0 3477 1 3492 ι
52 3460 187 3520 quod
210 3464 503 3512 matrimonio
531 3482 706 3519 moram
731 3469 976 3527 allaturum
1009 3477 1252 3532 videbatur
1273 3503 1287 3535 ς
1322 3491 1450 3553 quod
1469 3491 1501 3541 fi
1518 3493 1837 3556 obtinuissent,

0 3531 2 3576 l
31 3545 65 3585 ,·
1636 3582 1638 3584 ’

104 3585 179 3642 (1)
208 3591 285 3631 Al.
303 3591 613 3644 comperirentu'r,

1778 3680 1839 3730 de
