2068 3868
0 0 8 211 ξ,

0 212 8 351 ³

0 1568 3 1692 ε

434 124 765 190 Ltssan
861 122 1575 187 DUoDECIMUS.
1753 138 1874 200 351

104 218 203 277 'tius
236 222 457 274 exercitus
481 222 702 267 tumultus
725 220 938 267 omnibus
971 219 1346 272 vociferantibus,
1373 215 1517 262 malos
1540 212 1658 260 male
1680 216 1877 274 perden-

110 295 211 340 dos.
281 289 439 337 Statim
479 285 626 348 igitur
659 285 715 330 ad
738 284 1013 345 supplicium
1039 284 1156 346 rapti
1179 284 1320 330 vitam
1361 278 1598 343 suspendio
1625 277 1836 324 finierunt
1861 296 1872 325 ε

112 351 258 418 idque
279 367 407 414 tanto
430 348 735 396 universorum
760 348 903 393 studio
926 349 973 394 in
997 365 1153 394 eorum
1178 347 1389 401 exitium,
1413 357 1462 391 ut
1484 355 1588 390 cum
1611 340 1739 387 funes
1761 341 1807 387 in
1833 358 1880 387 re

113 421 265 467 -subita
286 415 495 469 deess'ent,
520 412 685 476 finguli
701 412 1141 471 lorajumentorum‚
1164 418 1202 459 &
1226 412 1470 459 fraenorum
1489 407 1685 454 habenas
1705 422 1808 451 eum
1831 405 1880 451 in

115 485 247 530 usum
266 482 480 528 offerrent
502 496 512 525 :
537 493 590 524 ac
612 477 902 524 vehementer
920 478 1262 532 contenderent,
1279 475 1379 538 quis
1398 468 1673 537 pot'issimum
1691 470 1780 516 hoc
1798 469 1881 515 ho-

118 563 231 595 nore
252 557 488 606 potiretur.

179 609 352 655 XLVI.
378 605 590 654 Plurimis
612 603 818 651 adversus
841 601 1040 666 privatos
1061 601 1238 664 injuriis
1260 603 1359 648 haec
1379 602 1526 650 aulica
1547 599 1682 647 factio
1704 615 1884 662 preme-

115 674 267 721 batur.
334 674 387 718 In
413 670 655 733 publicum
676 668 745 715 his
769 668 984 722 maxime,
1010 669 1138 730 quod
1176 683 1304 712 novae
1330 679 1523 714 monetae
1548 681 1684 712 aeneae
1706 663 1885 710 fuissent

115 740 318 784 auctores
340 735 580 789 cudendae,
603 750 742 797 quam
764 731 988 778 invidioso
1011 732 1194 778 nomine
1213 732 1376 794 vulgus
1401 731 1578 794 nigram
1604 726 1884 792 appellabat.

119 801 249 848 Hinc
271 800 466 863 primum
491 812 591 845 orta
611 810 706 844 erat
727 796 934 843 omnium
957 813 1106 843 rerum
1138 796 1298 842 caritas
1324 814 1334 842 :
1369 796 1538 841 deinde
1560 793 1698 842 etiam
1721 791 1882 847 fameS,

115 866 226 912 dum
246 865 501 911 venditores
525 862 677 924 potius
700 861 929 908 frumenta
949 860 1075 907 domi
1110 861 1340 922 corrumpi
1362 859 1570 913 sinerent,
1610 857 1749 922 quam
1772 873 1885 903 ven-

116 928 307 976 ditionis
332 939 554 991 praetextu
576 927 859 988 emptoribus
883 922 1210 972 condonarent.
1245 925 1352 979 Sed,
1379 941 1434 969 ne
1452 923 1641 970 omnino
1660 938 1886 969 commer-

118 994 190 1040 cia
217 994 334 1040 inter
357 992 478 1038 cives
503 992 733 1044 ceffarent,
775 1007 913 1037 unum
950 989 1323 1036 contrahentibus
1347 988 1582 1034 inventum
1606 989 1666 1033 est
1688 985 1888 1033 remedi·

119 1075 217 1113 um,
243 1071 292 1104 ut
314 1057 360 1103 in
383 1056 687 1102 contractibus
711 1055 978 1117 adjicerent,
1015 1070 1106 1114 quo
1130 1070 1297 1117 genere
1333 1065 1529 1098 monetat
1552 1051 1713 1098 solutio
1741 1051 1884 1098 fieret.

111 1123 355 1169 'Cuderant
374 1127 413 1168 δε
435 1121 484 1167 id
502 1137 644 1184 genus
668 1119 947 1166 numismatis
971 1117 1148 1180 aliquot
1170 1116 1450 1178 superiorum
1471 1117 1671 1179 Regum,
1695 1115 1769 1162 sed
1789 1129 1886 1161 ma·

112 1186 189 1250 ‘gis
213 1188 266 1233 ad
294 1185 418 1233 usum
439 1185 727 1232 necessarium
752 1183 1096 1246 pauperiorum,
1134 1182 1275 1245 quam
1315 1181 1372 1227 ad
1394 1180 1520 1226 suum
1543 1182 1760 1243 quaestum
1789 1197 1800 1225 :
1833 1194 1886 1225 ac

114 1251 296 1315 legibus
318 1250 456 1297 etiam
477 1261 705 1303 caverant,
724 1249 841 1295 ultra
862 1263 1000 1310 quam
1025 1246 1244 1292 summam
1269 1243 1526 1292 venditores
1551 1260 1642 1290 non
1664 1259 1888 1307 cogeren-

114 1327 191 1362 -tur
213 1316 437 1378 accipere.
506 1316 575 1361 [ta
593 1330 743 1361 rerum
775 1313 979 1359 tenuium
1003 1310 1112 1357 hinc
1145 1323 1240 1357 erat
1262 1307 1545 1372 emptoribus
1568 1307 1888 1366 commoditas,

118 1384 169 1428 &
192 1398 248 1426 ne
266 1380 505 1427 ditioribus
525 1376 801 1442 permutatio
820 1376 1026 1423 fraudem
1049 1377 1243 1429 afferret,
1260 1375 1360 1421 satis
1379 1373 1607 1435 provisum
1629 1372 1888 1419 videbatur.

117 1441 329 1492 Dabatur
345 1445 482 1490 etiam
505 1443 686 1490 crimini
710 1441 848 1506 Regis
870 1441 1047 1487 animus
1071 1440 1097 1486 a
1116 1440 1356 1487 nobilitate
1385 1438 1560 1484 aversus
1586 1457 1600 1493 ;
1649 1443 1687 1483 &
1713 1438 1770 1484 ad
1795 1454 1890 1483 ma·

118 1509 268 1571 gicam
294 1508 509 1555 insaniam
532 1507 786 1562 conversus,
812 1518 949 1569 atque
977 1505 1024 1551 in
1063 1506 1428 1567 propinquorum
1452 1503 1625 1549 caedem
1650 1501 1886 1564 impulsus.

115 1574 209 1619 Sed
243 1574 514 1620 Cocherano
538 1572 738 1618 maxime
772 1570 1021 1618 invidiosus
1056 1569 1144 1615 fuit
1183 1568 1343 1615 titulus
1383 1566 1640 1614 Comitatus
1665 1565 1847 1613 Marriae
1875 1584 1887 1612 2

116 1655 256 1701 quam
276 1637 510 1701 regionem
545 1639 645 1683 Rex
675 1635 876 1682 extincto
906 1635 1080 1680 minore
1109 1634 1246 1679 fratre
1267 1634 1337 1678 vel
1358 1632 1400 1678 ei
1434 1632 1697 1685 donaverat,
1722 1631 1794 1677 vel
1820 1648 1891 1678 re-

119 1704 319 1764 gendam
341 1702 642 1748 commiserat.
710 1699 864 1746 Pravis
885 1697 1217 1744 consultoribus
1242 1697 1266 1744 ὲ
1291 1697 1444 1743 medio
1465 1695 1649 1742 sublatis
1672 1712 1778 1742 cum
1806 1711 1891 1743 nec

117 1765 222 1812 Rex
245 1766 398 1822 militi,
423 1780 507 1812 nec
529 1766 658 1813 miles
680 1765 801 1829 Regi
829 1763 1096 1818 confideret,
1120 1762 1266 1809 soluto
1297 1759 1502 1809 exercitu
1525 1761 1716 1808 domum
1740 1761 1800 1808 est
1822 1778 1893 1808 re-

118 1830 270 1877 ditum
445 1852 453 1861 ⁴
754 1858 757 1859 ν

186 1896 384 1941 XLVII.
418 1896 521 1941 Rex
541 1895 618 1941 etsi
644 1893 690 1940 in
713 1892 948 1956 praesentia
970 1891 1082 1938 iram
1102 1890 1418 1954 supprimeret,
1443 1907 1496 1937 ac
1515 1890 1676 1945 multa,
1701 1891 1752 1940 &-
1774 1907 1894 1953 prce-

105 1959 240 2006 clara
255 1959 484 2005 nobilitati
503 1959 814 2021 polliceretur,
832 1957 947 2003 nihil
971 1957 1097 2003 aliud
1116 1970 1266 2001 tamen
1290 1956 1336 2001 in
1358 1955 1530 2009 animo,
1548 1954 1689 2018 quam
1713 1954 1896 2002 vindic-

120 2036 232 2077 tam,
254 2025 442 2077 caedem,
471 2028 509 2070 δε
534 2023 798 2085 sanguinem
821 2021 1064 2084 coquebat.
1133 2023 1296 2082 Itaque
1320 2019 1399 2065 ubi
1422 2019 1620 2082 primum
1644 2018 1711 2066 sui
1732 2034 1896 2083 potens

120 2087 202 2134 fibi
227 2087 341 2133 visus
364 2089 441 2142 est,
471 2088 512 2134 se
534 2087 580 2134 in
605 2104 754 2133 arcem
778 2085 1187 2148 Edirnburgensem
1212 2102 1316 2131 cum
1343 2085 1498 2146 paucis
1518 2085 1721 2131 abdidit.
1791 2086 1896 2131 No-

123 2151 268 2198 bilitas
296 2151 344 2198 in
368 2165 582 2199 eventum
615 2151 833 2214 suspensa,
875 2150 950 2197 sua
972 2149 1164 2197 seorsum
1188 2149 1386 2196 concilia
1416 2149 1629 2196 habebat.
1713 2149 1895 2212 Anglus

117 2216 335 2263 'suadente
357 2216 554 2264 maxime
579 2217 860 2270 Alexandro,
885 2215 967 2278 qui
989 2215 1120 2261 simul
1143 2231 1195 2261 ac
1231 2214 1430 2261 Scotiam
1465 2213 1697 2278 attigisset,
1729 2230 1898 2278 magna

116 2280 330 2344 equitum
354 2282 654 2344 peditumque
687 2280 858 2327 auxilia
878 2291 1175 2334 conventura,
1211 2281 1261 2327 ὃς
1296 2277 1584 2326 nobilitatem
1623 2295 1727 2324 cum
1767 2280 1898 2342 Rege

122 2345 376 2393 discordem
398 2346 520 2393 suam
546 2347 641 2392 fore
664 2345 985 2408 pollicebatur,
1009 2344 1194 2391 fratrem
1216 2343 1344 2391 suum
1363 2343 1612 2393 Ricardum
1632 2343 1899 2397 Glocestriae

117 2410 288 2456 ducem
312 2410 458 2473 copils
483 2428 562 2474 per
591 2411 791 2457 hiemem
814 2409 999 2464 coafflS,
1016 2408 1208 2471 praeficit
1232 2427 1246 2463 ;
1282 2420 1419 2470 atque
1441 2407 1489 2454 in
1513 2407 1713 2454 Scotiam
1732 2409 1900 2455 ducere

112 2473 268 2535 jubet.
336 2476 380 2522 Is
402 2476 559 2523 adulta
575 2476 670 2537 jam
695 2475 860 2529 aestate,
880 2474 966 2520 iter
989 2474 1205 2536 ingressus
1228 2473 1480 2528 intellecto,
1504 2488 1598 2534 quo
1621 2471 1668 2519 in
1692 2472 1807 2519 statu
1829 2489 1900 2519 res

123 2539 364 2586 Scotorum
386 2541 538 2595 essent,
564 2538 807 2588 Bervicum
829 2537 1030 2586 divertit.
1099 2537 1331 2586 Admissus
1359 2536 1505 2584 statim
1531 2536 1579 2584 in
1607 2536 1766 2584 urbem
1787 2554 1901 2600 quan

121 2615 231 2649 tuor
252 2603 456 2651 millibus
479 2606 536 2651 ad
558 2605 859 2652 obsidendum
899 2618 1050 2649 arcem
1089 2601 1274 2656 relictis,
1319 2617 1425 2647 cum
1462 2601 1636 2648 caeteris
1668 2601 1814 2665 copiis
1836 2603 1901 2648 E-

124 2666 425 2732 dimburgum
448 2669 568 2718 refta
590 2669 718 2717 ducit
739 2687 750 2715 :
784 2668 907 2715 foede
927 2666 1123 2720 vastam,
1158 2683 1240 2729 per
1263 2682 1366 2728 quae
1388 2665 1508 2714 ierat
1525 2665 1659 2714 locis.
1727 2667 1793 2714 At
1814 2667 1901 2714 du-

120 2741 256 2779 cente
283 2735 546 2781 Alexandro
568 2735 660 2781 fine
682 2733 908 2781 maleficio
942 2733 1105 2778 urbem
1142 2731 1362 2795 ingressus
1401 2732 1623 2779 Iacobum
1660 2731 1900 2793 (quoniam

121 2795 392 2858 alloquendi
413 2798 510 2860 spes
536 2799 662 2846 nulla
683 2800 797 2858 erat)
822 2797 974 2845 editio
1003 2797 1156 2859 palam
1179 2796 1227 2842 in
1250 2796 1352 2842 foro
1384 2796 1619 2863 proposito
1641 2795 1898 2849 admonuit,

124 2860 328 2971 {rimam
353 2876 402 2909 ut
441 2876 546 2926 quae
579 2880 684 2910 cum
707 2863 924 2911 Eduardo
966 2861 1225 2924 pepigisset,
1254 2861 1448 2907 servaret
1468 2875 1495 2908 ι*
1535 2859 1703 2907 deinde
1728 2872 1776 2906 ut
1797 2873 1901 2907 ante

174 2925 355 2973 alendas
372 2927 653 2990 Septembris
676 2927 982 2990 proximas-de
1004 2927 1174 2973 damno
1196 2926 1366 2979 datm&
1386 2924 1562 2987 injuriis
1576 2923 1785 2970 adversus
1802 2925 1902 2970 An·
1962 2922 1964 2925 ’

124 2989 228 3051 glos
251 2992 520 3054 perpetratis
542 2992 846 3040 satisfaceret:
887 2992 938 3039 id
960 2991 1009 3038 ni
1032 2991 1125 3046 fiat,
1159 2990 1410 3036 Ricardum
1436 2987 1703 3036 Glocestriae
1735 2988 1902 3037 ducem

126 3063 251 3108 eum,
270 3057 558 3118 regnumque
579 3055 674 3116 ejus
697 3056 834 3113 ferro,
859 3055 1137 3118 fiammaque
1159 3054 1516 3117 persecuturum.

195 3119 422 3166 XLVIII.
447 3121 525 3167 Ad
547 3120 1003 3177 haec'Iacobus‚cum
1024 3120 1204 3166 videret
1226 3118 1268 3164 se
1290 3133 1441 3179 neque
1462 3118 1511 3164 in
1532 3114 1904 3181 praesentia,quae

128 3180 462 3242 postularentur
482 3183 603 3244 po'ffe
619 3186 854 3247 perficere,
885 3201 913 3231 n
981 3199 1036 3237 ue
1058 3183 1176 3229 vires
1195 3181 1379 3235 habere,
1403 3182 1571 3245 quibus
1588 3182 1786 3230 hostium
1808 3183 1903 3231 vim

128 3245 424 3306 propelleret,
450 3246 566 3293 nihil
581 3248 758 3309 prorsus
773 3248 930 3312 *neque
970 3246 1135 3309 cripto‚
1160 3261 1309 3309 neque
1339 3260 1420 3307 per-
1438 3245 1632 3293 nunc-ios
1651 3242 1902 3309 respondit.

130 3309 373 3355 Scotorum
395 3321 554 3357 autem
569 3310 794 3374 primores
816 3311 843 3358 a
865 3311 945 3359 suo
972 3313 1107 3374 Rege
1135 3307 1354 3365 destituti,
1378 3326 1434 3356 ne
1456 3318 1609 3357 tamen
1627 3311 1816 3359 omnino
1838 3312 1906 3359 sa-

129 3370 218 3418 luti
260 3372 457 3435 publicae
475 3374 688 3431 deessent,
711 3375 879 3422 coactis
915 3375 1083 3422 iterum
1106 3372 1250 3436 copiis
1272 3375 1329 3421 ad
1349 3373 1587 3422 Hadinam
1608 3370 1749 3423 castra
1769 3376 1904 3439 posu-

128 3448 268 3483 erunt
296 3454 307 3483 x
337 3449 480 3500 atque·
501 3450 550 3486 ut
585 3439 906 3486 imminentem
928 3438 1238 3485 calamitatem
1266 3437 1425 3486 saltem
1442 3438 1662 3494 levarent,
1684 3437 1737 3492 Sc
1755 3441 1904 3489 vieto-

0 3483 1 3488 *
135 3498 216 3547 riae
235 3501 415 3550 cursum
439 3503 654 3561 sisterent,
673 3505 851 3571 legatos
870 3503 930 3554 ad
948 3504 1018 3570 (1)
1036 3501 1346 3554 Glocestrium
1368 3500 1552 3555 Ducem
1574 3504 1809 3565 miserunt,
1821 3505 1908 3572 qui

0 3644 17 3651 0
80 3680 81 3683 ,
142 3637 254 3693 τι)
283 3641 382 3687 MS.
409 3643 643 3693 otocestriae.
1784 3641 1914 3698 Pete*
