2006 3858
295 124 591 213 Lia'nn
687 131 1602 199 DEAVCIMUSSEPTIMUS.
1693 157 1827 220 405

145 230 279 282 XI'II.
313 232 389 278 Ad
412 232 509 276 haec
531 229 627 283 ille,
668 238 701 258 ‘⁴
726 230 767 276 sc
790 248 816 277 a
837 229 1019 294 Regina
1040 228 1308 292 paucissimis
1346 227 1442 288 post
1464 229 1712 276 adventum
1749 233 1850 280 die.

81 299 167 347 buz
207 298 252 343 in
276 298 392 342 hanc
418 295 698 356 legatiznem
724 295 917 348 missum,
944 308 1188 356 antequam
1216 294 1353 340 ullam
1378 292 1528 339 adhue
1553 293 1845 354 publicorum

37 402 42 413 .
84 361 376 427 negotiorum
400 371 573 420 partem
597 358 811 420 attigisset
834 375 846 405 τ
866 358 914 405 in
938 375 992 405 eo
1011 370 1188 406 tantum
1214 357 1339 404 fuiss‘e
1360 369 1651 419 occupatam,
1671 372 1719 405 ut
1743 377 1849 417 pro-

81 444 207 475 ceres
233 423 483 486 plaerosque
505 437 664 467 omnes
695 422 751 467 de
774 422 891 469 facie
913 423 1063 469 adhuc
1084 423 1288 486 ignotos,
1320 436 1372 468 ac
1395 434 1492 468 tum
1518 422 1714 483 primum
1739 424 1854 473 salu-

81 505 226 540 tatum
252 487 543 534 advenientes
565 486 788 546 reciperet
813 505 822 532 ε
860 486 1231 534 maxime-autem
1254 486 1481 540 omnium,
1507 500 1556 532 ut
1572 487 1628 533 ad
1652 487 1855 550 aliquam

77 568 251 603 certam
275 553 468 598 formam
492 551 651 596 statum
675 550 911 611 refigionis
934 551 1169 597 reduceret
1195 571 1206 598 ;
1245 566 1339 612 qua
1361 551 1408 598 in
1439 567 1487 597 re
1503 564 1727 613 quantum
1751 555 1855 601 effet

79 617 380 670 difficuitatis,
405 620 454 664 ὃς
480 614 693 660 molestiae
715 613 809 675 ipsa
832 630 921 660 non
942 614 1190 676 ignoraret.
1224 634 1226 636 ’
1260 618 1328 662 Ex
1350 616 1403 661 iis
1433 614 1568 662 facile
1592 628 1668 662 tua
1697 618 1856 678 majes-

80 693 149 730 'tas
186 684 327 745 potest
349 679 627 740 intelligere,
664 679 856 740 potuisse
890 679 1068 725 nullum
1106 693 1211 725 ante
1236 693 1386 727 meum
1410 679 1640 727 discessum
1664 682 1857 745 Reginae

80 750 322 796 Scotorum
343 758 523 806 tempus
545 754 740 789 vacuum
763 741 906 789 fuisse.
957 742 1062 790 Nec
1084 744 1293 791 homines
1317 744 1485 790 affuisse
1507 745 1716 801 idoneos,
1741 763 1857 810 quos
1905 743 1907 745 ’

64 806 127 865 ,in
151 811 388 858 confilium
419 809 476 854 de
499 809 630 854 rebus
655 819 746 854 tam
771 806 922 853 arduis
942 809 1186 855 advocaret
1207 827 1219 856 :
1254 808 1502 870 praesertim
1522 824 1646 865 cum,
1672 810 1854 873 quiex-

77 890 243 925 tremas
257 875 494 938 regnioras
517 872 564 919 in
587 871 913 935 septentriones
933 873 1139 919 obversas
1158 873 1383 928 habitent,
1405 875 1611 921 nondum
1633 890 1738 922 ante
1757 893 1856 924 me·

83 959 157 988 um
183 942 240 987 ab
264 940 367 986 aula
387 936 620 984 discessum
645 937 869 983 affuifl‘ent
893 955 904 984 :
951 951 1117 999 praeter
1137 954 1333 1000 quorum
1358 937 1624 999 sententiam
1648 957 1716 986 res
1740 942 1857 989 tanti

80 1005 129 1053 in
153 1006 390 1068 publicum
428 1002 651 1048 momenti
681 1001 846 1047 confici
871 1017 953 1048 nec
975 1002 1190 1056 debeant,
1228 1018 1310 1048 nec
1347 1001 1563 1065 possint.’'
1627 1005 1756 1051 Tum
1778 1005 1860 1054 issa

79 1069 372 1117 commotior.
443 1068 541 1113 “Et
563 1068 729 1129 quid‚'’
753 1066 926 1128 inquit,
958 1065 1191 1127 “Reginae
1214 1067 1288 1113 hic
1310 1080 1406 1113 erat
1426 1083 1542 1128 opus
1564 1069 1861 1118 consultatio-

78 1152 154 1190 ne,
183 1136 227 1182 id
253 1145 302 1180 ut
322 1133 531 1178 effectum
556 1133 784 1184 redderet,
809 1131 866 1177 ad
888 1131 1015 1193 quod
1038 1129 1347 1185 efficiendum,
1373 1136 1412 1178 Sc
1435 1131 1761 1195 chirographo,
1804 1140 1856 1184 ὃς

79 1199 231 1262 sigillo
253 1197 294 1244 se
316 1196 592 1245 astrinxerat.
626 1195 781 1259 Ego‚·’
805 1194 958 1257 inquit
978 1195 1076 1250 ille,
1094 1194 1240 1256 “qnid
1262 1195 1554 1258 respondeam
1593 1199 1650 1242 ad
1674 1199 1787 1255 haec,
1812 1201 1860 1248 in

75 1259 316 1328 praesentia
338 1279 428 1310 non
452 1261 600 1308 habeo
624 1280 634 1308 :
672 1274 720 1306 ut
746 1261 803 1308 de
825 1259 991 1322 quibus
1012 1275 1094 1305 nec
1118 1261 1332 1307 mandata
1355 1260 1445 1305 uila
1466 1262 1738 1323 acceperim,
1778 1279 1861 1312 nec

79 1329 261 1392 Regina
284 1329 429 1373 nostra
449 1327 735 1388 expectabat,
775 1337 823 1371 ut
846 1342 872 1370 a
906 1341 978 1370 me
1002 1339 1123 1369 nunc
1146 1325 1262 1370 ratio
1287 1325 1560 1386 posceretur.
1629 1325 1753 1374 Illud
1775 1346 1858 1376 au-

78 1406 174 1442 tem
198 1392 292 1456 ipsa
314 1392 448 1452 facile
485 1393 608 1453 apud
643 1404 687 1438 te
721 1402 851 1452 potes
873 1387 1151 1453 expendere,
1175 1401 1313 1451 quam
1331 1389 1468 1451 justas
1491 1390 1588 1453 ipsa
1612 1407 1733 1438 nunc
1757 1410 1858 1440 mo-

82 1476 144 1506 rae
168 1458 318 1504 causas
340 1449 556 1502 habeat.’⁵

145 1523 277 1570 XIV.
313 1523 412 1568 Post
437 1519 646 1566 nonnihil
670 1519 915 1565 verborum
956 1517 1088 1581 super
1122 1517 1192 1564 his
1215 1519 1349 1566 rebus
1375 1520 1513 1574 ultre,
1538 1520 1747 1584 citroque
1762 1522 1861 1582 jac-

78 1601 226 1636 tatum
252 1585 434 1650 Regina
451 1584 509 1631 ad
530 1584 836 1648 gravissimum
861 1582 1000 1630 totius
1026 1584 1201 1648 negotii
1222 1598 1361 1646 caput
1381 1584 1570 1640 reversa,
1595 1586 1860 1641 “hoc,'’in-

76 1653 199 1716 quit,
224 1654 256 1680 ‘⁴
273 1652 320 1698 in
338 1650 495 1712 primis
511 1649 684 1705 notavi,
703 1647 941 1710 quod&in
961 1648 1168 1694 oratione
1189 1650 1374 1696 nornine
1394 1649 1757 1713 Reginaerestrae
1777 1655 1860 1700 de—

79 1716 274 1771 clarasti,
300 1716 406 1762 &in
428 1714 654 1760 mandatis
678 1724 917 1774 procerum
940 1713 1224 1772 explicandis
1248 1713 1444 1776 posuisti.
1489 1716 1861 1765 Commemoras‘-

79 1781 116 1828 ti
135 1782 257 1827 enim
280 1791 338 1827 ex
359 1779 535 1842 Anglm
547 1795 621 1824 um
648 1780 828 1840 Regum
851 1776 1069 1841 sanguine
1101 1795 1203 1824 earn
1232 1778 1491 1833 oriundam,
1535 1796 1703 1843 meque
1726 1796 1862 1830 natu-

80 1846 168 1892 rali
190 1846 272 1892 illo
294 1844 483 1891 vinculo
521 1855 569 1888 ut
592 1842 846 1904 proximam
870 1855 1037 1902 genere
1061 1844 1118 1888 ad
1140 1859 1239 1890 eam
1264 1842 1549 1907 diligendam
1573 1846 1819 1911 constringi
1843 1867 1858 1896 z

79 1927 220 1973 quam
244 1926 339 1955 rem
362 1925 450 1970 ego
481 1906 673 1953 inficiari
712 1921 796 1953 nec
819 1907 942 1961 volo,
975 1924 1059 1953 nec
1094 1908 1267 1969 possum
1301 1927 1312 1954 ε
1364 1909 1467 1955 orbi
1489 1909 1628 1956 etiam
1654 1910 1858 1960 universo

79 1974 315 2036 perspicue
338 1972 528 2025 ostendi,
554 1987 627 2018 me
661 1971 708 2017 in
740 1970 953 2017 omnibus
978 1971 1090 2020 meis
1114 1972 1369 2030 actionibus
1391 1974 1599 2020 adversus
1623 1975 1720 2035 ejus
1743 1976 1860 2023 salu·
1910 1970 1911 1975 ¹

78 2051 191 2092 tem,
233 2052 308 2085 aut
330 2036 461 2099 regni
485 2035 862 2098 tranquiiiitatem
896 2035 1008 2081 nihil
1033 2038 1265 2083 attentasse
1290 2056 1300 2084 ε
1337 2042 1377 2084 &
1405 2039 1485 2101 qui
1521 2038 1709 2086 intimos
1733 2058 1860 2089 meos

80 2103 246 2157 sensus»,
288 2106 326 2149 ἃ
359 2101 662 2164 cogitationes
686 2115 871 2155 norunt,
897 2101 1032 2147 multi
1055 2101 1158 2147 sunt
1180 2102 1347 2150 conscii
1371 2120 1442 2148 me
1465 2120 1521 2150 ne
1545 2116 1642 2150 tum
1666 2105 1858 2166 quidem

79 2185 188 2230 cum
204 2167 454 2229 justiffimas
485 2167 786 2212 offensionum
810 2164 960 2211 causas
994 2165 1076 2213 illa
1100 2165 1214 2213 mihi
1239 2167 1507 2229 praebuiffet,
1533 2169 1645 2216 meis
1666 2169 1861 2233 insigni-¹·

81 2234 168 2280 bus
194 2230 474 2293 usurpandis,
500 2231 779 2292 titulumque
817 2231 948 2293 regni
980 2231 1068 2277 mei
1105 2231 1410 2287 vendicando,
1446 2250 1682 2295 nunquam
1706 2246 1863 2284 tamen

80 2297 130 2344 in
153 2298 356 2344 animum
383 2297 601 2343 inducere
622 2296 830 2358 potuisse,
855 2295 967 2357 quin
991 2297 1090 2343 haec
1111 2296 1324 2343 odiorum
1349 2296 1518 2344 semina
1539 2299 1597 2344 ab
1619 2298 1717 2346 aliis
1737 2301 1859 2362 poti-

83 2380 153 2417 us,
177 2378 315 2429 quam
338 2362 396 2407 ab
417 2377 471 2407 ea
491 2374 647 2408 exorta
668 2361 916 2407 crederem.
979 2362 1233 2423 Utcunque
1255 2374 1406 2408 tamen
1432 2362 1531 2409 haec
1551 2363 1743 2416 habent,
1762 2381 1860 2412 me.-

79 2440 159 2485 ‘um
198 2427 364 2489 opinor
388 2426 501 2473 mihi
526 2425 697 2471 viventi
718 2424 944 2488 sceptrum
980 2443 1072 2473 non
1095 2425 1261 2488 eripiet
1286 2444 1297 2472 z
1351 2444 1501 2489 neque
1523 2427 1677 2475 liberis
1704 2429 1756 2490 (fi
1777 2429 1860 2492 qui

78 2509 136 2539 ex
161 2508 233 2539 me
255 2491 511 2550 nascentur)
548 2490 635 2537 erit
655 2490 1007 2552 impedimento,
1039 2506 1134 2554 quo
1157 2491 1306 2536 minus
1329 2490 1377 2539 in
1403 2509 1556 2540 meum
1581 2493 1733 2539 locum
1759 2494 1858 2541 succ-

75 2558 258 2617 eedent.
328 2558 374 2603 Si
397 2557 509 2619 quid
532 2569 686 2602 autem
708 2554 880 2601 interea
895 2554 1161 2602 humanitus
1183 2555 1418 2610 acciderit,
1444 2573 1678 2620 nunquam
1703 2571 1858 2608 tamen

76 2619 203 2683 illud
219 2621 486 2683 comperiet,
512 2620 761 2683 quicquam
789 2637 813 2667 a
834 2637 906 2666 me
923 2619 1096 2667 factum
1120 2620 1266 2676 fuisse,
1289 2622 1416 2684 quod
1431 2620 1526 2682 jus,
1550 2623 1677 2684 quod
1699 2622 1782 2670 illa
1803 2625 1859 2670 sr-

76 2685 127 2734 bi
147 2685 196 2733 in
217 2702 411 2747 regnum
447 2685 634 2749 Angliae
657 2685 742 2732 effe
763 2686 993 2741 asseveret,
1031 2685 1186 2749 aliqua
1206 2701 1263 2732 ex
1286 2699 1412 2746 parte
1456 2687 1610 2740 Iaedat‚
1639 2693 1679 2734 8(
1702 2688 1858 2735 immi.

79 2764 206 2797 nuat.
275 2751 399 2797 Illud
422 2764 573 2798 autem
592 2750 667 2812 jus
689 2751 826 2811 quale
848 2750 968 2805 esset,
994 2767 1230 2814 nun-quam
1253 2750 1524 2815 diligentius
1548 2751 1663 2798 mihi
1685 2769 1860 2814 expen-

81 2815 284 2863 dendum
305 2815 575 2862 existimavi.
642 2815 747 2861 Nec
771 2831 826 2861 ea
846 2814 904 2861 de
938 2831 986 2862 re
1024 2831 1227 2878 unquam
1249 2815 1499 2879 disquirere
1520 2816 1654 2863 altius
1677 2818 1738 2862 est
1759 2817 1859 2863 ani-

77 2890 218 2927 mus':
241 2875 245 2880 ’
266 2897 459 2943 eamque
493 2895 691 2941 quorum
730 2879 928 2942 interest,
962 2881 1260 2942 quaestionem
1290 2880 1480 2942 judiciis
1514 2880 1857 2942 disceptandam

44 2944 303 3006 stelinquo.
334 2946 504 2992 Vestrae
519 2958 673 2992 autem
695 2938 889 3009 Regina:
911 2944 1042 2991 causa
1055 2943 1278 3007 siquidem
1288 2945 1403 3005 justa
1414 2947 1490 3000 est,
1508 2944 1625 2991 illud
1640 2961 1666 2990 a
1684 2960 1756 2992 me
1772 2961 1857 3008 pro

76 3023 204 3056 certo
224 3012 463 3073 expediare
493 3011 653 3072 potest,
690 3027 764 3056 me
794 3009 923 3056 nulla
943 3010 992 3056 in
1014 3026 1061 3056 re
1083 3010 1127 3056 ei
1159 3009 1416 3056 nocituram
1440 3025 1454 3055 z
1486 3024 1539 3054 ac
1561 3009 1716 3055 Deum
1738 3026 1858 3071 prae.

79 3072 250 3120 sentem
273 3076 410 3122 nostri
431 3073 649 3122 sermonis
671 3070 898 3123 arbitrum¹
919 3075 1068 3129 testor,
1090 3090 1164 3120 me
1182 3073 1415 3121 neminem
1435 3072 1683 3119 secundum
1706 3075 1856 3138 meip-

74 3137 171 3184 sam
195 3139 333 3194 noss‘e,
356 3154 496 3201 quem
517 3138 588 3186 illi
610 3139 867 3203 praeferam,
882 3150 961 3186 aut
975 3139 1005 3185 fi
1027 3153 1098 3186 res
1119 3137 1166 3184 in
1188 3137 1540 3184 controversiam
1557 3136 1728 3192 veniat,
1753 3155 1855 3188 eam

33 3197 44 3253 ,’
73 3200 210 3263 poffit
230 3204 490 3250 excludere.
558 3203 638 3249 Tu
659 3203 743 3266 qui
765 3214 1032 3266 competant
1066 3201 1199 3256 nosti,
1222 3200 1392 3264 inquit.
1461 3201 1644 3258 Quibus
1667 3204 1855 3252 tandem

78 3264 265 3325 opibus,
289 3278 367 3313 aut
387 3273 481 3328 qua
500 3266 671 3313 virium
693 3266 864 3313 fiducia
885 3266 1066 3313 misellae
1089 3265 1184 3312 illae
1206 3277 1376 3325 tantam
1400 3281 1497 3324 rem
1519 3268 1812 3316 attentabunt
1836 3273 1853 3314 ?

77 3325 264 3376 Deinde
286 3345 378 3375 non
400 3332 544 3392 longo
564 3329 767 3377 sermone
796 3331 855 3376 de
876 3330 969 3376 illis
994 3329 1248 3389 interjecto,
1273 3331 1458 3377 tandem
1480 3331 1519 3386 is
1541 3331 1642 3379 finis
1664 3331 1769 3388 fuit,
1808 3348 1857 3382 ut,

79 3408 178 3440 rem
203 3409 408 3457 gravem,
433 3397 481 3443 ὃς
507 3393 664 3456 magni
686 3393 902 3456 ponderis
922 3394 1008 3440 effe
1029 3393 1232 3448 diceret:
1257 3409 1310 3440 ac
1328 3411 1449 3441 nunc
1465 3394 1667 3457 primum
1690 3397 1856 3446 serium

78 3457 139 3504 de
160 3474 214 3504 ea
255 3457 505 3504 sermonem
530 3457 573 3504 se
607 3458 824 3505 habuisse.
891 3457 1055 3520 Itaque
1075 3458 1287 3522 longiore
1316 3460 1374 3506 ad
1395 3476 1495 3507 earn
1518 3461 1854 3524 expediendam

79 3515 225 3583 spatio
246 3523 330 3568 effe
353 3519 521 3584 opus.’'
544 3523 645 3569 Post
659 3539 829 3585 paucos
850 3520 1018 3569 deinde
1033 3521 1130 3569 dies
1148 3523 1363 3570 accersito
1385 3525 1533 3572 rursus
1556 3525 1725 3590 legato,
1755 3534 1787 3555 ‘⁶
1811 3527 1852 3573 se

79 3585 236 3635 mirari
257 3588 552 3640 vehementer
573 3586 654 3648 ait,
673 3586 792 3654 quid
812 3601 1054 3652 procerum
1075 3586 1125 3638 in
1146 3587 1243 3651 ipso
1267 3588 1409 3638 statim
1435 3589 1631 3653 Reginae
1652 3591 1854 3639 adventa

459 3662 465 3668 '
1775 3655 1852 3702 fib}
