2037 3837
457 107 1532 179 APUDSCOTOS.
1813 133 1906 193 2,-

128 213 371 261 ‚transferre
394 214 586 260 eandem
610 212 703 259 vim
728 210 883 265 habet,
928 224 980 255 ac
1025 212 1051 256 Γι
1092 226 1252 257 omnes
1275 209 1399 271 leges
1418 208 1628 270 abroges.
1705 211 1794 257 Sed
1818 212 1908 261 hoc

134 279 460 340 Tyrannorum
483 294 629 340 genus
655 276 832 323 fortass'e
857 275 1144 321 tolerandum
1167 274 1324 328 fuerit,
1353 274 1382 319 st
1403 271 1572 335 absque
1595 272 1782 334 publica
1804 292 1907 337 per.

130 343 252 390 nicie
276 343 379 389 tolli
398 359 493 398 non
537 341 666 403 poffit
694 359 707 394 ;
749 341 875 386 velut
897 338 1115 402 quosdam
1138 338 1342 400 corporis
1369 337 1553 383 morbos
1583 336 1734 398 potius
1758 342 1908 399 pcrfe-

132 406 293 460 rimus,
318 423 459 469 quam
484 406 624 452 vitam
648 404 694 451 in
715 404 961 464 ancipitem
985 403 1139 450 dubiae
1159 401 1405 450 curationis
1423 401 1567 447 aleam
1590 401 1906 462 conjiciamus.

130 471 299 533 Atqui
325 472 474 532 palam
499 486 590 516 non
633 469 792 530 patriae
815 469 889 515 sed
913 467 991 514 fibi
1034 480 1201 532 gerunt
1222 466 1486 528 imperium,
1535 482 1685 528 neque
1708 468 1908 528 publicae

106 536 107 539 ’
128 535 364 588 utilitatis,
389 533 463 581 sed
487 534 574 579 suae
598 532 844 594 voluptatis
868 532 1091 579 rationem
1114 532 1302 584 habent,
1327 530 1410 594 qui
1434 530 1790 579 stabilimentum
1816 533 1908 581 suae

128 599 388 645 autoritatis
412 598 458 644 in
482 598 653 644 civium
680 597 943 644 infirmitate
968 598 1216 652 collocant,
1250 595 1424 658 quique
1456 611 1649 659 regnum
1682 613 1774 644 non
1800 613 1909 659 pro-

128 663 419 710 curationem
443 680 467 709 a
540 680 595 709 eo
613 663 849 715 creditam,
875 660 945 707 sed
970 661 1117 723 potius
1142 678 1234 722 prae
1258 677 1342 706 ¹am
1367 658 1448 706 fibi
1468 660 1670 707 oblatam
1694 662 1904 719 credunt,

130 727 180 772 hi
204 743 294 772 non
321 727 449 773 civili
474 727 531 773 no
573 727 729 780 iseum,
753 739 829 771 aut
852 726 1007 786 aliquo
1029 724 1343 772 humanitatis·
1374 724 1560 771 vinculo
1594 724 1743 785 janai
1787 727 1904 783 sunt,

130 792 204 837 sed
233 791 324 837 Dei
350 798 392 840 &t
420 791 660 837 hominum
686 791 829 836 hostes
856 790 1052 836 maxime
1078 789 1288 837 omnium
1335 789 1553 850 capitales
1590 789 1789 848 judicari
1824 793 1907 841 de-

130 854 258 902 bent.
329 857 505 902 Omnes
528 856 651 902 enim
679 857 855 917 Regum
885 853 1084 900 affiones
1107 870 1197 900 non
1227 852 1322 900 suas
1345 868 1456 915 opes
1479 851 1693 915 privatim
1717 855 1790 903 sed
1819 873 1910 919 pu-

128 918 250 966 blice
273 918 442 967 civium
467 920 834 966 incolumitatem
868 916 1066 979 speftare
1088 919 1259 967 debent
1280 936 1291 965 ε
1328 928 1594 981 quantoque
1617 917 1747 979 supra
1769 937 1906 969 caete-

133 999 285 1030 rorum
313 986 339 1030 h
365 984 553 1032 minum
580 983 804 1047 fastigium
830 984 979 1044 Reges
997 982 1100 1029 sunt
1122 982 1285 1037 evecti,
1303 995 1431 1030 tanto
1454 983 1600 1045 magis
1622 982 1793 1032 imitari
1811 992 1907 1034 coe-

131 1046 257 1094 ledia
278 1064 468 1111 corpora
490 1048 677 1102 debent,
698 1066 801 1111 quae
827 1047 963 1093 nullis
986 1048 1146 1094 officiis
1171 1048 1327 1095 nostris
1349 1046 1611 1103 conciliata,
1632 1049 1719 1095 vim
1747 1050 1807 1097 sui
1829 1068 1908 1099 ca.

129 1111 240 1158 loris
268 1122 305 1161 54
330 1111 518 1160 luminis
542 1112 726 1159 vitalem
753 1116 801 1162 &
830 1111 1081 1158 beneficam
1102 1112 1234 1159 rebus
1258 1111 1470 1159 humanis
1488 1111 1757 1161 infundunt.
1798 1117 1908 1163 Hu-

124 1175 202 1237 jus
233 1177 558 1225 munificentiae
581 1180 654 1225 vel
678 1177 803 1225 tituli
846 1176 947 1238 ipfi,
988 1177 1156 1238 quibus
1179 1178 1330 1239 Reges
1353 1176 1705 1233 honest-avimus,
1733 1180 1785 1240 (fi
1811 1198 1905 1228 me..

130 1241 321 1300 ministi)
354 1243 602 1288 admonere
628 1255 852 1304 poterant.
921 1239 989 1287 M.
1019 1240 1195 1288 Videor
1218 1240 1468 1287 meminisse
1495 1259 1505 1286 :
1561 1258 1726 1304 nempe
1750 1258 1799 1290 ut
1824 1262 1905 1307 pa·

131 1317 261 1353 terna
290 1320 520 1353 uterentur
541 1305 833 1369 indulgentia
845 1319 954 1367 erga
975 1305 1099 1351 cives
1120 1305 1370 1351 liberorum
1396 1305 1498 1350 loco
1515 1305 1595 1352 fibi
1617 1311 1902 1360 commissos:

127 1370 177 1415 in
205 1370 401 1417 utilitate
423 1371 727 1433 procuranda.
765 1369 949 1432 Pastoris
972 1368 1216 1432 diligentia
1241 1386 1252 1414 t
1285 1368 1332 1415 in
1357 1368 1496 1415 salute
1519 1372 1690 1417 tuenda
1726 1373 1863 1420 duces
1887 1397 1902 1432 ;

128 1434 354 1482 virtutum
380 1435 672 1490 excellentia,
696 1437 912 1498 praetores
937 1450 950 1480 ε
986 1449 1092 1496 quae
1113 1451 1170 1481 ex
1195 1432 1274 1480 usu
1295 1435 1432 1481 effent
1453 1433 1681 1494 jubendo,
1705 1436 1907 1501 impera-

129 1511 249 1545 tores
272 1500 357 1545 sese
377 1500 651 1564 praestarent.
1800 1521 1804 1523 ·

194 1564 396 1612 XLVII.
425 1566 480 1611 B.
501 1566 692 1612 Paterne
713 1562 856 1628 igitur
877 1562 914 1610 is
934 1562 1027 1610 dici
1046 1564 1203 1624 potest,
1226 1562 1304 1626 qui
1325 1562 1445 1609 cives
1468 1563 1607 1613 habet
1629 1583 1711 1629 pro
1735 1566 1865 1616 servis
1885 1574 1904 1617 ,P

128 1640 209 1675 aut
235 1647 244 1688 ξ,
264 1631 393 1684 astor,
421 1629 499 1691 qui
522 1646 710 1692 gregem
737 1645 827 1675 non
850 1628 1005 1689 pascit,
1030 1628 1104 1674 sed
1127 1627 1340 1691 deglubit
1365 1630 1382 1673 ?
1416 1641 1494 1674 aut
1514 1631 1906 1697 gubernator,qui

111 1693 346 1753 ‘jacturam
383 1695 607 1739 bonerum
632 1694 807 1756 semper
827 1693 975 1739 facere
999 1693 1171 1739 studeat
1195 1698 1213 1740 ?
1245 1693 1417 1755 quique
1441 1694 1589 1756 (quod
1611 1696 1798 1757 dicitur)
1823 1716 1905 1747 na-

130 1773 233 1803 vem
263 1758 477 1819 perforet,
501 1757 548 1803 in
573 1775 663 1821 qua
685 1757 778 1820 ipse
801 1757 988 1820 naviget
1011 1760 1029 1803 ἒ
1068 1783 1135 1806 m.
1162 1759 1489 1820 Nequaquam.
1558 1761 1617 1806 B.
1651 1762 1796 1825 Qid,
1822 1765 1905 1827 qui

127 1838 221 1869 non
245 1822 416 1885 quaein
440 1839 538 1869 rem
560 1824 722 1885 populi
745 1822 1071 1883 suntimperat‚
1095 1820 1167 1868 sed
1187 1823 1269 1868 fibi
1294 1823 1466 1868 studeat
1481 1823 1558 1869 uni
1583 1827 1601 1870 ?
1633 1829 1714 1887 qui
1733 1844 1824 1875 non
1845 1829 1905 1876 de

127 1886 297 1934 virtute
322 1900 466 1935 certet
487 1903 589 1933 cum
612 1887 761 1941 bonis,
787 1888 860 1933 sed
888 1888 1006 1934 vitiis
1030 1887 1416 1949 flagitiosissimum
1441 1903 1674 1950 quemque
1696 1891 1904 1952 superare

118 1954 376 1999 -contendat
397 1955 418 1998 Β
454 1952 533 2013 qui
557 1951 657 1999 suos
680 1953 728 1998 in
754 1951 1005 1998 manifestas
1034 1953 1216 1998 infidias
1258 1952 1395 1997 ducat
1419 1954 1438 1997 ?
1491 1954 1560 2000 M.
1586 1955 1796 2002 Profecto
1819 1975 1904 2007 nec

109 2016 246 2070 ,mihi
270 2019 380 2072 dux,
430 2033 513 2066 nec
535 2016 800 2078 imperator,
830 2033 913 2062 nec
935 2031 1102 2078 praetor
1128 2016 1388 2064 habebitur.
1456 2018 1514 2063 B.
1548 2018 1596 2064 Si
1630 2036 1767 2083 quem
1792 2038 1904 2086 ergo

125 2082 414 2143 conspexeris
459 2081 540 2144 qui
581 2082 782 2144 Regium
826 2098 993 2127 nomen
1039 2082 1238 2144 usurpet,
1283 2096 1368 2127 nec
1413 2082 1508 2128 ullo
1531 2084 1712 2131 virtutis
1735 2103 1905 2149 genere

125 2147 339 2208 quemvis
357 2163 382 2191 e
407 2147 702 2193 multitudine
725 2147 973 2208 praecellat,
1000 2145 1158 2192 multis
1181 2146 1320 2193 etiam
1345 2147 1396 2192 fit
1428 2145 1635 2202 inferior,
1661 2151 1754 2213 qui·
1779 2150 1903 2201 cives

112 2226 219 2268 ‘non
241 2227 396 2258 amore
417 2210 568 2273 patrio
595 2213 906 2274 prosequatur,
934 2211 1010 2257 sed
1037 2211 1227 2273 superba
1248 2211 1563 2258 dominatione
1587 2227 1780 2274 premat,
1820 2219 1904 2281 qui

124 2292 317 2338 gregem
349 2276 424 2321 smi
450 2275 736 2322 commissum
758 2276 983 2323 existimet
1002 2293 1093 2323 non
1118 2277 1176 2322 ad
1195 2275 1441 2324 custodiam
1466 2275 1538 2322 sed
1562 2278 1620 2325 ad
1641 2281 1858 2343 qnaestum
1883 2303 1901 2341 3

124 2339 249 2385 hunc
281 2354 329 2385 tu
361 2342 531 2403 Regem
555 2357 661 2386 vere
685 2340 884 2402 putabis,
907 2340 1080 2387 etiamst
1106 2357 1276 2403 magno
1294 2341 1537 2386 satellitum
1557 2359 1748 2391 numero
1768 2347 1905 2409 stipa.

127 2418 198 2449 tus
221 2403 421 2456 incedat,
448 2404 787 2468 magnificoque
810 2406 1015 2466 corporis
1040 2405 1166 2452 cultu
1189 2405 1230 2451 se
1257 2404 1465 2459 ostentet,
1490 2405 1715 2468 supplicia
1735 2426 1902 2474 reprae-

117 2468 286 2522 semet,
313 2469 530 2530 praemiis‚
557 2468 694 2524 ludis,
742 2470 946 2532 pompis,
981 2469 1145 2517 insanis
1167 2469 1305 2517 etiam
1330 2469 1745 2526 substrufflonibus,
1773 2493 1903 2538 quae.

114 2550 215 2595 ,que
235 2535 324 2580 alia
344 2533 588 2596 magnifica
610 2535 695 2580 effe
718 2534 966 2580 creduntur
983 2535 1149 2598 vulgus
1170 2533 1403 2588 conciliet,
1428 2534 1612 2598 ejusque
1635 2539 1903 2601 applausum

123 2611 278 2660 captet
302 2603 319 2644 ἓ
376 2615 499 2646 nunc
525 2612 590 2655 tu,
635 2599 847 2662 inquam,
891 2600 1068 2662 Regem
1092 2598 1370 2645 existimabis
1396 2602 1414 2646 ?
1453 2610 1519 2648 M.
1542 2600 1676 2658 Non,
1717 2603 1745 2650 fi
1785 2605 1903 2654 mihi

116 2662 376 2710 consentire
400 2663 558 2718 velim,
601 2663 676 2710 sed
706 2663 856 2711 omnis
878 2663 1093 2710 humanae
1116 2663 1341 2711 societatis
1364 2676 1616 2727 expertem.
1683 2669 1742 2714 B.
1782 2670 1903 2732 Qi-

119 2726 281 2775 bus.tu
313 2728 478 2774 finibus
496 2728 745 2775 humanam
769 2729 885 2780 hanc
908 2727 1522 2775 societatemcircumscribis
1548 2733 1566 2776 ?
1619 2734 1685 2779 M.
1721 2732 1902 2782 Eisdem

120 2790 232 2847 illis,
263 2793 431 2854 quibus
456 2806 505 2840 tu
532 2793 760 2856 superiore
780 2792 989 2840 sermone
1014 2792 1129 2839 visus
1151 2810 1197 2840 es
1228 2809 1329 2840 eam
1351 2793 1470 2840 velle
1491 2793 1707 2841 concludi
1732 2815 1743 2844 :
1783 2796 1902 2859 juris

111 2856 526 2920 lvidelicetseptise
551 2876 654 2923 quae
673 2858 755 2922 qui
778 2858 1034 2905 transiliunt
1056 2859 1271 2912 latrones,
1292 2857 1431 2914 fureS,
1458 2858 1643 2914 moechi,
1663 2877 1740 2907 eos
1763 2865 1902 2912 video

110 2921 275 2983 ¹„puniri
302 2922 488 2983 publice
513 2941 525 2970 :
558 2940 753 2986 eamque
777 2922 954 2970 causam
975 2937 1129 2985 poenae
1153 2922 1311 2981 justam
1333 2922 1509 2978 haberi,
1525 2925 1650 2985 quod
1674 2925 1901 2976 societatis

114 2986 332 3039 humanae
356 2987 525 3035 limites
548 2988 633 3035 fint
667 2987 932 3050 transgreffi.
1723 3009 1735 3017 ν’

182 3051 416 3100 XLVIII.
441 3054 507 3099 B.
535 3053 682 3116 Qid,
714 3053 796 3116 qui
827 3052 953 3114 septa
975 3051 1056 3098 illa
1077 3066 1320 3116 nunquam.
1335 3049 1519 3115 ing-redi
1540 3050 1728 3103 voluere
1752 3058 1772 3102 ?
1825 3059 1899 3107 Μ.

115 3113 225 3162 Deo
253 3119 301 3164 &
323 3114 590 3175 hominibus
611 3117 849 3164 habendos
871 3116 1085 3164 inimicos
1143 3134 1154 3164 ε
1206 3115 1372 3179 eosque
1409 3116 1458 3163 in
1481 3117 1715 3179 luporum,
1753 3121 1903 3172 aliove

115 3177 361 3239 noxiorum
384 3180 655 3242 animalium
677 3198 846 3246 genere
859 3181 1013 3245 potius
1036 3197 1176 3244 quam
1198 3180 1693 3230 hominum—habendos
1707 3199 1865 3246 putem
1880 3207 1896 3237 ι

117 3259 223 3306 quae
241 3243 325 3305 qui
345 3243 511 3300 aliu&
534 3246 617 3293 fibi
633 3245 999 3309 perniciemalit
1016 3248 1067 3296 &
1089 3245 1191 3293 aliis
1213 3263 1226 3292 z
1262 3244 1344 3307 qui
1364 3245 1557 3300 occidit,
1577 3262 1669 3294 non
1693 3249 1776 3297 fibi
1798 3268 1899 3299 mo-

117 3309 184 3354 do
208 3307 282 3354 sed
305 3308 491 3370 publice
515 3311 731 3358 uni-versis
764 3310 960 3374 prodest.
1025 3309 1174 3373 -Qod
1196 3310 1228 3357 fi
1252 3309 1367 3356 mihi
1388 3310 1544 3374 Iegem
1574 3310 1696 3358 serre
1720 3313 1898 3373 liceret.

112 3371 325 3434 ,juberem
363 3375 510 3436 (quod
531 3375 735 3422 Romani
774 3372 1058 3422 inmonstri‘s
1091 3373 1390 3437 procurandis
1421 3375 1580 3423 facere
1601 3374 1823 3440 solebant)
1849 3382 1899 3428 id

111 3452 263 3499 genus
282 3436 521 3486 hominum
540 3439 588 3486 in
613 3439 724 3487 solas
745 3452 829 3485 terr
839 3455 884 3486 as
907 3438 1159 3502 deportari,
1174 3450 1254 3486 aut
1275 3438 1323 3485 in
1346 3440 1442 3486 alto
1460 3441 1620 3502 procul
1636 3457 1664 3488 a
1680 3444 1897 3510 eonspec-

117 3513 168 3546 tu
189 3512 318 3548 terrae
340 3501 564 3568 demergi,
588 3521 645 3552 ne
658 3502 886 3566 contagio
916 3504 1055 3550 etiam
1078 3516 1364 3550 mortuorum
1387 3503 1655 3553 hominibus
1675 3509 1896 3557 officeret:

110 3562 482 3616 iuterserribus
498 3580 658 3618 autem
681 3568 872 3633 praemia
894 3566 1098 3626 decerni,
1123 3583 1214 3616 non
1234 3569 1296 3616 ab
1313 3567 1521 3618 *universo
1545 3581 1721 3620 tantum
1745 3589 1899 3636 popu-

1829 3637 1895 3691 Io,
