2106 3838
202 181 328 250 1-04
503 160 866 229 RERUM
959 151 1648 225 Sco'TchRUM

193 259 476 316 meminerit,
513 260 571 307 ad
607 271 822 323 quantam
846 254 1056 301 omnium
1087 270 1239 302 rerum
1262 256 1470 321 inopiam
1501 269 1674 304 veteres
1710 258 1882 308 amicos
1906 276 1975 308 rc*

194 326 418 391 degiffent
458 330 475 371 ?
516 325 607 370 huc
627 323 841 370 nimirum
864 317 1095 381 pertinere
1113 330 1243 366 vetus
1261 320 1374 368 illud
1395 323 1649 376 oraculum,
1668 324 1802 385 ‘quod
1829 324 1980 372 Pictos

195 391 310 438 olim
331 406 357 439 a
378 389 526 437 Scolis
552 387 769 435 delendos
810 382 1128 446 praecinuerat.
1198 383 1278 429 Ob
1305 386 1464 432 Scotos
1497 386 1621 433 enim
1645 403 1670 432 a
1691 386 1733 434 se
1766 388 1975 450 proditos

198 471 320 502 nunc
341 463 499 518 poena's
522 453 662 504 luere,
683 465 734 495 ac
756 447 958 494 miserius
983 463 1124 510 quam
1148 446 1253 494 illos
1276 449 1424 511 perire
1450 468 1460 496 :
1487 451 1566 497 nisi
1590 451 1706 497 forte
1729 451 1831 514 quis
1855 451 1980 500 into-

198 519 433 566 lerabilius
457 516 664 566 exilium,
689 528 828 575 quam
851 511 1112 559 servitutem
1132 523 1280 576 putet.
1317 513 1427 559 Illos
1448 514 1573 560 enim
1596 513 1642 561 in
1666 514 1980 579 qualicunque

202 582 385 631 fortuna
417 594 565 627 tamen
599 578 769 624 liberos
791 577 876 623 ess'e
904 593 915 622 ε
952 575 994 622 se
1021 593 1132 624 vero
1155 576 1202 622 in
1233 577 1448 623 extremis
1471 576 1603 623 malis
1627 579 1810 634 versari,
1834 581 1985 642 eoque

201 645 504 712 gravioribus,
530 643 655 705 quod
679 641 758 687 suo
781 639 947 688 merito
969 640 1018 689 in
1039 658 1093 688 ea
1117 640 1391 688 incidissent.
1425 642 1588 704 Itaque
1611 654 1662 688 ut
1683 643 1905 690 haberent
1927 644 1985 689 ad

203 728 340 764 ouem
375 706 689 760 convenirent,
727 715 777 752 ut
807 705 855 751 in
883 705 1090 753 medium
1120 706 1178 752 de
1215 705 1420 752 remedio
1457 705 1770 752 calamitatum
1806 709 1985 753 suarum

204 766 502 824 consulerent,
537 771 754 817 Durstum
787 770 1008 832 Hergusti
1042 769 1187 817 filium
1219 771 1397 834 Regem
1431 783 1602 817 creant.
1689 771 1830 833 Apud
1862 770 1986 817 hunc

203 839 426 901 primores
460 834 728 899 congregati
763 834 874 881 dum
897 834 1102 882 remedia
1134 834 1505 897 circumspiciunt
1527 834 1750 882 servitutis
1775 834 1825 881 as
1851 833 1986 881 erita-

203 917 296 949 tem
327 900 524 964 querelae
547 899 869 962 expresserunt.
939 900 1041 961 Jam
1066 914 1155 945 non
1180 897 1454 962 imaginaria
1475 899 1534 954 se,
1560 898 1634 946 sed
1669 915 1775 945 vera
1818 898 1986 945 ervitu·

205 982 250 1013 te
284 965 447 1029 premi.
516 963 715 1010 Inclusos
747 963 865 1010 intra
900 963 1074 1010 vallum
1111 962 1267 1008 Severi
1288 963 1414 1008 velut
1445 962 1561 1008 feras
1584 962 1743 1010 bestias
1779 964 1837 1010 ab
1859 962 1989 1010 omni

205 1033 407 1078 humano
425 1029 702 1076 commercio
721 1027 942 1088 sejunctos
965 1045 974 1073 :
1001 1027 1109 1074 inde
1121 1026 1414 1088 juventutem
1433 1042 1620 1074 omnem
1640 1027 1880 1089 splendido
1899 1027 1986 1074 mi-

205 1095 318 1142 litiae
341 1093 526 1142 nomine
550 1093 607 1139 ad
631 1092 860 1139 lanienam
884 1091 1034 1138 educi.
1105 1093 1275 1138 Praeter
1303 1091 1555 1138 vicinarum
1594 1091 1804 1156 gentium
1829 1091 1988 1138 odium

208 1161 422 1207 accedere
445 1157 774 1205 monachorum
810 1154 1108 1203 acerbiffimas
1146 1156 1477 1219 increpationes
1515 1174 1526 1202 t
1573 1155 1655 1220 qui
1685 1156 1992 1203 occlamarent

211 1224 377 1271 merito
398 1239 556 1271 eorum
581 1238 737 1285 preces
761 1237 787 1267 a
808 1221 914 1267 Deo
936 1220 1188 1275 contemni,
1214 1221 1294 1284 qui
1316 1222 1386 1282 (1)
1414 1219 1506 1267 Dei
1528 1220 1770 1274 ministros,
1803 1219 1991 1283 suosque

210 1289 368 1336 fratres
391 1286 641 1336 eorundem
661 1285 885 1333 sacrorum
911 1285 1157 1348 participes
1182 1298 1307 1332 tanta
1324 1284 1493 1332 saevitia
1516 1286 1653 1332 css‘ent
1676 1283 1914 1348 persecuti,
1941 1298 1990 1331 ut

211 1369 270 1400 ne
292 1353 539 1400 monachos
562 1350 768 1414 quidem,
796 1366 876 1412 per
894 1367 1008 1412 quos
1034 1351 1160 1398 Deus
1184 1349 1361 1396 exorari
1384 1349 1524 1413 posset
1542 1350 1704 1396 eodem
1724 1349 1871 1395 secum
1894 1363 1988 1394 coe-

214 1418 260 1464 lo
284 1417 374 1465 frui
396 1416 605 1464 sivissent.
657 1416 775 1462 Haec
797 1431 903 1460 cum
924 1415 1125 1477 graviter
1143 1431 1218 1462 eos
1245 1427 1440 1467 urerent,
1459 1413 1677 1461 subeunte
1692 1413 1738 1460 in
1755 1414 1888 1461 rebus
1911 1415 1992 1460 ad·

213 1483 346 1529 versis
370 1481 544 1528 animos
564 1479 805 1543 religione,
830 1479 1014 1526 tandem
1039 1478 1249 1526 nonnihil
1274 1477 1299 1523 εὶ
1323 1478 1600 1541 perpessione
1624 1478 1848 1524 malorum
1869 1478 1994 1524 laxa·

215 1546 358 1593 menti
376 1545 500 1599 dato,
517 1561 606 1590 una
624 1544 681 1590 ad
699 1543 957 1590 libertatem
974 1543 1293 1590 restituendam
1310 1543 1382 1590 via
1400 1544 1458 1590 est
1477 1543 1585 1597 visa,
1601 1543 1629 1588 fi
1644 1542 1790 1589 Scotis
1805 1542 1990 1604 placan-

214 1611 303 1664 dis,
321 1611 472 1657 Deum
488 1607 627 1655 etiam
647 1606 734 1654 suae
754 1607 955 1669 perfidia·
978 1607 1204 1655 infensum
1230 1608 1408 1669 placare
1432 1608 1620 1670 possent.
1657 1609 1712 1652 Se
1736 1605 1993 1668 intelligere

220 1675 485 1738 Fergufium
523 1670 661 1735 Regii
685 1672 864 1735 generis
894 1671 1111 1731 juvenem
1135 1672 1181 1718 in
1209 1670 1403 1718 Scandia
1435 1673 1618 1718 exulare
1644 1689 1654 1716 ι
1689 1687 1744 1716 eo
1781 1682 1995 1716 revocato

216 1751 402 1785 caeteros
427 1738 523 1800 ejus
547 1736 816 1783 auctoritate
839 1734 972 1783 facile
991 1737 1111 1800 poss‘e
1134 1735 1319 1789 adduci,
1342 1748 1391 1782 ut
1409 1736 1623 1782 redirent.
1680 1735 1755 1781 Ad
1778 1733 1874 1794 ejus
1898 1733 1994 1780 ani-

217 1819 346 1850 mum
371 1802 642 1850 tentandum
667 1801 849 1847 occulta
869 1814 995 1847 metu
1019 1802 1336 1848 Romanorum
1358 1800 1530 1865 legatio
1549 1801 1732 1847 decreta
1749 1800 1824 1847 est.

378 2159 851 2231 ⁴RERUM
950 2160 1824 2230 SCOTICARUM

292 2329 389 2420 H
537 2325 578 2418 I
723 2324 786 2416 S
925 2320 1021 2418 T
1165 2326 1258 2417 Ο
1401 2326 1493 2419 R
1634 2325 1676 2418 Ι
1824 2325 1920 2415 Α

398 2496 618 2550 Αυξὶοῐε
674 2496 1052 2551 Gzoncxo
1112 2498 1612 2554 BuanNANo
1665 2497 1829 2555 Scoto.

675 2632 983 2710 LIRBER
1047 2634 1551 2699 QUINTUS.

226 2769 267 2816 1.
437 2768 584 2816 AESO
617 2767 685 2816 uti
722 2768 962 2816 retulimus
1000 2786 1027 2818 a
1060 2768 1282 2817 Romanis
1312 2766 1543 2834 Eugenio,
1567 2783 1621 2816 ac
1641 2780 1781 2833 gente
1804 2766 2009 2817 universa

289 2781 327 2918 ς
421 2777 430 2922 ἑ
465 2831 614 2906 patria
630 2832 758 2895 pulsa
772 2833 914 2898 Regis
935 2832 1089 2889 frater,
1111 2835 1200 2882 five
1219 2833 1299 2882 ille
1315 2832 1563 2888 Echadius,
1584 2834 1673 2882 five
1688 2832 1915 2882 Ethodius
1933 2834 2006 2882 fu-

466 2910 505 2944 it
537 2907 664 2946 metu
705 2896 970 2946 insidiarum
992 2916 1018 2946 a
1035 2898 1192 2953 Pictis,
1213 2914 1266 2945 ac
1287 2913 1438 2946 rerum
1462 2897 1637 2947 suarum
1655 2896 1874 2955 incertus,
1895 2914 2006 2946 con-

225 2962 366 3009 du&o
386 2961 591 3026 navigio,
626 2977 720 3010 non
755 2961 902 3027 magis
923 2963 1074 3010 ventis
1101 2978 1241 3027 quam
1268 2962 1465 3011 fortuna:
1486 2963 1591 3010 vela
1609 2960 1923 3019 committens,
1958 2960 2007 3011 ln

227 3026 470 3074 &audiam
497 3025 681 3090 appulit
702 3043 792 3074 una
816 3042 921 3073 cum
951 3028 1045 3075 filio
1067 3027 1229 3082 Erth0‚
1255 3031 1296 3075 δε
1319 3039 1486 3092 nepote
1507 3028 1569 3076 Fe
1628 3026 1739 3075 ufio.
1807 3027 1881 3075 Ibi
1902 3042 2009 3074 curn

225 3089 275 3136 in
299 3091 449 3137 aulam
472 3091 678 3146 venisset,
711 3093 814 3138 Rex
835 3090 961 3139 illius
984 3109 1076 3139 orae
1111 3093 1299 3140 edoCtus
1318 3093 1418 3157 qui,
1453 3098 1495 3140 δι
1525 3044 1648 3140 unrde
1681 3090 1804 3146 esset,
1827 3106 2010 3156 quaque

227 3153 424 3201 fortunae
441 3155 664 3204 violentia
680 3156 909 3204 exercitus
931 3156 1097 3211 fuisset,
1121 3173 1227 3204 cum
1250 3157 1660 3221 praetervectorum
1681 3159 1908 3204 sermones
1930 3157 2013 3202 ha-

230 3215 370 3272 bitus,
383 3219 621 3284 formaque
639 3219 727 3268 viri
748 3219 883 3268 facile
905 3221 1038 3270 dietis
1061 3221 1199 3269 fidem
1222 3220 1408 3277 faceret,
1425 3219 1555 3270 brevi
1575 3220 1682 3270 eum
1701 3219 1752 3270 in
1775 3219 2012 3269 familiari-

229 3297 314 3330 um
333 3298 575 3330 numerum
600 3283 797 3332 admisit.
835 3287 870 3333 F
872 3286 1073 3355 ergufius
1096 3285 1162 3332 ibi
1219 3296 1330 3341 atre,
1348 3290 1402 3338 ὃς
1423 3301 1509 3334 avo
1523 3284 1715 3334 mortuis
1736 3299 1841 3349 cum
1856 3284 2014 3332 adole-

221 3345 473 3400 ·viss'et,&'se
486 3359 636 3396 totum
647 3349 808 3404 studiis
822 3350 1099 3398 militaribus
1117 3351 1146 3398 d
1209 3349 1536 3407 idiss'et,multae
1553 3350 1684 3399 fimui
1702 3348 1912 3396 adversus
1924 3345 2013 3395 im-

229 3408 410 3472 perium
433 3410 697 3463 Romanum
731 3414 1052 3477 expeditiones
1074 3414 1101 3461 Ξι
1121 3414 1307 3478 populis
1330 3416 1390 3463 ad
1409 3410 1764 3479 septentrionem
1778 3409 2014 3475 spectanti-

234 3473 318 3522 bus
339 3474 441 3521 sunt
458 3473 687 3538 susceptae.
718 3477 838 3527 Aliis
873 3480 921 3528 in
944 3479 1246 3536 Pannoniam,
1267 3479 1368 3529 aliis
1384 3478 1654 3529 inGalliam
1673 3475 2017 3529 nationibusir-

284 3588 347 3653 (s)
376 3602 423 3641 Se
456 3616 534 3654 cap.
558 3615 623 3655 52.

214 3688 219 3693 .
1890 3670 2018 3706 mm-
