2025 3833
173 134 306 197 350
476 112 837 180 RERUM.
939 113 1623 183 ScoT1c2trtum

171 213 401 275 precibus,
436 213 670 274 obsequio,
709 210 803 271 ipsa
824 209 1022 270 denique
1046 208 1348 256 instabilitatis
1368 210 1580 259 humanae
1615 216 1930 268 recordatione

171 277 425 341 mitigatur,
450 282 490 322 δε
510 278 565 321 ad
590 274 824 321 lenitatem
847 272 1108 320 inflectitur.
1161 274 1251 320 Sed
1271 275 1430 321 demus
1451 274 1627 321 hostem¹
1643 278 1803 326 iratum
1827 283 1926 329 san·

169 341 357 406 guinem
390 340 606 401 Regium,
643 343 680 384 &
702 338 873 383 caedem
897 353 1115 400 quaerere.
1184 339 1301 385 Uter
1322 338 1504 384 tandem
1527 339 1678 386 mitius
1699 344 1929 394 consulere

169 403 350 452 videtur
372 408 388 450 ἓ
423 403 537 455 Isne‚
562 400 640 464 qui
661 400 750 447 una
766 418 871 448 cum
892 401 985 447 vita
1005 401 1211 448 omnium
1236 401 1457 448 malorum
1481 401 1648 450 sensum
1673 404 1891 454 adimeret
1906 412 1928 455 ἲ

169 487 225 515 an
243 470 340 533 qui,
376 483 510 529 quem
534 466 777 512 secundum
802 466 955 513 Deum
974 482 1141 521 amare,
1168 471 1208 512 δι
1232 465 1464 513 observare
1483 467 1668 523 debent,
1692 470 1749 514 ad
1769 471 1923 531 quoti.

162 534 347 581 dianam
372 529 678 576 carnificinam
708 529 974 576 reservant?
1019 529 1099 592 qui
1129 528 1333 576 animum
1368 531 1594 578 veneficiis
1627 533 1841 580 obsessum
1884 533 1941 583 in.

168 597 356 644 exitium
381 595 740 656 propinquorum
765 607 940 640 armant
965 598 982 639 ?
1015 593 1097 656 qui
1118 595 1294 657 Regem
1312 593 1602 642 inimicorum
1625 596 1763 642 armis
1784 614 1938 660 prope

169 662 529 707 circumventum
548 659 674 706 velut
694 658 926 721 captivum
950 659 1175 711 detinent.
1197 675 1343 720 neque
1365 658 1654 720 permittunt,
1675 673 1723 707 ut
1745 661 1925 711 suorum

167 726 317 770 vultus
342 723 589 784 aliquando
604 722 808 785 aspiciat,
824 722 1188 770 benevolentiam
1207 722 1451 785 intelligat,
1468 730 1715 783 operantu&
1733 725 1927 775 studium

168 788 424 849 experiatur
447 789 466 832 ?
499 803 590 833 non
616 800 705 834 tarn
730 787 873 833 hostes
907 787 1191 834 existimandi
1225 787 1342 840 sunt,
1385 786 1467 848 qui
1490 787 1638 835 castris
1660 804 1716 834 ex
1742 789 1940 837 adverso-

164 852 319 914 positis
343 849 499 898 odium
519 851 646 898 suurn
669 851 817 914 palam
839 852 1124 914 profitentur,
1148 850 1287 912 quam
1310 851 1393 912 qui
1415 850 1542 897 domi
1566 869 1621 899 ex
1638 850 1808 900 insidiis
1831 853 1926 900 ves-

165 930 246 962 trae
269 914 400 962 saluti
433 915 693 970 imminent,
733 917 909 979 Regem
945 915 1191 963 alienatum
1214 918 1272 960 ab
1294 914 1450 962 amicis
1472 914 1671 963 inimicis
1707 918 1926 979 produnt,
1996 943 2001 946 ·

164 996 242 1026 vos
262 981 377 1026 duce
396 980 629 1027 destitutos
651 980 886 1027 hostilibus
909 979 1043 1027 armis
1073 979 1298 1040 objiciunt
1320 997 1330 1025 :
1367 978 1395 1025 ὲ
1413 979 1597 1041 quibus,
1622 981 1650 1027 fi
1677 981 1781 1028 vieti
1805 998 1928 1029 mor-

164 1058 256 1091 tem
278 1045 551 1108 effugeritiS,
576 1057 724 1091 tamen
749 1044 796 1091 in
839 1044 1116 1098 servitutem,
1139 1045 1191 1095 δε
1212 1042 1513 1106 ignominiam
1551 1043 1779 1092 incidetis.
1847 1046 1935 1096 Sin.

167 1111 236 1171 (ι)
260 1108 509 1162 vinceritis,
535 1124 624 1155 non
656 1109 855 1173 quietem
875 1109 1022 1162 vobis,
1047 1124 1156 1170 opes
1179 1106 1353 1170 patriae,
1378 1107 1498 1172 Regi
1519 1109 1714 1172 gloriam
1737 1125 1927 1171 compa-

161 1172 319 1221 rabitis
346 1191 357 1220 t
389 1172 464 1220 sed
486 1173 684 1222 inimicis
709 1173 859 1220 vestris
881 1173 1101 1238 grass'andi
1121 1171 1354 1220 licentiam
1378 1172 1424 1218 in
1450 1172 1700 1234 praesentia,
1724 1173 1771 1221 in
1803 1175 1926 1222 futu-

164 1255 265 1285 rum
288 1237 590 1291 securitatem,
609 1237 867 1300 vobisipsis
883 1240 1069 1300 pestem,
1084 1253 1136 1284 ac
1155 1236 1423 1299 perniciem,
1442 1236 1562 1301 Regi
1582 1238 1817 1286 arctiorem
1840 1239 1926 1287 ser-

162 1302 355 1349 vitutem
379 1301 698 1350 conciliabitis.
765 1303 870 1350 Nec
891 1301 1121 1349 vincendo
1143 1302 1262 1348 mala
1282 1300 1513 1364 fugiemus
1531 1303 1817 1356 externa‚sed
1842 1304 1926 1351 do-

161 1367 345 1418 mestica
365 1367 652 1430 augebimus.
721 1367 831 1414 Mea
852 1365 995 1430 igitur
1016 1365 1250 1420 sententia,
1273 1377 1322 1412 ut
1343 1366 1500 1428 paucis
1518 1367 1940 1429 comprehendam,¹
1988 1364 2001 1396 Ὗ

161 1431 262 1478 haec
289 1433 366 1486 est,
403 1446 451 1478 ut
476 1431 603 1494 prius
628 1431 924 1479 domesticum
949 1429 1170 1477 servitutis
1195 1430 1359 1494 jugum
1389 1446 1624 1486 exuamus,
1649 1430 1788 1494 quam
1818 1446 1932 1481 cum.

160 1496 325 1544 exteris
349 1513 533 1543 manum
550 1496 852 1543 confluamus.
922 1493 1114 1556 Alioqui
1134 1494 1256 1541 enim
1288 1509 1536 1556 paucorum
1561 1495 1744 1543 libidini
1764 1512 1925 1544 omnes

160 1560 421 1614 serviemus,
446 1560 637 1608 hostium
661 1576 770 1622 opes
794 1559 1082 1623 augebimus,
1107 1564 1147 1606 &
1178 1558 1413 1621 publicam
1441 1559 1630 1608 salutem
1662 1561 1923 1623 prodemus.

160 1624 259 1671 Vos
281 1625 407 1687 quod
432 1623 603 1679 faxitis,
624 1625 779 1677 Deum
802 1623 938 1671 velim
965 1623 1246 1671 fortunare.''

223 1690 399 1736 XLIV.
432 1690 692 1736 Secundum
716 1687 938 1751 Duglaffii
974 1686 1228 1734 orationem
1263 1702 1354 1733 non
1382 1686 1478 1746 jam
1517 1687 1787 1736 consultatio
1809 1701 1923 1744 erat,

159 1754 234 1803 sed
261 1769 467 1800 murmur
488 1751 726 1800 confusum
749 1752 888 1799 totius
910 1751 998 1797 suit
1020 1751 1253 1798 concionis
1276 1767 1400 1798 arma
1422 1751 1469 1798 in
1491 1752 1660 1800 hostem
1687 1753 1933 1815 publicum
1985 1795 1994 1803 .

158 1817 460 1883 poscentium.
515 1820 585 1865 Ita
601 1817 721 1864 enim
747 1815 1017 1864 inflammati
1036 1828 1163 1863 erant
1181 1814 1406 1870 omnium,
1422 1816 1503 1878 qui
1520 1818 1742 1865 affuerant
1763 1817 1926 1873 animi,
1986 1851 1994 1864 .

160 1896 211 1930 ut
233 1884 280 1930 ni
304 1883 594 1935 ducerentur,
626 1882 860 1944 extemplo
883 1880 1090 1943 erupturi
1111 1881 1157 1927 in
1182 1880 1377 1944 Regiam
1402 1880 1680 1929 viderentur.
1749 1883 1926 1930 Verum

156 1946 239 2011 qui
265 1959 414 2001 aetate,
440 1946 710 2000 honoribus,
732 1950 780 1996 δε
817 1945 1082 1992 auctoritate
1102 1944 1331 2007 principes
1365 1958 1509 2000 erant,
1534 1945 1684 1993 sedato
1707 1946 1937 2003 tumultu„

158 2012 283 2076 quod
311 2011 593 2063 metuebant,
620 2028 674 2057 ne
698 2010 742 2056 in
769 2009 1008 2056 temerario
1031 2008 1147 2056 forte
1166 2009 1312 2072 plebis
1343 2009 1518 2072 impetu
1542 2011 1642 2057 Rex
1663 2008 1927 2067 violaretur,
2002 2016 2010 2032 ⁹

157 2076 357 2129 censent,
387 2089 434 2121 ut
472 2074 692 2137 primores
715 2075 936 2136 assumpto
958 2072 1148 2135 quisque
1169 2072 1483 2128 familiarium,
1507 2086 1701 2137 quantus
1727 2075 1830 2121 effet
1859 2074 1924 2122 sa·

157 2139 216 2186 tis
241 2156 445 2194 numer0,
468 2140 558 2185 fine
576 2139 747 2199 majore
770 2151 898 2185 motu
919 2138 1144 2185 exercitus
1162 2138 1208 2183 in
1234 2137 1496 2200 praetorium
1520 2137 1923 2201 proficiscerentur.

155 2204 355 2259 Noxios‚
380 2220 519 2266 penes
540 2221 655 2267 quos
677 2201 849 2249 summa
869 2218 1018 2249 rerum
1037 2214 1149 2257 erat,
1172 2202 1612 2263 comprehenderent
1639 2221 1650 2249 ε
1682 2217 1759 2250 eos
1780 2202 1826 2250 in
1845 2203 1922 2264 ju-

158 2269 331 2316 dicium
355 2268 411 2315 ad
434 2269 685 2315 exercitum
708 2268 1012 2331 producerent
1034 2285 1063 2323 3.
1090 2282 1143 2314 ac
1163 2282 1321 2330 poenas
1355 2265 1602 2314 secundum
1636 2267 1762 2329 leges
1785 2283 1926 2331 expe·

159 2347 322 2382 terent.

218 2399 370 2446 XLV.
405 2397 584 2445 Interea
603 2397 714 2444 dum
738 2396 835 2442 haec
857 2406 1093 2460 geruntur,
1117 2411 1272 2443 rumor
1292 2394 1339 2442 in
1362 2395 1511 2443 aulam
1533 2407 1791 2458 promanat,
1815 2411 1924 2458 pro-

156 2479 282 2511 ceres
303 2474 407 2509 ante
428 2463 576 2510 lucem
600 2463 779 2508 coactos
817 2460 863 2508 in
889 2461 1064 2523 templo
1085 2460 1353 2515 consultare,
1396 2457 1623 2507 incertum
1645 2475 1736 2522 qua
1758 2459 1815 2506 de
1836 2477 1883 2507 re
1908 2479 1922 2506 :

159 2527 232 2575 sed
253 2542 466 2590 magnam
489 2526 591 2573 sane
612 2525 776 2581 videri,
800 2542 903 2588 quae
928 2527 1076 2601 Rege,
1097 2524 1283 2587 ejusque
1301 2523 1564 2571 consiliariis
1586 2523 1937 2587 ignorantibuS„
1998 2568 2006 2591 Ἴ,

157 2591 266 2638 tales
290 2590 409 2638 viros
431 2589 650 2657 coegerit.
720 2591 819 2637 Rex
844 2603 909 2638 tre
944 2589 1020 2637 ide
1051 2590 1074 2636 ὲ
1098 2589 1255 2638 somno
1273 2589 1579 2652 experrectus,
1610 2593 1651 2635 δι
1673 2586 1784 2650 ipse,
1809 2587 1938 2651 quid.
1994 2594 2004 2628 “.

152 2655 383 2718 optimum
425 2657 545 2701 tactu
568 2654 793 2709 videatur,
833 2654 858 2701 ὲ
913 2654 980 2701 uis
1002 2653 1182 2717 quaerit.
1249 2652 1441 2702 Interim
1463 2653 1782 2701 Cocheranum
1805 2668 1923 2716 prae-
1995 2707 2001 2715 „

154 2718 314 2774 mittit,
334 2718 547 2782 quiquid
571 2732 745 2782 agatur,
765 2718 988 2772 observet,
1029 2723 1070 2764 δε
1096 2716 1253 2765 omnia
1273 2716 1465 2765 certiora
1485 2717 1663 2765 referat.
1731 2717 1775 2763 Is
1810 2716 1924 2764 dum
1991 2768 1996 2774 ,

153 2784 312 2847 paucis
333 2784 576 2830 comitatus
599 2784 655 2830 ad
678 2783 901 2844 templum
924 2781 1239 2845 proficiscitur,
1261 2782 1458 2829 occurrit
1479 2780 1755 2846 primoribus
1790 2780 1924 2828 nobi·

150 2848 294 2897 litatis
316 2847 364 2894 in
388 2847 539 2894 aulam
563 2846 867 2894 venientibus.
934 2847 991 2893 Ei
1013 2845 1157 2895 statim
1180 2845 1438 2910 Duglaffius
1461 2861 1645 2892 manum
1680 2843 1846 2905 injicit,
1870 2856 1944 2899 ata·
1990 2846 2018 2869 '⁴

153 2927 320 2977 torque
341 2927 479 2959 aureo
502 2912 658 2977 magni
680 2910 911 2975 ponderis,
951 2910 1077 2975 quod
1099 2910 1300 2974 gestabat
1336 2910 1635 3021 agprehenso,
1678 2909 1787 2973 gula
1806 2924 1922 2972 pau-
1976 2917 1997 2974 λζ

152 2978 250 3025 lum
273 2976 510 3025 constric'ta
526 2977 604 3023 dat
620 2973 985 3023 custodiendum.
1025 2973 1125 3047 Ipse
1145 2973 1268 3022 recta
1287 2973 1346 3021 ad

154 3118 245 3154 tem
269 3106 470 3153 hominis
491 3103 691 3160 reveriti,
710 3103 797 3151 sese
816 3104 1156 3152 continuerunt.
1206 3101 1279 3150 Ibi
1300 3103 1492 3158 emeris,
1515 3102 1599 3166 qui
1616 3102 1793 3166 Regem
1815 3117 1929 3165 pra-s

1412 2973 1509 3038 egis
1530 2973 1794 3027 cubiculum
1817 2989 1921 3038 per·
1982 3014 1999 3041 ᾖ,

147 3042 237 3104 git.
306 3041 403 3105 Qi
424 3039 491 3087 ibi
512 3041 701 3088 aderant
720 3039 791 3086 vel
814 3038 1055 3102 repentino
1071 3055 1167 3098 ejus
1204 3039 1373 3086 accessu
1395 3036 1598 3093 attoniti,
1620 3037 1695 3085 vel
1716 3037 1920 3099 majesta
1971 3032 1995 3056 ²¹¹

1969 3073 2009 3089 „.

1979 3096 1998 3175 ἑ

151 3170 222 3216 vis
244 3169 443 3217 confiliis
463 3184 757 3232 corrumpere
790 3168 1109 3223 credebantur,
1133 3166 1323 3229 arreptis
1360 3182 1503 3214 unum
1525 3165 1853 3214 adole-stentem
1874 3161 1947 3218 sea,-
1967 3170 1997 3217 f=

153 3234 436 3294 amplexum,
461 3245 513 3280 ut
533 3233 613 3279 fibi
636 3233 967 3288 condonarent,
989 3233 1093 3279 Rex
1118 3232 1280 3279 oravit.
1329 3232 1374 3278 Is
1390 3242 1487 3280 erat
1513 3231 1585 3292 (1)
1610 3230 1803 3278 Ioannes
1823 3228 1919 3277 Ra-
1971 3264 1982 3290 r.

149 3297 327 3344 misaeus
347 3298 532 3345 honesto
550 3297 654 3346 loco
671 3310 820 3352 natus,
843 3313 981 3361 quem
1003 3295 1290 3350 excusatione
1310 3295 1453 3344 :etatis
1481 3292 1617 3343 facile
1636 3305 1827 3359 accepta
1841 3290 1939 3348 di»

153 3359 386 3409 miserunt.
429 3361 598 3411 Caeteri
619 3377 726 3414 cum
744 3360 796 3411 in
812 3360 1196 3423 jusdueerentur,
1215 3371 1401 3409 exortus
1421 3359 1484 3411 est
1500 3359 1946 3447 εῃωῶδωσαλαν
1963 3363 1965 3365 ’
2008 3419 2011 3423 y

202 3488 272 3592 (ιζ
298 3487 556 3529 Archaismuc.
1056 3490 1100 3534 in
1109 3489 1177 3534 the
1196 3488 1364 3536 Meni&

205 3542 249 3593 (2
298 3541 526 3585 Predeceffor
536 3552 577 3585 to
586 3543 652 3587 the
663 3543 763 3591 lain!
776 3545 822 3589 of
830 3543 1007 3590 Μειδία

1845 3585 1883 3615 «Σ

1823 3616 1953 3661 οη-.
