<?xml version="1.0" encoding="UTF-8"?>
<!DOCTYPE html PUBLIC "-//W3C//DTD XHTML 1.0 Transitional//EN"
    "http://www.w3.org/TR/xhtml1/DTD/xhtml1-transitional.dtd">
<html xmlns="http://www.w3.org/1999/xhtml" xml:lang="en" lang="en">
 <head>
  <title>
</title>
<meta http-equiv="Content-Type" content="text/html;charset=utf-8" />
  <meta name='ocr-system' content='tesseract 3.04.00' />
  <meta name='ocr-capabilities' content='ocr_page ocr_carea ocr_par ocr_line ocrx_word'/>
</head>
<body>
  <div class='ocr_page' id='page_1' title='image "./rerumscoticarumh00buch_0246.png"; bbox 0 0 2055 3828; ppageno 0'>
   <div class='ocr_carea' id='block_1_1' title="bbox 209 99 1684 183">
    <p class='ocr_par' dir='ltr' id='par_1_1' title="bbox 209 99 1684 183">
     <span class='ocr_line' id='line_1_1' title="bbox 209 99 1684 183; baseline 0.003 -17"><span class='ocrx_word' id='word_1_1' title='bbox 209 121 343 183; x_wconf 87' lang='lat'>230</span> <span class='ocrx_word' id='word_1_2' title='bbox 545 102 905 167; x_wconf 76' lang='lat' dir='ltr'>RERUM</span> <span class='ocrx_word' id='word_1_3' title='bbox 995 99 1684 175; x_wconf 73' lang='lat' dir='ltr'>Sco’rrcARuM</span> 
     </span>
    </p>
   </div>
   <div class='ocr_carea' id='block_1_2' title="bbox 194 194 2055 1798">
    <p class='ocr_par' dir='ltr' id='par_1_2' title="bbox 208 194 2051 516">
     <span class='ocr_line' id='line_1_2' title="bbox 212 194 1996 269; baseline 0.003 -25"><span class='ocrx_word' id='word_1_4' title='bbox 212 210 280 244; x_wconf 84' lang='lat' dir='ltr'>tes</span> <span class='ocrx_word' id='word_1_5' title='bbox 303 196 578 246; x_wconf 85' lang='lat' dir='ltr'>Balliolanos</span> <span class='ocrx_word' id='word_1_6' title='bbox 600 196 889 249; x_wconf 86' lang='lat' dir='ltr'>sustinebant,</span> <span class='ocrx_word' id='word_1_7' title='bbox 912 194 1097 243; x_wconf 81' lang='lat' dir='ltr'>ordines</span> <span class='ocrx_word' id='word_1_8' title='bbox 1119 196 1359 246; x_wconf 80' lang='lat' dir='ltr'>turbarunt</span> <span class='ocrx_word' id='word_1_9' title='bbox 1383 215 1393 244; x_wconf 76' lang='grc' dir='ltr'>ε</span> <span class='ocrx_word' id='word_1_10' title='bbox 1426 197 1597 248; x_wconf 84' lang='lat' dir='ltr'>deinde</span> <span class='ocrx_word' id='word_1_11' title='bbox 1617 204 1788 259; x_wconf 70' lang='lat' dir='ltr'>ultimis</span> <span class='ocrx_word' id='word_1_12' title='bbox 1804 206 1996 269; x_wconf 56' lang='lat' dir='ltr'>priorque</span> 
     </span>
     <span class='ocr_line' id='line_1_3' title="bbox 212 257 1980 334; baseline 0.006 -28"><span class='ocrx_word' id='word_1_13' title='bbox 212 260 557 326; x_wconf 73' lang='lat' dir='ltr'>impellentibus</span> <span class='ocrx_word' id='word_1_14' title='bbox 578 277 654 307; x_wconf 89' lang='lat' dir='ltr'>eos</span> <span class='ocrx_word' id='word_1_15' title='bbox 673 260 719 305; x_wconf 90' lang='lat' dir='ltr'>in</span> <span class='ocrx_word' id='word_1_16' title='bbox 743 257 898 306; x_wconf 75' lang='lat' dir='ltr'>fossam</span> <span class='ocrx_word' id='word_1_17' title='bbox 921 259 1204 321; x_wconf 83' lang='lat' dir='ltr'>dejecerunt,</span> <span class='ocrx_word' id='word_1_18' title='bbox 1224 276 1276 308; x_wconf 87' lang='lat' dir='ltr'>ac</span> <span class='ocrx_word' id='word_1_19' title='bbox 1297 261 1379 325; x_wconf 84' lang='lat' dir='ltr'>ipfi</span> <span class='ocrx_word' id='word_1_20' title='bbox 1409 261 1552 311; x_wconf 83' lang='lat' dir='ltr'>ruinae</span> <span class='ocrx_word' id='word_1_21' title='bbox 1574 267 1714 316; x_wconf 85' lang='lat' dir='ltr'>ruodo</span> <span class='ocrx_word' id='word_1_22' title='bbox 1733 268 1863 333; x_wconf 81' lang='lat' dir='ltr'>super</span> <span class='ocrx_word' id='word_1_23' title='bbox 1884 270 1980 334; x_wconf 78' lang='lat' dir='ltr'>pri-</span> 
     </span>
     <span class='ocr_line' id='line_1_4' title="bbox 210 322 2043 396; baseline 0.005 -24"><span class='ocrx_word' id='word_1_24' title='bbox 210 340 313 373; x_wconf 81' lang='lat' dir='ltr'>mos</span> <span class='ocrx_word' id='word_1_25' title='bbox 333 327 640 390; x_wconf 88' lang='lat' dir='ltr'>prociderunt.</span> <span class='ocrx_word' id='word_1_26' title='bbox 675 322 747 369; x_wconf 89' lang='lat' dir='ltr'>Ibi</span> <span class='ocrx_word' id='word_1_27' title='bbox 768 322 902 369; x_wconf 89' lang='lat' dir='ltr'>multi</span> <span class='ocrx_word' id='word_1_28' title='bbox 923 323 980 371; x_wconf 90' lang='lat' dir='ltr'>ab</span> <span class='ocrx_word' id='word_1_29' title='bbox 998 324 1120 371; x_wconf 91' lang='lat' dir='ltr'>hoste</span> <span class='ocrx_word' id='word_1_30' title='bbox 1142 325 1258 380; x_wconf 77' lang='lat' dir='ltr'>caesi,</span> <span class='ocrx_word' id='word_1_31' title='bbox 1278 326 1430 389; x_wconf 84' lang='lat' dir='ltr'>plures</span> <span class='ocrx_word' id='word_1_32' title='bbox 1447 326 1710 386; x_wconf 86' lang='lat' dir='ltr'>hominum,</span> <span class='ocrx_word' id='word_1_33' title='bbox 1728 333 1978 396; x_wconf 78' lang='lat' dir='ltr'>equorum·</span> <span class='ocrx_word' id='word_1_34' title='bbox 2038 366 2043 393; x_wconf 52' lang='grc' dir='ltr'>ς</span> 
     </span>
     <span class='ocr_line' id='line_1_5' title="bbox 209 385 2050 462; baseline 0.006 -26"><span class='ocrx_word' id='word_1_35' title='bbox 209 404 304 453; x_wconf 81' lang='lat' dir='ltr'>que</span> <span class='ocrx_word' id='word_1_36' title='bbox 323 393 452 437; x_wconf 86' lang='lat' dir='ltr'>ruina</span> <span class='ocrx_word' id='word_1_37' title='bbox 472 385 680 460; x_wconf 82' lang='lat' dir='ltr'>oppreffi,</span> <span class='ocrx_word' id='word_1_38' title='bbox 702 387 851 435; x_wconf 74' lang='lat' dir='ltr'>multo</span> <span class='ocrx_word' id='word_1_39' title='bbox 874 386 1074 436; x_wconf 86' lang='lat' dir='ltr'>maxima</span> <span class='ocrx_word' id='word_1_40' title='bbox 1091 406 1193 452; x_wconf 83' lang='lat' dir='ltr'>pars</span> <span class='ocrx_word' id='word_1_41' title='bbox 1206 387 1272 437; x_wconf 84' lang='lat' dir='ltr'>ita</span> <span class='ocrx_word' id='word_1_42' title='bbox 1292 389 1531 440; x_wconf 81' lang='lat' dir='ltr'>debilitata</span> <span class='ocrx_word' id='word_1_43' title='bbox 1551 408 1599 440; x_wconf 83' lang='lat' dir='ltr'>ut</span> <span class='ocrx_word' id='word_1_44' title='bbox 1616 410 1702 442; x_wconf 89' lang='lat' dir='ltr'>nec</span> <span class='ocrx_word' id='word_1_45' title='bbox 1718 396 1776 444; x_wconf 82' lang='lat' dir='ltr'>ad</span> <span class='ocrx_word' id='word_1_46' title='bbox 1797 396 1976 462; x_wconf 65' lang='lat' dir='ltr'>fugam,</span> <span class='ocrx_word' id='word_1_47' title='bbox 2044 387 2050 446; x_wconf 64' lang='lat' dir='ltr'>J</span> 
     </span>
     <span class='ocr_line' id='line_1_6' title="bbox 208 447 2051 516; baseline 0.003 -16"><span class='ocrx_word' id='word_1_48' title='bbox 208 469 295 501; x_wconf 81' lang='lat' dir='ltr'>nec</span> <span class='ocrx_word' id='word_1_49' title='bbox 315 455 371 500; x_wconf 84' lang='lat' dir='ltr'>ad</span> <span class='ocrx_word' id='word_1_50' title='bbox 397 455 603 515; x_wconf 68' lang='lat' dir='ltr'>praelium</span> <span class='ocrx_word' id='word_1_51' title='bbox 626 447 726 498; x_wconf 86' lang='lat' dir='ltr'>satis</span> <span class='ocrx_word' id='word_1_52' title='bbox 747 449 917 500; x_wconf 78' lang='lat' dir='ltr'>virium</span> <span class='ocrx_word' id='word_1_53' title='bbox 940 452 1191 515; x_wconf 86' lang='lat' dir='ltr'>supereffet.</span> <span class='ocrx_word' id='word_1_54' title='bbox 2038 449 2051 516; x_wconf 66' lang='lat' dir='ltr'>l</span> 
     </span>
    </p>

    <p class='ocr_par' dir='ltr' id='par_1_3' title="bbox 194 515 2055 1798">
     <span class='ocr_line' id='line_1_7' title="bbox 273 515 2040 586; baseline 0.006 -22"><span class='ocrx_word' id='word_1_55' title='bbox 273 518 386 564; x_wconf 89' lang='lat' dir='ltr'>V11.</span> <span class='ocrx_word' id='word_1_56' title='bbox 423 515 703 562; x_wconf 85' lang='lat' dir='ltr'>Ceciderunt</span> <span class='ocrx_word' id='word_1_57' title='bbox 736 515 761 563; x_wconf 83' lang='grc' dir='ltr'>ὲ</span> <span class='ocrx_word' id='word_1_58' title='bbox 785 515 934 563; x_wconf 89' lang='lat' dir='ltr'>Scotis</span> <span class='ocrx_word' id='word_1_59' title='bbox 965 517 1026 565; x_wconf 85' lang='lat' dir='ltr'>ad</span> <span class='ocrx_word' id='word_1_60' title='bbox 1047 518 1134 565; x_wconf 86' lang='lat' dir='ltr'>tria</span> <span class='ocrx_word' id='word_1_61' title='bbox 1171 517 1334 574; x_wconf 85' lang='lat' dir='ltr'>millia,</span> <span class='ocrx_word' id='word_1_62' title='bbox 1357 517 1638 583; x_wconf 82' lang='lat' dir='ltr'>fugientium</span> <span class='ocrx_word' id='word_1_63' title='bbox 1660 521 1852 586; x_wconf 79' lang='lat' dir='ltr'>plurimi</span> <span class='ocrx_word' id='word_1_64' title='bbox 1870 525 1980 581; x_wconf 30' lang='lat' dir='ltr'>Per-</span> <span class='ocrx_word' id='word_1_65' title='bbox 2034 518 2040 529; x_wconf 59' lang='lat'><strong><em>⁹</em></strong></span> 
     </span>
     <span class='ocr_line' id='line_1_8' title="bbox 207 579 2053 639; baseline 0.006 -11"><span class='ocrx_word' id='word_1_66' title='bbox 207 582 338 629; x_wconf 84' lang='lat' dir='ltr'>thum</span> <span class='ocrx_word' id='word_1_67' title='bbox 361 579 696 627; x_wconf 86' lang='lat' dir='ltr'>contenderunt</span> <span class='ocrx_word' id='word_1_68' title='bbox 720 596 732 626; x_wconf 76' lang='grc' dir='ltr'>ε</span> <span class='ocrx_word' id='word_1_69' title='bbox 764 579 840 629; x_wconf 92' lang='lat' dir='ltr'>sed</span> <span class='ocrx_word' id='word_1_70' title='bbox 860 579 909 627; x_wconf 86' lang='lat' dir='ltr'>hi</span> <span class='ocrx_word' id='word_1_71' title='bbox 931 579 1025 630; x_wconf 73' lang='lat' dir='ltr'>fere</span> <span class='ocrx_word' id='word_1_72' title='bbox 1056 582 1147 630; x_wconf 84' lang='lat' dir='ltr'>fine</span> <span class='ocrx_word' id='word_1_73' title='bbox 1169 582 1322 639; x_wconf 81' lang='lat' dir='ltr'>armis,</span> <span class='ocrx_word' id='word_1_74' title='bbox 1346 583 1438 631; x_wconf 84' lang='lat' dir='ltr'>fine</span> <span class='ocrx_word' id='word_1_75' title='bbox 1458 585 1727 638; x_wconf 62' lang='lat' dir='ltr'>ductoribus</span> <span class='ocrx_word' id='word_1_76' title='bbox 1745 588 1856 637; x_wconf 86' lang='lat' dir='ltr'>urbe</span> <span class='ocrx_word' id='word_1_77' title='bbox 1878 592 1979 638; x_wconf 89' lang='lat' dir='ltr'>An·</span> <span class='ocrx_word' id='word_1_78' title='bbox 2024 622 2053 632; x_wconf 86' lang='lat'>.-</span> 
     </span>
     <span class='ocr_line' id='line_1_9' title="bbox 207 642 1979 709; baseline 0.007 -19"><span class='ocrx_word' id='word_1_79' title='bbox 207 645 296 709; x_wconf 79' lang='lat' dir='ltr'>glis</span> <span class='ocrx_word' id='word_1_80' title='bbox 319 643 608 707; x_wconf 83' lang='lat' dir='ltr'>sequentibus</span> <span class='ocrx_word' id='word_1_81' title='bbox 631 642 767 692; x_wconf 69' lang='lat' dir='ltr'>facile</span> <span class='ocrx_word' id='word_1_82' title='bbox 783 645 1019 695; x_wconf 85' lang='lat' dir='ltr'>cefferunt.</span> <span class='ocrx_word' id='word_1_83' title='bbox 1087 646 1304 694; x_wconf 89' lang='lat' dir='ltr'>Postridie</span> <span class='ocrx_word' id='word_1_84' title='bbox 1322 647 1606 697; x_wconf 79' lang='lat' dir='ltr'>Dumbarius</span> <span class='ocrx_word' id='word_1_85' title='bbox 1623 668 1731 702; x_wconf 83' lang='lat' dir='ltr'>cum</span> <span class='ocrx_word' id='word_1_86' title='bbox 1747 654 1806 702; x_wconf 81' lang='lat' dir='ltr'>de</span> <span class='ocrx_word' id='word_1_87' title='bbox 1821 654 1979 703; x_wconf 87' lang='lat' dir='ltr'>alteri·</span> 
     </span>
     <span class='ocr_line' id='line_1_10' title="bbox 208 707 1976 778; baseline 0.006 -23"><span class='ocrx_word' id='word_1_88' title='bbox 208 726 259 755; x_wconf 88' lang='lat' dir='ltr'>us</span> <span class='ocrx_word' id='word_1_89' title='bbox 282 707 504 756; x_wconf 79' lang='lat' dir='ltr'>exercitus</span> <span class='ocrx_word' id='word_1_90' title='bbox 527 708 676 763; x_wconf 90' lang='lat' dir='ltr'>clade,</span> <span class='ocrx_word' id='word_1_91' title='bbox 700 709 961 773; x_wconf 90' lang='lat' dir='ltr'>Perthoque</span> <span class='ocrx_word' id='word_1_92' title='bbox 978 723 1132 774; x_wconf 88' lang='lat' dir='ltr'>capto,</span> <span class='ocrx_word' id='word_1_93' title='bbox 1156 714 1207 761; x_wconf 89' lang='lat'>&amp;</span> <span class='ocrx_word' id='word_1_94' title='bbox 1231 712 1493 775; x_wconf 89' lang='lat' dir='ltr'>Anglorum</span> <span class='ocrx_word' id='word_1_95' title='bbox 1516 713 1744 778; x_wconf 83' lang='lat' dir='ltr'>paucitate</span> <span class='ocrx_word' id='word_1_96' title='bbox 1765 716 1976 774; x_wconf 68' lang='lat' dir='ltr'>rescisset,</span> 
     </span>
     <span class='ocr_line' id='line_1_11' title="bbox 206 771 2014 837; baseline 0.007 -19"><span class='ocrx_word' id='word_1_97' title='bbox 206 774 329 819; x_wconf 70' lang='lat' dir='ltr'>refta</span> <span class='ocrx_word' id='word_1_98' title='bbox 350 772 407 819; x_wconf 90' lang='lat' dir='ltr'>ad</span> <span class='ocrx_word' id='word_1_99' title='bbox 429 771 657 835; x_wconf 88' lang='lat' dir='ltr'>oppidum</span> <span class='ocrx_word' id='word_1_100' title='bbox 692 773 857 829; x_wconf 91' lang='lat' dir='ltr'>tendit,</span> <span class='ocrx_word' id='word_1_101' title='bbox 877 791 933 820; x_wconf 92' lang='lat' dir='ltr'>eo</span> <span class='ocrx_word' id='word_1_102' title='bbox 963 775 1170 829; x_wconf 78' lang='lat' dir='ltr'>consilio,</span> <span class='ocrx_word' id='word_1_103' title='bbox 1196 790 1246 825; x_wconf 87' lang='lat' dir='ltr'>ut</span> <span class='ocrx_word' id='word_1_104' title='bbox 1275 775 1528 837; x_wconf 78' lang='lat' dir='ltr'>obfidendo</span> <span class='ocrx_word' id='word_1_105' title='bbox 1565 778 1736 828; x_wconf 88' lang='lat' dir='ltr'>hostem</span> <span class='ocrx_word' id='word_1_106' title='bbox 1771 781 1981 836; x_wconf 81' lang='lat' dir='ltr'>omnium</span> <span class='ocrx_word' id='word_1_107' title='bbox 2012 807 2014 810; x_wconf 94' lang='lat'>·</span> 
     </span>
     <span class='ocr_line' id='line_1_12' title="bbox 205 837 1981 902; baseline 0.006 -19"><span class='ocrx_word' id='word_1_108' title='bbox 205 853 357 883; x_wconf 86' lang='lat' dir='ltr'>rerum</span> <span class='ocrx_word' id='word_1_109' title='bbox 380 837 537 899; x_wconf 85' lang='lat' dir='ltr'>inopia</span> <span class='ocrx_word' id='word_1_110' title='bbox 555 837 814 885; x_wconf 84' lang='lat' dir='ltr'>conficeret.</span> <span class='ocrx_word' id='word_1_111' title='bbox 881 839 953 886; x_wconf 90' lang='lat' dir='ltr'>Re</span> <span class='ocrx_word' id='word_1_112' title='bbox 975 839 1033 887; x_wconf 87' lang='lat' dir='ltr'>ad</span> <span class='ocrx_word' id='word_1_113' title='bbox 1056 840 1279 902; x_wconf 83' lang='lat' dir='ltr'>primores</span> <span class='ocrx_word' id='word_1_114' title='bbox 1313 841 1454 890; x_wconf 87' lang='lat' dir='ltr'>relata</span> <span class='ocrx_word' id='word_1_115' title='bbox 1474 858 1581 891; x_wconf 91' lang='lat' dir='ltr'>cum</span> <span class='ocrx_word' id='word_1_116' title='bbox 1602 843 1728 893; x_wconf 87' lang='lat' dir='ltr'>aliud</span> <span class='ocrx_word' id='word_1_117' title='bbox 1761 844 1877 893; x_wconf 81' lang='lat' dir='ltr'>alius</span> <span class='ocrx_word' id='word_1_118' title='bbox 1899 862 1981 894; x_wconf 82' lang='lat' dir='ltr'>ex-</span> 
     </span>
     <span class='ocr_line' id='line_1_13' title="bbox 207 900 2026 973; baseline 0.005 -25"><span class='ocrx_word' id='word_1_119' title='bbox 207 900 398 956; x_wconf 86' lang='lat' dir='ltr'>cusaret,</span> <span class='ocrx_word' id='word_1_120' title='bbox 432 901 602 949; x_wconf 64' lang='lat' dir='ltr'>infeflo</span> <span class='ocrx_word' id='word_1_121' title='bbox 631 901 821 967; x_wconf 86' lang='lat' dir='ltr'>negotio</span> <span class='ocrx_word' id='word_1_122' title='bbox 842 902 1074 951; x_wconf 70' lang='lat' dir='ltr'>discessum</span> <span class='ocrx_word' id='word_1_123' title='bbox 1104 905 1182 952; x_wconf 87' lang='lat' dir='ltr'>est.</span> <span class='ocrx_word' id='word_1_124' title='bbox 1248 904 1468 954; x_wconf 82' lang='lat' dir='ltr'>Balliolus</span> <span class='ocrx_word' id='word_1_125' title='bbox 1490 918 1576 962; x_wconf 88' lang='lat' dir='ltr'>tot,</span> <span class='ocrx_word' id='word_1_126' title='bbox 1599 909 1823 973; x_wconf 89' lang='lat' dir='ltr'>tantisque</span> <span class='ocrx_word' id='word_1_127' title='bbox 1848 908 1986 959; x_wconf 76' lang='lat' dir='ltr'>rebus</span> <span class='ocrx_word' id='word_1_128' title='bbox 2020 947 2026 958; x_wconf 84' lang='lat'><strong>.</strong></span> 
     </span>
     <span class='ocr_line' id='line_1_14' title="bbox 204 966 2053 1037; baseline 0.006 -26"><span class='ocrx_word' id='word_1_129' title='bbox 204 978 372 1027; x_wconf 80' lang='lat' dir='ltr'>praeter</span> <span class='ocrx_word' id='word_1_130' title='bbox 391 966 517 1028; x_wconf 83' lang='lat' dir='ltr'>spem</span> <span class='ocrx_word' id='word_1_131' title='bbox 539 979 630 1013; x_wconf 86' lang='lat' dir='ltr'>tam</span> <span class='ocrx_word' id='word_1_132' title='bbox 655 966 783 1014; x_wconf 88' lang='lat' dir='ltr'>brevi</span> <span class='ocrx_word' id='word_1_133' title='bbox 805 978 1011 1031; x_wconf 90' lang='lat' dir='ltr'>tempore</span> <span class='ocrx_word' id='word_1_134' title='bbox 1028 967 1248 1017; x_wconf 70' lang='lat' dir='ltr'>confeftis</span> <span class='ocrx_word' id='word_1_135' title='bbox 1265 969 1472 1018; x_wconf 83' lang='lat' dir='ltr'>animum</span> <span class='ocrx_word' id='word_1_136' title='bbox 1494 971 1662 1032; x_wconf 86' lang='lat' dir='ltr'>adjecit</span> <span class='ocrx_word' id='word_1_137' title='bbox 1689 973 1748 1020; x_wconf 88' lang='lat' dir='ltr'>ad</span> <span class='ocrx_word' id='word_1_138' title='bbox 1776 973 1981 1037; x_wconf 89' lang='lat' dir='ltr'>reliquos</span> <span class='ocrx_word' id='word_1_139' title='bbox 2034 980 2053 1036; x_wconf 50' lang='lat' dir='ltr'>‘g</span> 
     </span>
     <span class='ocr_line' id='line_1_15' title="bbox 205 1029 1981 1096; baseline 0.006 -20"><span class='ocrx_word' id='word_1_140' title='bbox 205 1032 364 1076; x_wconf 72' lang='lat' dir='ltr'>:Scotos</span> <span class='ocrx_word' id='word_1_141' title='bbox 388 1032 461 1078; x_wconf 88' lang='lat' dir='ltr'>vel</span> <span class='ocrx_word' id='word_1_142' title='bbox 483 1029 794 1081; x_wconf 85' lang='lat' dir='ltr'>conciliandos</span> <span class='ocrx_word' id='word_1_143' title='bbox 817 1031 998 1086; x_wconf 85' lang='lat' dir='ltr'>officiis,</span> <span class='ocrx_word' id='word_1_144' title='bbox 1017 1034 1092 1080; x_wconf 91' lang='lat' dir='ltr'>vel</span> <span class='ocrx_word' id='word_1_145' title='bbox 1115 1034 1239 1082; x_wconf 88' lang='lat' dir='ltr'>bello</span> <span class='ocrx_word' id='word_1_146' title='bbox 1257 1034 1596 1096; x_wconf 89' lang='lat' dir='ltr'>perdomandos</span> <span class='ocrx_word' id='word_1_147' title='bbox 1619 1055 1630 1083; x_wconf 80' lang='lat'>2</span> <span class='ocrx_word' id='word_1_148' title='bbox 1653 1052 1705 1083; x_wconf 88' lang='lat' dir='ltr'>ac</span> <span class='ocrx_word' id='word_1_149' title='bbox 1725 1037 1852 1085; x_wconf 83' lang='lat' dir='ltr'>brevi</span> <span class='ocrx_word' id='word_1_150' title='bbox 1911 1038 1981 1088; x_wconf 84' lang='lat' dir='ltr'>ui-</span> 
     </span>
     <span class='ocr_line' id='line_1_16' title="bbox 204 1088 2053 1152; baseline 0.005 -11"><span class='ocrx_word' id='word_1_151' title='bbox 204 1094 310 1141; x_wconf 89' lang='lat' dir='ltr'>dem</span> <span class='ocrx_word' id='word_1_152' title='bbox 333 1107 483 1143; x_wconf 87' lang='lat' dir='ltr'>tantus</span> <span class='ocrx_word' id='word_1_153' title='bbox 505 1095 746 1143; x_wconf 83' lang='lat' dir='ltr'>concursus</span> <span class='ocrx_word' id='word_1_154' title='bbox 765 1096 821 1144; x_wconf 86' lang='lat' dir='ltr'>ad</span> <span class='ocrx_word' id='word_1_155' title='bbox 844 1113 950 1144; x_wconf 89' lang='lat' dir='ltr'>eum</span> <span class='ocrx_word' id='word_1_156' title='bbox 973 1098 1034 1144; x_wconf 85' lang='lat' dir='ltr'>est</span> <span class='ocrx_word' id='word_1_157' title='bbox 1058 1096 1220 1152; x_wconf 59' lang='lat' dir='ltr'>faetus,</span> <span class='ocrx_word' id='word_1_158' title='bbox 1247 1110 1296 1145; x_wconf 86' lang='lat' dir='ltr'>ut</span> <span class='ocrx_word' id='word_1_159' title='bbox 1318 1111 1550 1147; x_wconf 87' lang='lat' dir='ltr'>maturum</span> <span class='ocrx_word' id='word_1_160' title='bbox 1570 1100 1804 1148; x_wconf 88' lang='lat' dir='ltr'>videretur</span> <span class='ocrx_word' id='word_1_161' title='bbox 1824 1101 1866 1149; x_wconf 91' lang='lat' dir='ltr'>se</span> <span class='ocrx_word' id='word_1_162' title='bbox 1932 1118 1980 1150; x_wconf 83' lang='lat' dir='ltr'>e·</span> <span class='ocrx_word' id='word_1_163' title='bbox 2029 1088 2053 1151; x_wconf 63' lang='lat'>2</span> 
     </span>
     <span class='ocr_line' id='line_1_17' title="bbox 202 1159 2051 1236; baseline 0.005 -31"><span class='ocrx_word' id='word_1_164' title='bbox 202 1175 310 1222; x_wconf 85' lang='lat' dir='ltr'>gem</span> <span class='ocrx_word' id='word_1_165' title='bbox 334 1159 552 1222; x_wconf 84' lang='lat' dir='ltr'>profiteri.</span> <span class='ocrx_word' id='word_1_166' title='bbox 578 1160 633 1206; x_wconf 82' lang='lat' dir='ltr'>Id</span> <span class='ocrx_word' id='word_1_167' title='bbox 656 1161 895 1209; x_wconf 83' lang='lat' dir='ltr'>confilium</span> <span class='ocrx_word' id='word_1_168' title='bbox 913 1162 956 1209; x_wconf 87' lang='lat' dir='ltr'>ei</span> <span class='ocrx_word' id='word_1_169' title='bbox 979 1163 1036 1210; x_wconf 74' lang='lat' dir='ltr'>eo</span> <span class='ocrx_word' id='word_1_170' title='bbox 1059 1162 1199 1210; x_wconf 88' lang='lat' dir='ltr'>tutius</span> <span class='ocrx_word' id='word_1_171' title='bbox 1223 1162 1329 1218; x_wconf 84' lang='lat' dir='ltr'>fuit,</span> <span class='ocrx_word' id='word_1_172' title='bbox 1343 1163 1470 1236; x_wconf 78' lang='lat' dir='ltr'>quod</span> <span class='ocrx_word' id='word_1_173' title='bbox 1491 1164 1692 1212; x_wconf 85' lang='lat' dir='ltr'>maxima</span> <span class='ocrx_word' id='word_1_174' title='bbox 1706 1182 1808 1228; x_wconf 87' lang='lat' dir='ltr'>pars</span> <span class='ocrx_word' id='word_1_175' title='bbox 1831 1165 1977 1219; x_wconf 85' lang='lat' dir='ltr'>cladis</span> <span class='ocrx_word' id='word_1_176' title='bbox 2036 1181 2051 1228; x_wconf 53' lang='grc' dir='ltr'>ς.</span> 
     </span>
     <span class='ocr_line' id='line_1_18' title="bbox 198 1223 2055 1294; baseline 0.006 -24"><span class='ocrx_word' id='word_1_177' title='bbox 198 1223 249 1270; x_wconf 88' lang='lat' dir='ltr'>in</span> <span class='ocrx_word' id='word_1_178' title='bbox 270 1223 466 1272; x_wconf 83' lang='lat' dir='ltr'>familias</span> <span class='ocrx_word' id='word_1_179' title='bbox 486 1224 656 1272; x_wconf 88' lang='lat' dir='ltr'>Pertho</span> <span class='ocrx_word' id='word_1_180' title='bbox 673 1224 846 1272; x_wconf 87' lang='lat' dir='ltr'>vicinas</span> <span class='ocrx_word' id='word_1_181' title='bbox 862 1226 1100 1274; x_wconf 83' lang='lat' dir='ltr'>inciderat.</span> <span class='ocrx_word' id='word_1_182' title='bbox 1165 1227 1283 1275; x_wconf 78' lang='lat' dir='ltr'>Caesi</span> <span class='ocrx_word' id='word_1_183' title='bbox 1303 1243 1426 1275; x_wconf 85' lang='lat' dir='ltr'>emm</span> <span class='ocrx_word' id='word_1_184' title='bbox 1446 1242 1575 1277; x_wconf 87' lang='lat' dir='ltr'>erant</span> <span class='ocrx_word' id='word_1_185' title='bbox 1610 1229 1657 1276; x_wconf 90' lang='lat' dir='ltr'>in</span> <span class='ocrx_word' id='word_1_186' title='bbox 1678 1229 1776 1277; x_wconf 90' lang='lat' dir='ltr'>acie</span> <span class='ocrx_word' id='word_1_187' title='bbox 1812 1245 1977 1294; x_wconf 76' lang='lat' dir='ltr'>praeter</span> <span class='ocrx_word' id='word_1_188' title='bbox 2026 1230 2055 1291; x_wconf 58' lang='lat'>2³52</span> 
     </span>
     <span class='ocr_line' id='line_1_19' title="bbox 200 1288 2042 1356; baseline 0.005 -22"><span class='ocrx_word' id='word_1_189' title='bbox 200 1288 447 1352; x_wconf 87' lang='lat' dir='ltr'>Proregem</span> <span class='ocrx_word' id='word_1_190' title='bbox 471 1289 702 1336; x_wconf 83' lang='lat' dir='ltr'>Robertus</span> <span class='ocrx_word' id='word_1_191' title='bbox 719 1289 898 1337; x_wconf 85' lang='lat' dir='ltr'>Kethus</span> <span class='ocrx_word' id='word_1_192' title='bbox 919 1307 1025 1338; x_wconf 89' lang='lat' dir='ltr'>cum</span> <span class='ocrx_word' id='word_1_193' title='bbox 1047 1308 1218 1356; x_wconf 87' lang='lat' dir='ltr'>magno</span> <span class='ocrx_word' id='word_1_194' title='bbox 1248 1291 1633 1356; x_wconf 89' lang='lat' dir='ltr'>propinquorum,</span> <span class='ocrx_word' id='word_1_195' title='bbox 1658 1297 1709 1345; x_wconf 69' lang='grc' dir='ltr'>ὃς</span> <span class='ocrx_word' id='word_1_196' title='bbox 1739 1293 1979 1348; x_wconf 85' lang='lat' dir='ltr'>clientium</span> <span class='ocrx_word' id='word_1_197' title='bbox 2040 1320 2042 1323; x_wconf 56' lang='lat'>&gt;</span> 
     </span>
     <span class='ocr_line' id='line_1_20' title="bbox 201 1351 2052 1422; baseline 0.005 -23"><span class='ocrx_word' id='word_1_198' title='bbox 201 1368 396 1400; x_wconf 85' lang='lat' dir='ltr'>nurnero</span> <span class='ocrx_word' id='word_1_199' title='bbox 420 1372 430 1400; x_wconf 92' lang='lat'>:</span> <span class='ocrx_word' id='word_1_200' title='bbox 466 1353 491 1400; x_wconf 82' lang='grc' dir='ltr'>ὲ</span> <span class='ocrx_word' id='word_1_201' title='bbox 510 1353 826 1401; x_wconf 76' lang='lat' dir='ltr'>Lindesiorum</span> <span class='ocrx_word' id='word_1_202' title='bbox 851 1354 1025 1402; x_wconf 85' lang='lat' dir='ltr'>familia</span> <span class='ocrx_word' id='word_1_203' title='bbox 1046 1356 1298 1419; x_wconf 59' lang='lat' dir='ltr'>octoginta,</span> <span class='ocrx_word' id='word_1_204' title='bbox 1318 1373 1423 1403; x_wconf 87' lang='lat' dir='ltr'>cum</span> <span class='ocrx_word' id='word_1_205' title='bbox 1444 1356 1651 1421; x_wconf 86' lang='lat' dir='ltr'>principe</span> <span class='ocrx_word' id='word_1_206' title='bbox 1680 1359 1830 1422; x_wconf 86' lang='lat' dir='ltr'>gentis</span> <span class='ocrx_word' id='word_1_207' title='bbox 1865 1360 1978 1411; x_wconf 84' lang='lat' dir='ltr'>Ale·</span> <span class='ocrx_word' id='word_1_208' title='bbox 2030 1351 2052 1366; x_wconf 45' lang='lat'>‘⁸</span> 
     </span>
     <span class='ocr_line' id='line_1_21' title="bbox 202 1418 2051 1475; baseline 0.006 -12"><span class='ocrx_word' id='word_1_209' title='bbox 202 1418 393 1464; x_wconf 77' lang='lat' dir='ltr'>xandro.</span> <span class='ocrx_word' id='word_1_210' title='bbox 441 1418 665 1464; x_wconf 82' lang='lat' dir='ltr'>Haiorum</span> <span class='ocrx_word' id='word_1_211' title='bbox 691 1434 859 1465; x_wconf 88' lang='lat' dir='ltr'>nomen</span> <span class='ocrx_word' id='word_1_212' title='bbox 876 1419 933 1466; x_wconf 87' lang='lat' dir='ltr'>ad</span> <span class='ocrx_word' id='word_1_213' title='bbox 952 1418 1187 1467; x_wconf 88' lang='lat' dir='ltr'>interitum</span> <span class='ocrx_word' id='word_1_214' title='bbox 1208 1420 1353 1467; x_wconf 79' lang='lat' dir='ltr'>fuiss&#39;et</span> <span class='ocrx_word' id='word_1_215' title='bbox 1375 1421 1597 1475; x_wconf 87' lang='lat' dir='ltr'>deletum,</span> <span class='ocrx_word' id='word_1_216' title='bbox 1615 1421 1696 1469; x_wconf 80' lang='lat' dir='ltr'>nisi</span> <span class='ocrx_word' id='word_1_217' title='bbox 1711 1423 1981 1473; x_wconf 75' lang='lat' dir='ltr'>Gulielmus</span> <span class='ocrx_word' id='word_1_218' title='bbox 2040 1441 2051 1475; x_wconf 84' lang='lat'>¹.</span> 
     </span>
     <span class='ocr_line' id='line_1_22' title="bbox 199 1479 1977 1547; baseline 0.006 -21"><span class='ocrx_word' id='word_1_219' title='bbox 199 1480 389 1528; x_wconf 74' lang='lat' dir='ltr'>familiae</span> <span class='ocrx_word' id='word_1_220' title='bbox 406 1479 761 1544; x_wconf 84' lang='lat' dir='ltr'>princepsdomi</span> <span class='ocrx_word' id='word_1_221' title='bbox 780 1484 1016 1545; x_wconf 86' lang='lat' dir='ltr'>gravidam</span> <span class='ocrx_word' id='word_1_222' title='bbox 1039 1483 1289 1547; x_wconf 69' lang='lat' dir='ltr'>reliquisset</span> <span class='ocrx_word' id='word_1_223' title='bbox 1311 1501 1513 1534; x_wconf 88' lang='lat' dir='ltr'>uxorem.</span> <span class='ocrx_word' id='word_1_224' title='bbox 1534 1486 1977 1547; x_wconf 83' lang='lat' dir='ltr'>(1)PraetereaTho-</span> 
     </span>
     <span class='ocr_line' id='line_1_23' title="bbox 199 1546 2055 1606; baseline 0.004 -15"><span class='ocrx_word' id='word_1_225' title='bbox 199 1561 298 1592; x_wconf 85' lang='lat' dir='ltr'>mas</span> <span class='ocrx_word' id='word_1_226' title='bbox 316 1546 599 1597; x_wconf 79' lang='lat' dir='ltr'>Randolfus.</span> <span class='ocrx_word' id='word_1_227' title='bbox 624 1549 696 1606; x_wconf 86' lang='lat'>(2)</span> <span class='ocrx_word' id='word_1_228' title='bbox 717 1547 947 1594; x_wconf 85' lang='lat' dir='ltr'>Robertus</span> <span class='ocrx_word' id='word_1_229' title='bbox 971 1548 1184 1602; x_wconf 85' lang='lat' dir='ltr'>Bruffius,</span> <span class='ocrx_word' id='word_1_230' title='bbox 1207 1554 1248 1596; x_wconf 68' lang='lat' dir='ltr'>Sc</span> <span class='ocrx_word' id='word_1_231' title='bbox 1272 1549 1522 1597; x_wconf 89' lang='lat' dir='ltr'>Mordacus</span> <span class='ocrx_word' id='word_1_232' title='bbox 1545 1550 1755 1602; x_wconf 83' lang='lat' dir='ltr'>Taichiae</span> <span class='ocrx_word' id='word_1_233' title='bbox 1787 1552 1973 1600; x_wconf 86' lang='lat' dir='ltr'>Comes.</span> <span class='ocrx_word' id='word_1_234' title='bbox 2049 1564 2055 1590; x_wconf 70' lang='lat'><strong>¹</strong></span> 
     </span>
     <span class='ocr_line' id='line_1_24' title="bbox 200 1608 1975 1673; baseline 0.004 -17"><span class='ocrx_word' id='word_1_235' title='bbox 200 1608 466 1656; x_wconf 87' lang='lat' dir='ltr'>Gulielmus</span> <span class='ocrx_word' id='word_1_236' title='bbox 485 1609 714 1656; x_wconf 84' lang='lat' dir='ltr'>Sinclarus</span> <span class='ocrx_word' id='word_1_237' title='bbox 739 1610 1099 1658; x_wconf 84' lang='lat' dir='ltr'>Caledoniorum</span> <span class='ocrx_word' id='word_1_238' title='bbox 1124 1612 1393 1673; x_wconf 85' lang='lat' dir='ltr'>Episcopus,</span> <span class='ocrx_word' id='word_1_239' title='bbox 1417 1619 1457 1658; x_wconf 75' lang='grc' dir='ltr'>δι</span> <span class='ocrx_word' id='word_1_240' title='bbox 1481 1613 1735 1660; x_wconf 82' lang='lat' dir='ltr'>Duncanus</span> <span class='ocrx_word' id='word_1_241' title='bbox 1757 1615 1975 1665; x_wconf 85' lang='lat' dir='ltr'>Macduf—</span> 
     </span>
     <span class='ocr_line' id='line_1_25' title="bbox 197 1672 1976 1738; baseline 0.005 -19"><span class='ocrx_word' id='word_1_242' title='bbox 197 1673 272 1719; x_wconf 80' lang='lat' dir='ltr'>fus</span> <span class='ocrx_word' id='word_1_243' title='bbox 295 1672 480 1720; x_wconf 77' lang='lat' dir='ltr'>Fifensxs</span> <span class='ocrx_word' id='word_1_244' title='bbox 504 1675 675 1719; x_wconf 88' lang='lat' dir='ltr'>Comes</span> <span class='ocrx_word' id='word_1_245' title='bbox 697 1675 819 1734; x_wconf 85' lang='lat' dir='ltr'>apud</span> <span class='ocrx_word' id='word_1_246' title='bbox 849 1675 1022 1722; x_wconf 88' lang='lat' dir='ltr'>hostem</span> <span class='ocrx_word' id='word_1_247' title='bbox 1041 1676 1214 1738; x_wconf 79' lang='lat' dir='ltr'>captivi</span> <span class='ocrx_word' id='word_1_248' title='bbox 1235 1676 1370 1723; x_wconf 87' lang='lat' dir='ltr'>rebus</span> <span class='ocrx_word' id='word_1_249' title='bbox 1387 1675 1634 1738; x_wconf 86' lang='lat' dir='ltr'>desperatis</span> <span class='ocrx_word' id='word_1_250' title='bbox 1653 1677 1703 1725; x_wconf 91' lang='lat' dir='ltr'>in</span> <span class='ocrx_word' id='word_1_251' title='bbox 1724 1677 1821 1738; x_wconf 82' lang='lat' dir='ltr'>ejus</span> <span class='ocrx_word' id='word_1_252' title='bbox 1839 1679 1976 1728; x_wconf 86' lang='lat' dir='ltr'>verba</span> 
     </span>
     <span class='ocr_line' id='line_1_26' title="bbox 194 1736 648 1798; baseline 0 -14"><span class='ocrx_word' id='word_1_253' title='bbox 194 1737 348 1798; x_wconf 83' lang='lat' dir='ltr'>jurare</span> <span class='ocrx_word' id='word_1_254' title='bbox 368 1736 469 1784; x_wconf 87' lang='lat' dir='ltr'>sunt</span> <span class='ocrx_word' id='word_1_255' title='bbox 485 1736 648 1785; x_wconf 71' lang='lat' dir='ltr'>coaffl-</span> 
     </span>
    </p>
   </div>
   <div class='ocr_carea' id='block_1_3' title="bbox 871 1804 1283 1853">
    <p class='ocr_par' dir='ltr' id='par_1_4' title="bbox 871 1804 1283 1853">
     <span class='ocr_line' id='line_1_27' title="bbox 871 1804 1283 1853; baseline 0.005 -3"><span class='ocrx_word' id='word_1_256' title='bbox 871 1804 1047 1851; x_wconf 89' lang='lat' dir='ltr'><strong>XCIX.</strong></span> <span class='ocrx_word' id='word_1_257' title='bbox 1099 1805 1140 1853; x_wconf 90' lang='lat' dir='ltr'>R</span> <span class='ocrx_word' id='word_1_258' title='bbox 1164 1805 1201 1852; x_wconf 87' lang='lat' dir='ltr'>E</span> <span class='ocrx_word' id='word_1_259' title='bbox 1225 1805 1283 1852; x_wconf 93' lang='lat' dir='ltr'>X.</span> 
     </span>
    </p>
   </div>
   <div class='ocr_carea' id='block_1_4' title="bbox 193 1776 2055 2910">
    <p class='ocr_par' dir='ltr' id='par_1_5' title="bbox 193 1776 2055 2910">
     <span class='ocr_line' id='line_1_28' title="bbox 2038 1776 2051 1809; baseline 0 -12"><span class='ocrx_word' id='word_1_260' title='bbox 2038 1776 2051 1809; x_wconf 59' lang='grc' dir='ltr'>,ι</span> 
     </span>
     <span class='ocr_line' id='line_1_29' title="bbox 2041 1821 2055 1867; baseline 0 0"><span class='ocrx_word' id='word_1_261' title='bbox 2041 1821 2055 1867; x_wconf 79' lang='lat'>².</span> 
     </span>
     <span class='ocr_line' id='line_1_30' title="bbox 261 1876 2054 1944; baseline 0.004 -15"><span class='ocrx_word' id='word_1_262' title='bbox 261 1879 400 1930; x_wconf 86' lang='lat' dir='ltr'><strong>VIII.</strong></span> <span class='ocrx_word' id='word_1_263' title='bbox 418 1882 662 1930; x_wconf 87' lang='lat' dir='ltr'>IGITUR</span> <span class='ocrx_word' id='word_1_264' title='bbox 687 1884 907 1931; x_wconf 89' lang='lat' dir='ltr'>Balliolus</span> <span class='ocrx_word' id='word_1_265' title='bbox 931 1882 1137 1944; x_wconf 66' lang='lat' dir='ltr'>praesenti</span> <span class='ocrx_word' id='word_1_266' title='bbox 1162 1883 1358 1931; x_wconf 85' lang='lat' dir='ltr'>sortunae</span> <span class='ocrx_word' id='word_1_267' title='bbox 1378 1884 1479 1931; x_wconf 84' lang='lat' dir='ltr'>satis</span> <span class='ocrx_word' id='word_1_268' title='bbox 1501 1885 1692 1933; x_wconf 81' lang='lat' dir='ltr'>confisus</span> <span class='ocrx_word' id='word_1_269' title='bbox 1715 1887 1975 1937; x_wconf 84' lang='lat' dir='ltr'>adSconam</span> <span class='ocrx_word' id='word_1_270' title='bbox 2022 1876 2054 1939; x_wconf 62' lang='lat'>:¹⁴</span> 
     </span>
     <span class='ocr_line' id='line_1_31' title="bbox 235 1925 2055 2013; baseline 0.003 -19"><span class='ocrx_word' id='word_1_271' title='bbox 235 1946 511 2009; x_wconf 85' lang='lat' dir='ltr'>ropinquurn</span> <span class='ocrx_word' id='word_1_272' title='bbox 535 1948 798 1998; x_wconf 84' lang='lat' dir='ltr'>coenobium</span> <span class='ocrx_word' id='word_1_273' title='bbox 827 1947 1055 2011; x_wconf 65' lang='lat' dir='ltr'>profectus</span> <span class='ocrx_word' id='word_1_274' title='bbox 1086 1964 1280 2011; x_wconf 88' lang='lat' dir='ltr'>regnum</span> <span class='ocrx_word' id='word_1_275' title='bbox 1298 1947 1415 2003; x_wconf 78' lang='lat' dir='ltr'>iniit,</span> <span class='ocrx_word' id='word_1_276' title='bbox 1441 1965 1561 1996; x_wconf 89' lang='lat' dir='ltr'>anno</span> <span class='ocrx_word' id='word_1_277' title='bbox 1585 1965 1721 2013; x_wconf 86' lang='lat'>1332,</span> <span class='ocrx_word' id='word_1_278' title='bbox 1747 1952 1803 1998; x_wconf 85' lang='lat' dir='ltr'>ad</span> <span class='ocrx_word' id='word_1_279' title='bbox 1829 1953 1975 1999; x_wconf 69' lang='lat' dir='ltr'>an·</span> <span class='ocrx_word' id='word_1_280' title='bbox 2007 1925 2055 1980; x_wconf 50' lang='grc' dir='ltr'>ἰ</span> 
     </span>
     <span class='ocr_line' id='line_1_32' title="bbox 198 1965 1974 2078; baseline 0.004 -20"><span class='ocrx_word' id='word_1_281' title='bbox 198 1965 293 2059; x_wconf 53' lang='lat' dir='ltr'>{ris</span> <span class='ocrx_word' id='word_1_282' title='bbox 318 2011 543 2057; x_wconf 83' lang='lat' dir='ltr'>Calendas</span> <span class='ocrx_word' id='word_1_283' title='bbox 567 2011 826 2074; x_wconf 83' lang='lat' dir='ltr'>septimum.</span> <span class='ocrx_word' id='word_1_284' title='bbox 893 2013 1000 2059; x_wconf 88' lang='lat' dir='ltr'>Hoc</span> <span class='ocrx_word' id='word_1_285' title='bbox 1023 2013 1210 2059; x_wconf 87' lang='lat' dir='ltr'>vulnere</span> <span class='ocrx_word' id='word_1_286' title='bbox 1232 2013 1440 2074; x_wconf 84' lang='lat' dir='ltr'>potentia</span> <span class='ocrx_word' id='word_1_287' title='bbox 1471 2013 1668 2060; x_wconf 84' lang='lat' dir='ltr'>Davidis</span> <span class='ocrx_word' id='word_1_288' title='bbox 1698 2015 1871 2070; x_wconf 83' lang='lat' dir='ltr'>Bruffii,</span> <span class='ocrx_word' id='word_1_289' title='bbox 1893 2017 1974 2078; x_wconf 70' lang='lat' dir='ltr'>etfi</span> 
     </span>
     <span class='ocr_line' id='line_1_33' title="bbox 196 2074 2013 2138; baseline 0.006 -18"><span class='ocrx_word' id='word_1_290' title='bbox 196 2077 334 2122; x_wconf 80' lang='lat' dir='ltr'>valde</span> <span class='ocrx_word' id='word_1_291' title='bbox 353 2074 622 2122; x_wconf 58' lang='lat' dir='ltr'>labefactata</span> <span class='ocrx_word' id='word_1_292' title='bbox 645 2075 750 2130; x_wconf 87' lang='lat' dir='ltr'>suit,</span> <span class='ocrx_word' id='word_1_293' title='bbox 772 2089 923 2123; x_wconf 84' lang='lat' dir='ltr'>tamen</span> <span class='ocrx_word' id='word_1_294' title='bbox 946 2076 1082 2122; x_wconf 87' lang='lat' dir='ltr'>amici</span> <span class='ocrx_word' id='word_1_295' title='bbox 1103 2077 1201 2138; x_wconf 89' lang='lat' dir='ltr'>ejus</span> <span class='ocrx_word' id='word_1_296' title='bbox 1224 2077 1358 2123; x_wconf 87' lang='lat' dir='ltr'>rebus</span> <span class='ocrx_word' id='word_1_297' title='bbox 1389 2077 1583 2125; x_wconf 86' lang='lat' dir='ltr'>adverfis</span> <span class='ocrx_word' id='word_1_298' title='bbox 1615 2077 1806 2126; x_wconf 72' lang='lat' dir='ltr'>minime</span> <span class='ocrx_word' id='word_1_299' title='bbox 1843 2080 1990 2131; x_wconf 71' lang='lat' dir='ltr'>fraffi.</span> <span class='ocrx_word' id='word_1_300' title='bbox 2009 2074 2013 2086; x_wconf 81' lang='grc'>’</span> 
     </span>
     <span class='ocr_line' id='line_1_34' title="bbox 197 2139 1971 2204; baseline 0.003 -17"><span class='ocrx_word' id='word_1_301' title='bbox 197 2141 378 2203; x_wconf 87' lang='lat' dir='ltr'>Regem</span> <span class='ocrx_word' id='word_1_302' title='bbox 401 2141 608 2187; x_wconf 79' lang='lat' dir='ltr'>nondum</span> <span class='ocrx_word' id='word_1_303' title='bbox 630 2139 761 2204; x_wconf 88' lang='lat' dir='ltr'>regni</span> <span class='ocrx_word' id='word_1_304' title='bbox 796 2154 1049 2203; x_wconf 88' lang='lat' dir='ltr'>potentem,</span> <span class='ocrx_word' id='word_1_305' title='bbox 1076 2152 1124 2188; x_wconf 89' lang='lat' dir='ltr'>ut</span> <span class='ocrx_word' id='word_1_306' title='bbox 1154 2152 1284 2187; x_wconf 85' lang='lat' dir='ltr'>extra</span> <span class='ocrx_word' id='word_1_307' title='bbox 1312 2141 1568 2203; x_wconf 89' lang='lat' dir='ltr'>periculum</span> <span class='ocrx_word' id='word_1_308' title='bbox 1596 2157 1824 2191; x_wconf 83' lang='lat' dir='ltr'>armorum</span> <span class='ocrx_word' id='word_1_309' title='bbox 1847 2144 1971 2199; x_wconf 81' lang='lat' dir='ltr'>effet&#39;,</span> 
     </span>
     <span class='ocr_line' id='line_1_35' title="bbox 202 2203 1980 2268; baseline 0.003 -17"><span class='ocrx_word' id='word_1_310' title='bbox 202 2203 292 2251; x_wconf 63' lang='lat' dir='ltr'>unx}</span> <span class='ocrx_word' id='word_1_311' title='bbox 316 2220 418 2250; x_wconf 89' lang='lat' dir='ltr'>cum</span> <span class='ocrx_word' id='word_1_312' title='bbox 442 2219 582 2251; x_wconf 85' lang='lat' dir='ltr'>uxore</span> <span class='ocrx_word' id='word_1_313' title='bbox 613 2205 671 2251; x_wconf 87' lang='lat' dir='ltr'>ad</span> <span class='ocrx_word' id='word_1_314' title='bbox 697 2204 895 2252; x_wconf 88' lang='lat' dir='ltr'>amicum</span> <span class='ocrx_word' id='word_1_315' title='bbox 929 2217 1170 2267; x_wconf 89' lang='lat' dir='ltr'>paternum</span> <span class='ocrx_word' id='word_1_316' title='bbox 1201 2204 1468 2268; x_wconf 88' lang='lat' dir='ltr'>Philippum</span> <span class='ocrx_word' id='word_1_317' title='bbox 1500 2207 1678 2268; x_wconf 87' lang='lat' dir='ltr'>Regem</span> <span class='ocrx_word' id='word_1_318' title='bbox 1710 2205 1980 2257; x_wconf 83' lang='lat' dir='ltr'>Galliarum·</span> 
     </span>
     <span class='ocr_line' id='line_1_36' title="bbox 196 2268 2021 2332; baseline 0.003 -16"><span class='ocrx_word' id='word_1_319' title='bbox 196 2268 417 2316; x_wconf 80' lang='lat' dir='ltr'>mittunt:</span> <span class='ocrx_word' id='word_1_320' title='bbox 435 2268 517 2330; x_wconf 79' lang='lat' dir='ltr'>ipsi</span> <span class='ocrx_word' id='word_1_321' title='bbox 540 2268 599 2314; x_wconf 87' lang='lat' dir='ltr'>ad</span> <span class='ocrx_word' id='word_1_322' title='bbox 620 2285 779 2316; x_wconf 88' lang='lat' dir='ltr'>omnes</span> <span class='ocrx_word' id='word_1_323' title='bbox 792 2269 916 2316; x_wconf 85' lang='lat' dir='ltr'>casus</span> <span class='ocrx_word' id='word_1_324' title='bbox 935 2269 978 2316; x_wconf 91' lang='lat' dir='ltr'>se</span> <span class='ocrx_word' id='word_1_325' title='bbox 996 2281 1277 2332; x_wconf 86' lang='lat' dir='ltr'>comparant.</span> <span class='ocrx_word' id='word_1_326' title='bbox 1297 2269 1409 2316; x_wconf 87' lang='lat' dir='ltr'>certi</span> <span class='ocrx_word' id='word_1_327' title='bbox 1429 2272 1504 2317; x_wconf 93' lang='lat' dir='ltr'>vel</span> <span class='ocrx_word' id='word_1_328' title='bbox 1519 2281 1667 2317; x_wconf 89' lang='lat' dir='ltr'>morte</span> <span class='ocrx_word' id='word_1_329' title='bbox 1686 2271 1870 2319; x_wconf 84' lang='lat' dir='ltr'>honesta</span> <span class='ocrx_word' id='word_1_330' title='bbox 1884 2273 1968 2321; x_wconf 76' lang='lat' dir='ltr'>de-</span> <span class='ocrx_word' id='word_1_331' title='bbox 2012 2268 2021 2279; x_wconf 79' lang='grc'><em>’</em></span> 
     </span>
     <span class='ocr_line' id='line_1_37' title="bbox 195 2331 2023 2396; baseline 0.003 -17"><span class='ocrx_word' id='word_1_332' title='bbox 195 2332 349 2395; x_wconf 83' lang='lat' dir='ltr'>fungi,</span> <span class='ocrx_word' id='word_1_333' title='bbox 371 2331 445 2378; x_wconf 87' lang='lat' dir='ltr'>vel</span> <span class='ocrx_word' id='word_1_334' title='bbox 464 2333 659 2394; x_wconf 84' lang='lat' dir='ltr'>patriam</span> <span class='ocrx_word' id='word_1_335' title='bbox 682 2333 731 2380; x_wconf 90' lang='lat' dir='ltr'>in</span> <span class='ocrx_word' id='word_1_336' title='bbox 754 2333 995 2396; x_wconf 89' lang='lat' dir='ltr'>antiquum</span> <span class='ocrx_word' id='word_1_337' title='bbox 1018 2334 1180 2381; x_wconf 88' lang='lat' dir='ltr'>statum</span> <span class='ocrx_word' id='word_1_338' title='bbox 1213 2332 1456 2380; x_wconf 86' lang='lat' dir='ltr'>restituere.</span> <span class='ocrx_word' id='word_1_339' title='bbox 1524 2333 1731 2382; x_wconf 85' lang='lat' dir='ltr'>Primum</span> <span class='ocrx_word' id='word_1_340' title='bbox 1759 2335 1976 2384; x_wconf 80' lang='lat' dir='ltr'>omnium</span> <span class='ocrx_word' id='word_1_341' title='bbox 2019 2342 2023 2352; x_wconf 81' lang='grc'><em>’</em></span> 
     </span>
     <span class='ocr_line' id='line_1_38' title="bbox 193 2396 2006 2463; baseline 0.002 -19"><span class='ocrx_word' id='word_1_342' title='bbox 193 2396 423 2444; x_wconf 84' lang='lat' dir='ltr'>inlocum</span> <span class='ocrx_word' id='word_1_343' title='bbox 459 2398 531 2460; x_wconf 86' lang='lat'>(3)</span> <span class='ocrx_word' id='word_1_344' title='bbox 564 2397 782 2445; x_wconf 83' lang='lat' dir='ltr'>Duncani</span> <span class='ocrx_word' id='word_1_345' title='bbox 811 2397 1020 2461; x_wconf 76' lang='lat' dir='ltr'>Protegis</span> <span class='ocrx_word' id='word_1_346' title='bbox 1044 2398 1115 2460; x_wconf 90' lang='lat'>(4)</span> <span class='ocrx_word' id='word_1_347' title='bbox 1139 2397 1371 2444; x_wconf 81' lang='lat' dir='ltr'>Andream</span> <span class='ocrx_word' id='word_1_348' title='bbox 1407 2397 1671 2446; x_wconf 87' lang='lat' dir='ltr'>Moravium</span> <span class='ocrx_word' id='word_1_349' title='bbox 1693 2415 1751 2446; x_wconf 84' lang='lat' dir='ltr'>ex</span> <span class='ocrx_word' id='word_1_350' title='bbox 1778 2399 1975 2448; x_wconf 79' lang='lat' dir='ltr'>Roberti</span> <span class='ocrx_word' id='word_1_351' title='bbox 2003 2458 2006 2463; x_wconf 19' lang='grc' dir='ltr'>ι</span> 
     </span>
     <span class='ocr_line' id='line_1_39' title="bbox 193 2458 2007 2526; baseline 0.003 -17"><span class='ocrx_word' id='word_1_352' title='bbox 193 2460 354 2509; x_wconf 86' lang='lat' dir='ltr'>Brussii</span> <span class='ocrx_word' id='word_1_353' title='bbox 382 2460 530 2508; x_wconf 84' lang='lat' dir='ltr'>sorore</span> <span class='ocrx_word' id='word_1_354' title='bbox 549 2458 760 2526; x_wconf 84' lang='lat' dir='ltr'>genitum</span> <span class='ocrx_word' id='word_1_355' title='bbox 791 2460 942 2509; x_wconf 89' lang='lat' dir='ltr'>virum</span> <span class='ocrx_word' id='word_1_356' title='bbox 964 2461 1180 2508; x_wconf 76' lang='lat' dir='ltr'>illustrem</span> <span class='ocrx_word' id='word_1_357' title='bbox 1213 2461 1486 2509; x_wconf 83' lang='lat' dir='ltr'>substituunt</span> <span class='ocrx_word' id='word_1_358' title='bbox 1511 2480 1522 2508; x_wconf 77' lang='grc' dir='ltr'>ε</span> <span class='ocrx_word' id='word_1_359' title='bbox 1547 2461 1714 2510; x_wconf 89' lang='lat' dir='ltr'>deinde</span> <span class='ocrx_word' id='word_1_360' title='bbox 1742 2462 1790 2511; x_wconf 89' lang='lat' dir='ltr'>in</span> <span class='ocrx_word' id='word_1_361' title='bbox 1811 2479 1973 2515; x_wconf 67' lang='lat' dir='ltr'>omnes</span> <span class='ocrx_word' id='word_1_362' title='bbox 1999 2481 2007 2488; x_wconf 72' lang='grc'><em>’</em></span> 
     </span>
     <span class='ocr_line' id='line_1_40' title="bbox 193 2523 2006 2591; baseline 0.003 -20"><span class='ocrx_word' id='word_1_363' title='bbox 193 2535 347 2589; x_wconf 86' lang='lat' dir='ltr'>partes</span> <span class='ocrx_word' id='word_1_364' title='bbox 370 2523 561 2572; x_wconf 82' lang='lat' dir='ltr'>nuncios</span> <span class='ocrx_word' id='word_1_365' title='bbox 591 2524 799 2579; x_wconf 87' lang='lat' dir='ltr'>mittunt,</span> <span class='ocrx_word' id='word_1_366' title='bbox 815 2526 982 2589; x_wconf 86' lang='lat' dir='ltr'>partim</span> <span class='ocrx_word' id='word_1_367' title='bbox 1007 2534 1056 2573; x_wconf 87' lang='lat' dir='ltr'>ut</span> <span class='ocrx_word' id='word_1_368' title='bbox 1088 2539 1262 2573; x_wconf 82' lang='lat' dir='ltr'>veteres</span> <span class='ocrx_word' id='word_1_369' title='bbox 1292 2525 1464 2573; x_wconf 88' lang='lat' dir='ltr'>amicos</span> <span class='ocrx_word' id='word_1_370' title='bbox 1496 2526 1784 2582; x_wconf 83' lang='lat' dir='ltr'>confirment,</span> <span class='ocrx_word' id='word_1_371' title='bbox 1805 2528 1973 2591; x_wconf 82' lang='lat' dir='ltr'>partim</span> <span class='ocrx_word' id='word_1_372' title='bbox 2003 2552 2006 2561; x_wconf 89' lang='lat'>·</span> 
     </span>
     <span class='ocr_line' id='line_1_41' title="bbox 194 2587 1971 2652; baseline 0.003 -15"><span class='ocrx_word' id='word_1_373' title='bbox 194 2601 249 2637; x_wconf 83' lang='lat' dir='ltr'>ut</span> <span class='ocrx_word' id='word_1_374' title='bbox 279 2587 504 2652; x_wconf 86' lang='lat' dir='ltr'>segniores</span> <span class='ocrx_word' id='word_1_375' title='bbox 537 2588 586 2636; x_wconf 89' lang='lat' dir='ltr'>in</span> <span class='ocrx_word' id='word_1_376' title='bbox 608 2589 833 2636; x_wconf 86' lang='lat' dir='ltr'>ultionem</span> <span class='ocrx_word' id='word_1_377' title='bbox 866 2588 1134 2651; x_wconf 86' lang='lat' dir='ltr'>injuriarum</span> <span class='ocrx_word' id='word_1_378' title='bbox 1157 2590 1436 2637; x_wconf 71' lang='lat' dir='ltr'>accendant.</span> <span class='ocrx_word' id='word_1_379' title='bbox 1504 2589 1646 2638; x_wconf 88' lang='lat' dir='ltr'>Primi</span> <span class='ocrx_word' id='word_1_380' title='bbox 1672 2591 1880 2639; x_wconf 78' lang='lat' dir='ltr'>omnium</span> <span class='ocrx_word' id='word_1_381' title='bbox 1909 2592 1971 2642; x_wconf 75' lang='lat' dir='ltr'>ad</span> 
     </span>
     <span class='ocr_line' id='line_1_42' title="bbox 194 2652 1970 2720; baseline 0.002 -20"><span class='ocrx_word' id='word_1_382' title='bbox 194 2667 310 2716; x_wconf 84' lang='lat' dir='ltr'>quos</span> <span class='ocrx_word' id='word_1_383' title='bbox 332 2652 654 2700; x_wconf 84' lang='lat' dir='ltr'>recentiffimus</span> <span class='ocrx_word' id='word_1_384' title='bbox 675 2653 810 2700; x_wconf 90' lang='lat' dir='ltr'>dolor</span> <span class='ocrx_word' id='word_1_385' title='bbox 825 2652 1083 2715; x_wconf 88' lang='lat' dir='ltr'>pertinebat</span> <span class='ocrx_word' id='word_1_386' title='bbox 1101 2652 1381 2715; x_wconf 83' lang='lat' dir='ltr'>parentibus,</span> <span class='ocrx_word' id='word_1_387' title='bbox 1401 2657 1452 2705; x_wconf 68' lang='grc' dir='ltr'>ὃς</span> <span class='ocrx_word' id='word_1_388' title='bbox 1471 2652 1741 2717; x_wconf 85' lang='lat' dir='ltr'>propinquis</span> <span class='ocrx_word' id='word_1_389' title='bbox 1759 2655 1815 2702; x_wconf 87' lang='lat' dir='ltr'>ad</span> <span class='ocrx_word' id='word_1_390' title='bbox 1834 2656 1970 2720; x_wconf 84' lang='lat' dir='ltr'>Dup-</span> 
     </span>
     <span class='ocr_line' id='line_1_43' title="bbox 193 2716 1978 2780; baseline 0.003 -17"><span class='ocrx_word' id='word_1_391' title='bbox 193 2717 343 2765; x_wconf 87' lang='lat' dir='ltr'>linum</span> <span class='ocrx_word' id='word_1_392' title='bbox 365 2716 486 2763; x_wconf 80' lang='lat' dir='ltr'>caefis</span> <span class='ocrx_word' id='word_1_393' title='bbox 500 2732 627 2763; x_wconf 85' lang='lat' dir='ltr'>arma</span> <span class='ocrx_word' id='word_1_394' title='bbox 642 2716 943 2780; x_wconf 86' lang='lat' dir='ltr'>sumpserunt,</span> <span class='ocrx_word' id='word_1_395' title='bbox 962 2717 1189 2764; x_wconf 87' lang='lat' dir='ltr'>Robertus</span> <span class='ocrx_word' id='word_1_396' title='bbox 1208 2717 1408 2773; x_wconf 87' lang='lat' dir='ltr'>Kethus,</span> <span class='ocrx_word' id='word_1_397' title='bbox 1430 2722 1481 2767; x_wconf 89' lang='lat'>&amp;</span> <span class='ocrx_word' id='word_1_398' title='bbox 1503 2718 1716 2773; x_wconf 84' lang='lat' dir='ltr'>Iacobus,</span> <span class='ocrx_word' id='word_1_399' title='bbox 1736 2723 1786 2768; x_wconf 68' lang='grc' dir='ltr'>ὅ(</span> <span class='ocrx_word' id='word_1_400' title='bbox 1806 2720 1978 2769; x_wconf 68' lang='lat' dir='ltr'>Simon⁴</span> 
     </span>
     <span class='ocr_line' id='line_1_44' title="bbox 194 2779 1965 2843; baseline 0.002 -15"><span class='ocrx_word' id='word_1_401' title='bbox 194 2782 230 2828; x_wconf 90' lang='lat' dir='ltr'>F</span> <span class='ocrx_word' id='word_1_402' title='bbox 233 2779 436 2835; x_wconf 64' lang='lat' dir='ltr'>triferius,</span> <span class='ocrx_word' id='word_1_403' title='bbox 448 2795 501 2826; x_wconf 91' lang='lat' dir='ltr'>ac</span> <span class='ocrx_word' id='word_1_404' title='bbox 518 2779 544 2826; x_wconf 95' lang='lat' dir='ltr'>s</span> <span class='ocrx_word' id='word_1_405' title='bbox 539 2781 599 2827; x_wconf 90' lang='lat' dir='ltr'>ub</span> <span class='ocrx_word' id='word_1_406' title='bbox 610 2779 938 2843; x_wconf 69' lang='lat' dir='ltr'>aequinoftium</span> <span class='ocrx_word' id='word_1_407' title='bbox 955 2782 1218 2828; x_wconf 86' lang='lat' dir='ltr'>autumnale</span> <span class='ocrx_word' id='word_1_408' title='bbox 1234 2782 1449 2827; x_wconf 72' lang='lat' dir='ltr'>Pei-thum</span> <span class='ocrx_word' id='word_1_409' title='bbox 1467 2781 1704 2829; x_wconf 77' lang='lat' dir='ltr'>obsidione</span> <span class='ocrx_word' id='word_1_410' title='bbox 1714 2782 1935 2831; x_wconf 84' lang='lat' dir='ltr'>claudunt</span> <span class='ocrx_word' id='word_1_411' title='bbox 1947 2801 1965 2832; x_wconf 74' lang='lat' dir='ltr'>t</span> 
     </span>
     <span class='ocr_line' id='line_1_45' title="bbox 196 2843 1983 2910; baseline 0.004 -20"><span class='ocrx_word' id='word_1_412' title='bbox 196 2849 246 2896; x_wconf 69' lang='grc' dir='ltr'>δι</span> <span class='ocrx_word' id='word_1_413' title='bbox 269 2859 376 2892; x_wconf 88' lang='lat' dir='ltr'>cum</span> <span class='ocrx_word' id='word_1_414' title='bbox 394 2844 685 2908; x_wconf 88' lang='lat' dir='ltr'>oppugnatio</span> <span class='ocrx_word' id='word_1_415' title='bbox 712 2843 886 2891; x_wconf 87' lang='lat' dir='ltr'>diutius</span> <span class='ocrx_word' id='word_1_416' title='bbox 908 2861 961 2891; x_wconf 89' lang='lat' dir='ltr'>ac</span> <span class='ocrx_word' id='word_1_417' title='bbox 990 2844 1277 2907; x_wconf 86' lang='lat' dir='ltr'>speraverant</span> <span class='ocrx_word' id='word_1_418' title='bbox 1309 2861 1386 2892; x_wconf 85' lang='lat' dir='ltr'>eos</span> <span class='ocrx_word' id='word_1_419' title='bbox 1410 2844 1633 2898; x_wconf 73' lang='lat' dir='ltr'>tenuisset,</span> <span class='ocrx_word' id='word_1_420' title='bbox 1662 2845 1761 2910; x_wconf 79' lang='lat' dir='ltr'>post</span> <span class='ocrx_word' id='word_1_421' title='bbox 1785 2846 1983 2896; x_wconf 64' lang='lat' dir='ltr'>tertium</span> 
     </span>
    </p>
   </div>
   <div class='ocr_carea' id='block_1_5' title="bbox 1969 1978 2055 3828">
    <p class='ocr_par' dir='ltr' id='par_1_6' title="bbox 1969 1978 2055 3828">
     <span class='ocr_line' id='line_1_46' title="bbox 2018 1978 2055 2111; baseline 0 1717"><span class='ocrx_word' id='word_1_422' title='bbox 2018 1978 2055 2111; x_wconf 95' lang='lat' dir='ltr'> </span> 
     </span>
     <span class='ocr_line' id='line_1_47' title="bbox 2016 2111 2055 2170; baseline 0 1658"><span class='ocrx_word' id='word_1_423' title='bbox 2016 2111 2055 2170; x_wconf 95' lang='lat' dir='ltr'> </span> 
     </span>
     <span class='ocr_line' id='line_1_48' title="bbox 2008 2170 2055 2251; baseline 0 1577"><span class='ocrx_word' id='word_1_424' title='bbox 2008 2170 2055 2251; x_wconf 95' lang='lat' dir='ltr'> </span> 
     </span>
     <span class='ocr_line' id='line_1_49' title="bbox 1996 2251 2055 2495; baseline 0 -68"><span class='ocrx_word' id='word_1_425' title='bbox 1996 2251 2055 2495; x_wconf 95' lang='lat' dir='ltr'>   </span> 
     </span>
     <span class='ocr_line' id='line_1_50' title="bbox 1988 2495 2055 2668; baseline 0 -109"><span class='ocrx_word' id='word_1_426' title='bbox 1988 2495 2055 2668; x_wconf 95' lang='lat' dir='ltr'>   </span> 
     </span>
     <span class='ocr_line' id='line_1_51' title="bbox 1988 2668 2055 2812; baseline 0 0"><span class='ocrx_word' id='word_1_427' title='bbox 1988 2668 2055 2812; x_wconf 95' lang='lat' dir='ltr'>  </span> 
     </span>
     <span class='ocr_line' id='line_1_52' title="bbox 1986 2812 2055 3100; baseline 0 -65"><span class='ocrx_word' id='word_1_428' title='bbox 1986 2812 2055 3100; x_wconf 95' lang='lat' dir='ltr'>     </span> 
     </span>
     <span class='ocr_line' id='line_1_53' title="bbox 1969 3100 2055 3828; baseline 0 -466"><span class='ocrx_word' id='word_1_429' title='bbox 1969 3100 2055 3828; x_wconf 95' lang='lat' dir='ltr'>      </span> 
     </span>
    </p>
   </div>
   <div class='ocr_carea' id='block_1_6' title="bbox 190 2973 1993 3548">
    <p class='ocr_par' dir='ltr' id='par_1_7' title="bbox 194 2973 1984 3184">
     <span class='ocr_line' id='line_1_54' title="bbox 246 2973 1967 3027; baseline 0.002 -16"><span class='ocrx_word' id='word_1_430' title='bbox 246 2975 312 3024; x_wconf 87' lang='lat'>(1)</span> <span class='ocrx_word' id='word_1_431' title='bbox 339 2973 468 3012; x_wconf 76' lang='lat' dir='ltr'>There</span> <span class='ocrx_word' id='word_1_432' title='bbox 483 2973 514 3011; x_wconf 87' lang='lat' dir='ltr'>is</span> <span class='ocrx_word' id='word_1_433' title='bbox 531 2986 580 3010; x_wconf 88' lang='lat' dir='ltr'>no</span> <span class='ocrx_word' id='word_1_434' title='bbox 598 2974 689 3011; x_wconf 85' lang='lat' dir='ltr'>reed</span> <span class='ocrx_word' id='word_1_435' title='bbox 707 2973 752 3011; x_wconf 90' lang='lat' dir='ltr'>of</span> <span class='ocrx_word' id='word_1_436' title='bbox 765 2973 912 3022; x_wconf 75' lang='lat' dir='ltr'>soisting</span> <span class='ocrx_word' id='word_1_437' title='bbox 926 2974 963 3015; x_wconf 83' lang='lat' dir='ltr'>in</span> <span class='ocrx_word' id='word_1_438' title='bbox 982 2974 1048 3012; x_wconf 87' lang='lat' dir='ltr'>the</span> <span class='ocrx_word' id='word_1_439' title='bbox 1102 2975 1191 3022; x_wconf 75' lang='lat' dir='ltr'>gilla</span> <span class='ocrx_word' id='word_1_440' title='bbox 1220 2974 1398 3021; x_wconf 59' lang='lat' dir='ltr'>Charine,</span> <span class='ocrx_word' id='word_1_441' title='bbox 1416 2974 1597 3024; x_wconf 78' lang='lat' dir='ltr'>daughter</span> <span class='ocrx_word' id='word_1_442' title='bbox 1611 2974 1731 3013; x_wconf 78' lang='lat' dir='ltr'>osred</span> <span class='ocrx_word' id='word_1_443' title='bbox 1758 2974 1862 3027; x_wconf 84' lang='lat' dir='ltr'>John</span> <span class='ocrx_word' id='word_1_444' title='bbox 1887 2977 1967 3015; x_wconf 85' lang='lat' dir='ltr'>Cu-</span> 
     </span>
     <span class='ocr_line' id='line_1_55' title="bbox 194 3026 1984 3077; baseline -0.001 -11"><span class='ocrx_word' id='word_1_445' title='bbox 194 3029 292 3066; x_wconf 81' lang='lat' dir='ltr'>word</span> <span class='ocrx_word' id='word_1_446' title='bbox 324 3027 500 3070; x_wconf 81' lang='lat' dir='ltr'>cecidere.</span> <span class='ocrx_word' id='word_1_447' title='bbox 525 3039 564 3064; x_wconf 75' lang='lat' dir='ltr'>as</span> <span class='ocrx_word' id='word_1_448' title='bbox 586 3027 626 3063; x_wconf 90' lang='lat' dir='ltr'>in</span> <span class='ocrx_word' id='word_1_449' title='bbox 644 3026 735 3063; x_wconf 78' lang='lat' dir='ltr'>each</span> <span class='ocrx_word' id='word_1_450' title='bbox 766 3027 811 3063; x_wconf 81' lang='lat' dir='ltr'>of</span> <span class='ocrx_word' id='word_1_451' title='bbox 823 3027 925 3064; x_wconf 86' lang='lat' dir='ltr'>these</span> <span class='ocrx_word' id='word_1_452' title='bbox 942 3027 1048 3065; x_wconf 82' lang='lat' dir='ltr'>three</span> <span class='ocrx_word' id='word_1_453' title='bbox 1102 3029 1219 3073; x_wconf 85' lang='lat' dir='ltr'>mine,</span> <span class='ocrx_word' id='word_1_454' title='bbox 1246 3029 1315 3064; x_wconf 79' lang='lat' dir='ltr'>and</span> <span class='ocrx_word' id='word_1_455' title='bbox 1343 3029 1476 3066; x_wconf 76' lang='lat' dir='ltr'>widow</span> <span class='ocrx_word' id='word_1_456' title='bbox 1501 3027 1546 3065; x_wconf 88' lang='lat' dir='ltr'>of</span> <span class='ocrx_word' id='word_1_457' title='bbox 1572 3027 1780 3066; x_wconf 83' lang='lat' dir='ltr'>Archibald</span> <span class='ocrx_word' id='word_1_458' title='bbox 1810 3028 1984 3077; x_wconf 63' lang='lat' dir='ltr'>Duglasez</span> 
     </span>
     <span class='ocr_line' id='line_1_56' title="bbox 194 3078 1948 3133; baseline 0.003 -17"><span class='ocrx_word' id='word_1_459' title='bbox 194 3081 382 3118; x_wconf 75' lang='lat' dir='ltr'>sentences</span> <span class='ocrx_word' id='word_1_460' title='bbox 400 3081 464 3118; x_wconf 79' lang='lat' dir='ltr'>the</span> <span class='ocrx_word' id='word_1_461' title='bbox 487 3078 623 3116; x_wconf 82' lang='lat' dir='ltr'>author</span> <span class='ocrx_word' id='word_1_462' title='bbox 641 3079 677 3116; x_wconf 78' lang='lat' dir='ltr'>is</span> <span class='ocrx_word' id='word_1_463' title='bbox 691 3079 868 3129; x_wconf 76' lang='lat' dir='ltr'>speaking</span> <span class='ocrx_word' id='word_1_464' title='bbox 886 3080 931 3117; x_wconf 86' lang='lat' dir='ltr'>os</span> <span class='ocrx_word' id='word_1_465' title='bbox 945 3093 992 3115; x_wconf 84' lang='lat' dir='ltr'>no</span> <span class='ocrx_word' id='word_1_466' title='bbox 1010 3095 1052 3117; x_wconf 85' lang='lat' dir='ltr'>o·</span> <span class='ocrx_word' id='word_1_467' title='bbox 1108 3082 1185 3118; x_wconf 83' lang='lat' dir='ltr'>lord</span> <span class='ocrx_word' id='word_1_468' title='bbox 1205 3080 1249 3117; x_wconf 84' lang='lat' dir='ltr'>of</span> <span class='ocrx_word' id='word_1_469' title='bbox 1263 3081 1473 3129; x_wconf 74' lang='lat' dir='ltr'>Galloway‚</span> <span class='ocrx_word' id='word_1_470' title='bbox 1494 3079 1582 3118; x_wconf 81' lang='lat' dir='ltr'>ssain</span> <span class='ocrx_word' id='word_1_471' title='bbox 1600 3090 1638 3118; x_wconf 87' lang='lat' dir='ltr'>at</span> <span class='ocrx_word' id='word_1_472' title='bbox 1650 3079 1948 3133; x_wconf 59' lang='lat' dir='ltr'>flanderi-hin„</span> 
     </span>
     <span class='ocr_line' id='line_1_57' title="bbox 195 3129 1979 3184; baseline 0 -14"><span class='ocrx_word' id='word_1_473' title='bbox 195 3133 279 3170; x_wconf 73' lang='lat' dir='ltr'>ther</span> <span class='ocrx_word' id='word_1_474' title='bbox 299 3133 434 3182; x_wconf 61' lang='lat' dir='ltr'>subject</span> <span class='ocrx_word' id='word_1_475' title='bbox 454 3132 520 3169; x_wconf 87' lang='lat' dir='ltr'>but</span> <span class='ocrx_word' id='word_1_476' title='bbox 539 3131 602 3169; x_wconf 83' lang='lat' dir='ltr'>the</span> <span class='ocrx_word' id='word_1_477' title='bbox 614 3134 774 3169; x_wconf 70' lang='lat' dir='ltr'>number</span> <span class='ocrx_word' id='word_1_478' title='bbox 788 3132 1023 3170; x_wconf 79' lang='lat' dir='ltr'>osthessain.</span> <span class='ocrx_word' id='word_1_479' title='bbox 1164 3132 1230 3184; x_wconf 82' lang='lat'>(3)</span> <span class='ocrx_word' id='word_1_480' title='bbox 1261 3134 1328 3170; x_wconf 85' lang='lat' dir='ltr'>Al.</span> <span class='ocrx_word' id='word_1_481' title='bbox 1350 3133 1527 3170; x_wconf 76' lang='lat' dir='ltr'>Donalrli.</span> <span class='ocrx_word' id='word_1_482' title='bbox 1696 3129 1711 3135; x_wconf 71' lang='grc'><em>”</em></span> <span class='ocrx_word' id='word_1_483' title='bbox 1745 3133 1749 3136; x_wconf 71' lang='grc'><strong>’</strong></span> <span class='ocrx_word' id='word_1_484' title='bbox 1974 3132 1979 3153; x_wconf 69' lang='lat'>²</span> 
     </span>
    </p>

    <p class='ocr_par' dir='ltr' id='par_1_8' title="bbox 190 3175 1993 3548">
     <span class='ocr_line' id='line_1_58' title="bbox 249 3175 1964 3242; baseline 0.002 -22"><span class='ocrx_word' id='word_1_485' title='bbox 249 3185 398 3234; x_wconf 53' lang='lat' dir='ltr'>(zm-tar]</span> <span class='ocrx_word' id='word_1_486' title='bbox 417 3184 707 3230; x_wconf 78' lang='lat' dir='ltr'>ofCarrick‚son</span> <span class='ocrx_word' id='word_1_487' title='bbox 722 3185 1052 3232; x_wconf 82' lang='lat' dir='ltr'>toEdwardBruce,</span> <span class='ocrx_word' id='word_1_488' title='bbox 1163 3190 1226 3237; x_wconf 81' lang='lat'>(4)</span> <span class='ocrx_word' id='word_1_489' title='bbox 1245 3186 1305 3223; x_wconf 88' lang='lat' dir='ltr'>Sir</span> <span class='ocrx_word' id='word_1_490' title='bbox 1316 3187 1480 3223; x_wconf 76' lang='lat' dir='ltr'>Andrew</span> <span class='ocrx_word' id='word_1_491' title='bbox 1494 3184 1751 3234; x_wconf 79' lang='lat' dir='ltr'>Murray,lord</span> <span class='ocrx_word' id='word_1_492' title='bbox 1760 3175 1964 3242; x_wconf 69' lang='lat' dir='ltr'>Bothwell,</span> 
     </span>
     <span class='ocr_line' id='line_1_59' title="bbox 190 3236 1973 3284; baseline 0.002 -11"><span class='ocrx_word' id='word_1_493' title='bbox 190 3236 287 3284; x_wconf 82' lang='lat' dir='ltr'>king</span> <span class='ocrx_word' id='word_1_494' title='bbox 300 3237 475 3274; x_wconf 70' lang='lat' dir='ltr'>Robert&#39;s</span> <span class='ocrx_word' id='word_1_495' title='bbox 491 3237 653 3275; x_wconf 81' lang='lat' dir='ltr'>brother.</span> <span class='ocrx_word' id='word_1_496' title='bbox 671 3237 770 3275; x_wconf 82' lang='lat' dir='ltr'>This</span> <span class='ocrx_word' id='word_1_497' title='bbox 782 3238 926 3276; x_wconf 85' lang='lat' dir='ltr'>Robert</span> <span class='ocrx_word' id='word_1_498' title='bbox 938 3238 1056 3275; x_wconf 80' lang='lat' dir='ltr'>Bruce</span> <span class='ocrx_word' id='word_1_499' title='bbox 1110 3239 1171 3276; x_wconf 85' lang='lat' dir='ltr'>son</span> <span class='ocrx_word' id='word_1_500' title='bbox 1203 3247 1241 3276; x_wconf 92' lang='lat' dir='ltr'>to</span> <span class='ocrx_word' id='word_1_501' title='bbox 1259 3238 1314 3276; x_wconf 69' lang='lat' dir='ltr'>fir</span> <span class='ocrx_word' id='word_1_502' title='bbox 1331 3240 1497 3276; x_wconf 75' lang='lat' dir='ltr'>Andr-ew</span> <span class='ocrx_word' id='word_1_503' title='bbox 1527 3237 1617 3276; x_wconf 80' lang='lat' dir='ltr'>ssain</span> <span class='ocrx_word' id='word_1_504' title='bbox 1635 3246 1674 3275; x_wconf 83' lang='lat' dir='ltr'>at</span> <span class='ocrx_word' id='word_1_505' title='bbox 1698 3237 1764 3275; x_wconf 79' lang='lat' dir='ltr'>the</span> <span class='ocrx_word' id='word_1_506' title='bbox 1793 3236 1973 3278; x_wconf 75' lang='lat' dir='ltr'>battle&#39;of</span> 
     </span>
     <span class='ocr_line' id='line_1_60' title="bbox 197 3289 1964 3340; baseline 0.002 -14"><span class='ocrx_word' id='word_1_507' title='bbox 197 3291 267 3326; x_wconf 88' lang='lat' dir='ltr'>and</span> <span class='ocrx_word' id='word_1_508' title='bbox 281 3289 344 3326; x_wconf 86' lang='lat' dir='ltr'>the</span> <span class='ocrx_word' id='word_1_509' title='bbox 357 3289 465 3326; x_wconf 85' lang='lat' dir='ltr'>other</span> <span class='ocrx_word' id='word_1_510' title='bbox 476 3299 553 3327; x_wconf 88' lang='lat' dir='ltr'>two</span> <span class='ocrx_word' id='word_1_511' title='bbox 571 3303 667 3327; x_wconf 88' lang='lat' dir='ltr'>were</span> <span class='ocrx_word' id='word_1_512' title='bbox 682 3290 770 3328; x_wconf 84' lang='lat' dir='ltr'>ssain</span> <span class='ocrx_word' id='word_1_513' title='bbox 786 3304 797 3332; x_wconf 67' lang='lat' dir='ltr'><strong><em>z</em></strong></span> <span class='ocrx_word' id='word_1_514' title='bbox 818 3301 857 3327; x_wconf 87' lang='lat' dir='ltr'>to</span> <span class='ocrx_word' id='word_1_515' title='bbox 875 3291 957 3328; x_wconf 77' lang='lat' dir='ltr'>him</span> <span class='ocrx_word' id='word_1_516' title='bbox 976 3290 1056 3328; x_wconf 90' lang='lat' dir='ltr'>suc·</span> <span class='ocrx_word' id='word_1_517' title='bbox 1111 3291 1430 3339; x_wconf 80' lang='lat' dir='ltr'>Stirling-bridge,</span> <span class='ocrx_word' id='word_1_518' title='bbox 1459 3290 1527 3329; x_wconf 87' lang='lat' dir='ltr'>lib.</span> <span class='ocrx_word' id='word_1_519' title='bbox 1560 3290 1599 3328; x_wconf 85' lang='lat'>8.</span> <span class='ocrx_word' id='word_1_520' title='bbox 1629 3303 1708 3340; x_wconf 80' lang='lat' dir='ltr'>cap.</span> <span class='ocrx_word' id='word_1_521' title='bbox 1728 3302 1793 3329; x_wconf 89' lang='lat'>20.</span> <span class='ocrx_word' id='word_1_522' title='bbox 1811 3290 1873 3329; x_wconf 81' lang='lat' dir='ltr'>his</span> <span class='ocrx_word' id='word_1_523' title='bbox 1899 3289 1964 3329; x_wconf 74' lang='lat' dir='ltr'>son</span> 
     </span>
     <span class='ocr_line' id='line_1_61' title="bbox 190 3341 1969 3394; baseline 0.001 -15"><span class='ocrx_word' id='word_1_524' title='bbox 190 3343 323 3381; x_wconf 79' lang='lat' dir='ltr'>ceeded</span> <span class='ocrx_word' id='word_1_525' title='bbox 350 3341 409 3378; x_wconf 84' lang='lat' dir='ltr'>his</span> <span class='ocrx_word' id='word_1_526' title='bbox 430 3342 579 3384; x_wconf 79' lang='lat' dir='ltr'>brother</span> <span class='ocrx_word' id='word_1_527' title='bbox 594 3344 808 3381; x_wconf 76' lang='lat' dir='ltr'>Alexander</span> <span class='ocrx_word' id='word_1_528' title='bbox 819 3344 951 3390; x_wconf 85' lang='lat' dir='ltr'>Bruce,</span> <span class='ocrx_word' id='word_1_529' title='bbox 969 3356 1049 3394; x_wconf 83' lang='lat' dir='ltr'>cap.</span> <span class='ocrx_word' id='word_1_530' title='bbox 1105 3344 1278 3381; x_wconf 79' lang='lat' dir='ltr'>Maurice</span> <span class='ocrx_word' id='word_1_531' title='bbox 1295 3343 1452 3393; x_wconf 75' lang='lat' dir='ltr'>Murray</span> <span class='ocrx_word' id='word_1_532' title='bbox 1467 3354 1548 3393; x_wconf 79' lang='lat' dir='ltr'>cap.</span> <span class='ocrx_word' id='word_1_533' title='bbox 1565 3353 1631 3390; x_wconf 76' lang='lat'>27.</span> <span class='ocrx_word' id='word_1_534' title='bbox 1657 3342 1729 3381; x_wconf 80' lang='lat' dir='ltr'>had</span> <span class='ocrx_word' id='word_1_535' title='bbox 1745 3355 1767 3380; x_wconf 79' lang='lat' dir='ltr'>a</span> <span class='ocrx_word' id='word_1_536' title='bbox 1783 3342 1969 3392; x_wconf 62' lang='lat' dir='ltr'>daughter</span> 
     </span>
     <span class='ocr_line' id='line_1_62' title="bbox 193 3390 1973 3446; baseline 0.001 -14"><span class='ocrx_word' id='word_1_537' title='bbox 193 3407 231 3444; x_wconf 87' lang='grc'>9.</span> <span class='ocrx_word' id='word_1_538' title='bbox 261 3394 349 3431; x_wconf 75' lang='lat' dir='ltr'>ssain</span> <span class='ocrx_word' id='word_1_539' title='bbox 373 3403 410 3429; x_wconf 86' lang='lat' dir='ltr'>at</span> <span class='ocrx_word' id='word_1_540' title='bbox 434 3395 711 3442; x_wconf 65' lang='lat' dir='ltr'>Halieion-hin,</span> <span class='ocrx_word' id='word_1_541' title='bbox 739 3409 819 3445; x_wconf 81' lang='lat' dir='ltr'>cap.</span> <span class='ocrx_word' id='word_1_542' title='bbox 844 3407 904 3445; x_wconf 82' lang='lat'>¹4·</span> <span class='ocrx_word' id='word_1_543' title='bbox 922 3398 1051 3446; x_wconf 48' lang='lat' dir='ltr'>and-to</span> <span class='ocrx_word' id='word_1_544' title='bbox 1104 3396 1265 3434; x_wconf 84' lang='lat' dir='ltr'>married</span> <span class='ocrx_word' id='word_1_545' title='bbox 1283 3408 1381 3446; x_wconf 76' lang='lat' dir='ltr'>upon</span> <span class='ocrx_word' id='word_1_546' title='bbox 1398 3395 1605 3435; x_wconf 73' lang='lat' dir='ltr'>Archibnld</span> <span class='ocrx_word' id='word_1_547' title='bbox 1619 3394 1686 3433; x_wconf 85' lang='lat' dir='ltr'>the</span> <span class='ocrx_word' id='word_1_548' title='bbox 1701 3395 1814 3434; x_wconf 81' lang='lat' dir='ltr'>Grim</span> <span class='ocrx_word' id='word_1_549' title='bbox 1832 3390 1973 3444; x_wconf 54' lang='lat' dir='ltr'>ead&amp;</span> 
     </span>
     <span class='ocr_line' id='line_1_63' title="bbox 192 3445 1961 3498; baseline 0.001 -14"><span class='ocrx_word' id='word_1_550' title='bbox 192 3447 277 3485; x_wconf 85' lang='lat' dir='ltr'>him</span> <span class='ocrx_word' id='word_1_551' title='bbox 296 3446 487 3483; x_wconf 79' lang='lat' dir='ltr'>succecded</span> <span class='ocrx_word' id='word_1_552' title='bbox 505 3447 570 3485; x_wconf 87' lang='lat' dir='ltr'>the</span> <span class='ocrx_word' id='word_1_553' title='bbox 586 3450 759 3498; x_wconf 82' lang='lat' dir='ltr'>youngest</span> <span class='ocrx_word' id='word_1_554' title='bbox 774 3448 926 3486; x_wconf 79' lang='lat' dir='ltr'>brother</span> <span class='ocrx_word' id='word_1_555' title='bbox 942 3448 1049 3486; x_wconf 87' lang='lat' dir='ltr'>Tho·</span> <span class='ocrx_word' id='word_1_556' title='bbox 1104 3448 1275 3497; x_wconf 75' lang='lat' dir='ltr'>Duglass,</span> <span class='ocrx_word' id='word_1_557' title='bbox 1295 3448 1382 3488; x_wconf 84' lang='lat' dir='ltr'>who</span> <span class='ocrx_word' id='word_1_558' title='bbox 1396 3447 1437 3487; x_wconf 83' lang='lat' dir='ltr'>in</span> <span class='ocrx_word' id='word_1_559' title='bbox 1449 3447 1520 3487; x_wconf 82' lang='lat' dir='ltr'>her</span> <span class='ocrx_word' id='word_1_560' title='bbox 1533 3446 1632 3497; x_wconf 85' lang='lat' dir='ltr'>right</span> <span class='ocrx_word' id='word_1_561' title='bbox 1649 3459 1725 3487; x_wconf 70' lang='lat' dir='ltr'>was</span> <span class='ocrx_word' id='word_1_562' title='bbox 1740 3447 1819 3488; x_wconf 80' lang='lat' dir='ltr'>lord</span> <span class='ocrx_word' id='word_1_563' title='bbox 1835 3445 1961 3490; x_wconf 74' lang='lat' dir='ltr'>Both.-</span> 
     </span>
     <span class='ocr_line' id='line_1_64' title="bbox 191 3499 1993 3548; baseline 0.003 -10"><span class='ocrx_word' id='word_1_564' title='bbox 191 3511 270 3538; x_wconf 82' lang='lat' dir='ltr'>mas</span> <span class='ocrx_word' id='word_1_565' title='bbox 289 3499 421 3543; x_wconf 83' lang='lat' dir='ltr'>Bruce,</span> <span class='ocrx_word' id='word_1_566' title='bbox 441 3511 518 3548; x_wconf 79' lang='lat' dir='ltr'>cap.</span> <span class='ocrx_word' id='word_1_567' title='bbox 540 3511 602 3539; x_wconf 83' lang='lat' dir='ltr'>zo.</span> <span class='ocrx_word' id='word_1_568' title='bbox 622 3500 709 3540; x_wconf 84' lang='lat' dir='ltr'>who</span> <span class='ocrx_word' id='word_1_569' title='bbox 728 3501 885 3540; x_wconf 79' lang='lat' dir='ltr'>married</span> <span class='ocrx_word' id='word_1_570' title='bbox 906 3502 1051 3541; x_wconf 88' lang='lat' dir='ltr'>Dorna-</span> <span class='ocrx_word' id='word_1_571' title='bbox 1107 3501 1209 3540; x_wconf 82' lang='lat' dir='ltr'>well.</span> <span class='ocrx_word' id='word_1_572' title='bbox 1720 3534 1732 3543; x_wconf 74' lang='grc'><em>,</em></span> <span class='ocrx_word' id='word_1_573' title='bbox 1896 3539 1900 3543; x_wconf 96' lang='grc'><em>.</em></span> <span class='ocrx_word' id='word_1_574' title='bbox 1942 3538 1943 3541; x_wconf 70' lang='grc'>,</span> <span class='ocrx_word' id='word_1_575' title='bbox 1991 3502 1993 3507; x_wconf 76' lang='grc'>’</span> 
     </span>
    </p>
   </div>
   <div class='ocr_carea' id='block_1_7' title="bbox 1894 3583 2002 3650">
    <p class='ocr_par' dir='ltr' id='par_1_9' title="bbox 1894 3583 2002 3650">
     <span class='ocr_line' id='line_1_65' title="bbox 1894 3583 2002 3650; baseline 0.037 -4"><span class='ocrx_word' id='word_1_576' title='bbox 1894 3583 2002 3650; x_wconf 35' lang='lat' dir='ltr'>‹lg-⁸2*</span> 
     </span>
    </p>
   </div>
  </div>
 </body>
</html>
