2014 3818
162 118 294 206 296
466 119 823 186 RERUM
913 112 1599 185 Scor-reanum

162 217 242 283 pie
261 216 546 273 educaretur,
571 215 637 262 uti
660 213 791 260 malis
828 209 1036 275 quotidie
1072 209 1364 275 gliscentibus
1389 214 1641 263 remedium
1673 215 1922 281 aliquando

164 282 307 346 pofl‘et
327 282 497 330 afferre.
568 282 680 327 Eam
702 275 985 323 curationem
1008 274 1090 321 fibi
1113 273 1141 321 a
1159 288 1320 323 natura
1341 275 1491 324 datam
1518 278 1707 326 minime
1727 280 1929 330 invidio-

165 345 257 395 sslm
277 349 490 410 cuiquam
513 342 658 389 videri
672 341 854 388 debere.
923 340 1122 387 Caeteras
1144 338 1544 389 administrationis
1565 342 1763 406 publicae
1781 359 1929 407 partes

165 409 445 474 usurparent,
465 408 544 469 qui
568 418 695 454 tanto
714 403 758 452 se
776 404 902 452 oneri
923 403 1231 452 existimarent
1247 421 1340 452 non
1360 404 1558 468 impares
1580 426 1590 454 :
1624 406 1699 454 sed
1720 408 1783 454 ita
1805 409 1929 456 usur-

139 522 142 525 .
201 489 343 531 arent,
369 486 417 519 ut
437 469 682 535 aliquando
699 469 820 533 Regi
839 469 998 516 adulto
1019 468 1242 516 rationem
1263 468 1306 516 se
1327 468 1582 519 reddituros
1601 470 1820 536 cogitent.
1853 471 1932 520 Ad

203 556 267 587 aee
287 547 390 586 c'um
413 541 478 582 ita
497 535 674 582 vultum
698 532 1028 596 composuiffet,
1054 545 1104 579 ut
1140 531 1273 580 facil.-
1299 533 1588 583 Cancellario
1610 536 1766 584 sinceri
1788 535 1934 583 animi

167 604 302 651 fidem
327 602 510 655 faceret,
531 615 679 663 neque
693 599 740 647 in
770 598 990 645 comitatu
1018 597 1115 659 ejus
1148 597 1256 660 quic
1295 615 1395 645 uam
1414 600 1536 655 esset,
1571 600 1689 648 unde
1719 601 1804 654 vis,
1853 612 1935 648 aut

167 668 286 714 fraus
306 664 457 712 timeri
470 664 673 719 deberet,
690 663 954 728 potestatem
973 660 1015 708 ei
1033 661 1160 717 fecit,
1194 675 1242 709 ut
1259 615 1424 719 alium,
1455 663 1634 726 quoties
1662 665 1803 712 vellet
1827 665 1919 712 fine

170 731 347 777 arbitris
362 728 644 784 conveniret,
669 735 709 776 δε
731 728 779 774 in
800 744 901 774 arce
922 726 1151 774 interdurn
1174 743 1278 774 cum
1298 743 1352 774 eo
1373 730 1673 791 pernoflaret.

232 794 319 842 IV.
338 795 529 840 'Interea
550 792 713 842 mulier
729 792 896 839 callida
908 791 1093 838 serendo
1114 792 1384 856 plaerunque
1406 792 1630 840 sermones
1649 795 1705 842 de
1728 793 1935 843 tollenda

166 859 287 906 inter
302 870 450 921 partes
472 857 712 911 discordia,
731 856 947 920 quosdam
965 854 1102 903 etiam
1125 854 1399 904 diversarum
1412 857 1612 921 partium
1634 858 1681 907 in
1705 856 1934 922 colloqui·

167 937 247 970 um
259 922 491 970 evocando
512 939 567 969 eo
590 920 908 968 familiaritatis
922 918 1154 967 hominem
1179 919 1344 975 illexit,
1370 933 1418 968 ut
1436 922 1493 969 de
1512 923 1645 971 rebus
1667 940 1809 988 prope
1833 939 1935 970 om-

166 988 302 1035 nibus
324 987 509 1034 consilia
529 1003 633 1033 curn
653 1003 706 1033 ea
727 985 968 1032 conferret.
1003 983 1291 1031 Cancellario
1311 984 1374 1031 ita
1393 986 1612 1039 delenito‚
1639 1005 1780 1049 puero
1800 990 1935 1039 facile

167 1052 424 1115 persuadet,
451 1065 499 1098 ut
519 1067 575 1098 ex
597 1051 685 1098 hoe
706 1066 882 1098 carcere
903 1049 987 1097 sese
1008 1048 1230 1096 libertatis
1253 1051 1484 1098 auftorem
1521 1051 1779 1113 sequeretur
1803 1073 1813 1101 ε
1850 1056 1936 1103 ho.

168 1115 376 1179 minique
397 1116 588 1171 nefario,
612 1114 692 1179 qui
714 1114 954 1162 sceleribus
976 1111 1063 1160 suis
1084 1112 1284 1177 Regium
1303 1130 1470 1162 nornen
1523 1118 1807 1174 raetenderet,
1831 1136 1934 1166 om-

166 1179 337 1244 niaque
357 1181 487 1245 regni
506 1180 662 1227 munia
678 1179 724 1227 in
744 1180 784 1226 se
804 1194 944 1226 unum
964 1178 1176 1231 traheret,
1193 1182 1233 1225 δι
1251 1178 1460 1242 neglessa
1477 1132 1614 1227 silure
1628 1180 1816 1244 publica
1834 1200 1941 1233 rent

166 1245 390 1306 privatam
429 1259 632 1309 augeret,
656 1244 697 1291 se
714 1243 924 1306 eriperet.
992 1241 1047 1289 ld
1071 1254 1119 1289 ut
1141 1240 1325 1299 faceret,
1350 1243 1503 1291 animo
1522 1256 1696 1292 tantum
1724 1263 1815 1294 non
1850 1250 1934 1297 ab·

167 1307 379 1358 horrente
405 1309 430 1356 Ξι
452 1308 583 1356 rec'tis
605 1308 853 1355 amicorum
876 1307 1072 1354 consiliis
1089 1308 1130 1354 ei
1153 1324 1268 1370 opus
1302 1308 1388 1355 effe
1412 1326 1423 1354 :
1459 1321 1621 1357 caetera
1641 1324 1757 1358 curae
1794 1311 1934 1376 ipsius

170 1373 464 1437 relinqueret.
502 1374 653 1436 Hujus
675 1372 853 1437 generis
875 1370 1157 1419 orationibus
1176 1371 1310 1418 facile
1342 1383 1486 1419 mater
1507 1372 1669 1426 filium,
1692 1376 1742 1424 δι
1765 1377 1932 1426 callida

169 1438 334 1485 mulier
374 1455 565 1502 puerum
607 1438 841 1484 incautum
884 1426 1111 1500 proposita
1133 1435 1318 1483 liberius
1336 1436 1518 1483 vivendi
1556 1436 1630 1499 spe
1650 1437 1715 1485 ita
1736 1438 1781 1486 in
1806 1440 1929 1490 suam

167 1503 304 1549 traxit
326 1502 608 1556 sententiam,
631 1501 738 1548 utin
758 1502 852 1562 ejus
870 1502 1086 1564 potestate
1104 1500 1206 1546 Rex
1219 1499 1423 1560 futurum
1447 1500 1488 1548 se
1509 1501 1693 1549 diceret.
1765 1505 1934 1556 Omni-

169 1567 254 1613 bus
276 1568 420 1631 igitur
446 1567 500 1613 ad
522 1566 676 1630 fugam
697 1565 797 1612 stitis
817 1564 982 1629 paratis
1002 1563 1340 1611 Cancellarium
1364 1564 1459 1612 adit
1480 1582 1491 1611 ε
1526 1565 1565 1612 se
1587 1567 1836 1631 obligatam
1851 1589 1934 1620 vo-

168 1644 217 1677 to
237 1649 319 1696 pro
339 1632 474 1678 salute
493 1631 573 1677 filii
596 1630 811 1693 suscaepto
829 1629 873 1676 in
887 1645 986 1676 arce
1008 1627 1072 1675 ait
1094 1629 1456 1691 pernoclaturam
1483 1648 1493 1676 :
1530 1629 1705 1678 summo
1728 1650 1859 1682 mane
1874 1638 1930 1684 ad

167 1697 344 1743 Album
368 1696 521 1743 sanum
548 1694 615 1756 (id
634 1695 736 1742 loco
760 1694 926 1741 nomen
948 1693 1028 1752 est)
1049 1693 1366 1756 profecturam.
1417 1694 1592 1740 Interea
1615 1695 1723 1742 dum
1747 1699 1932 1758 rediret,

169 1761 250 1807 filii
274 1761 459 1808 salutern
483 1760 523 1807 ei
546 1760 588 1806 se
610 1758 946 1806 commendare.
1015 1758 1100 1804 Ille
1140 1757 1311 1804 nullam
1354 1756 1518 1805 subesse
1540 1759 1688 1806 verbis
1725 1763 1931 1813 fraudem

165 1837 309 1882 ratus,
329 1825 508 1873 felicem
529 1836 736 1889 precatus
760 1828 799 1871 δι
825 1821 1174 1885 ρτοῖεξὶἰοηεω,
1197 1827 1237 1869 &
1261 1821 1478 1877 reditum,
1501 1840 1598 1870 earn
1623 1824 1831 1875 dimittit.
1888 1831 1934 1877 1·

168 1889 296 1951 gitur
317 1890 404 1950 (uti
423 1903 523 1937 ante
547 1889 839 1948 convenerat)
860 1887 905 1933 in
929 1887 1096 1940 arcula,
1122 1886 1168 1933 in
1190 1903 1281 1948 qua
1303 1886 1432 1933 solita
1464 1900 1559 1936 erat
1581 1891 1802 1938 mundum
1833 1910 1945 1945 mu-,
2012 1938 2014 1948 ,

168 1954 358 2002 liebrem
384 1954 646 2009 recondere,
667 1969 724 1999 cx
745 1967 846 1999 arce
869 1968 950 2014 per
972 1950 1194 1998 ministros
1219 1950 1330 1996 fides
1354 1952 1452 1998 Rex
1476 1951 1687 2014 postridie
1722 1972 1938 2020 exponta-

169 2032 244 2066 tus
266 2018 457 2067 Letham
482 2018 533 2065 ad
559 2034 680 2065 mare
699 2016 916 2063 defertur.
950 2016 1244 2079 Reginacum
1270 2031 1444 2077 pauciS,
1467 2019 1562 2078 quo
1573 2034 1640 2063 res
1662 2019 1812 2066 minus
1831 2023 1937 2071 esset

172 2083 385 2147 suspecta,
402 2082 695 2146 subsequitur.
721 2082 897 2128 Omnes
920 2080 966 2127 in
984 2092 1183 2143 paratam
1208 2080 1264 2125 ad
1278 2094 1462 2142 portum
1485 2082 1739 2130 naviculam
1764 2084 1934 2147 inpres-

170 2149 200 2194 si
224 2149 294 2210 (ι)
319 2147 514 2195 secundo
533 2147 635 2194 aestu
659 2145 904 2194 Sterlinum
930 2157 1106 2206 petunt.
1175 2143 1247 2190 Ac
1268 2145 1378 2190 dum
1403 2145 1540 2208 Regii
1562 2146 1751 2208 ministri
1768 2147 1938 2215 expec-

167 2225 266 2259 rant
286 2211 334 2259 in
356 2212 551 2259 multum
575 2211 718 2266 diem,
740 2210 887 2258 donec
903 2211 1001 2257 Rex
1014 2206 1364 2272 expergiscatur,
1380 2222 1621 2272 antequam
1646 2212 1766 2260 fraus
1781 2215 1936 2264 detec-

170 2291 216 2323 ta
236 2277 361 2331 effet,
394 2276 488 2336 jam
513 2275 639 2323 navis
672 2287 799 2322 extra
821 2273 1074 2337 periculum
1112 2271 1324 2326 evaserat.
1349 2275 1716 2335 ventoque-‚adeo
1739 2277 1936 2328 secundo

173 2341 247 2388 usa
264 2342 341 2396 est,
367 2353 417 2388 ut
435 2340 516 2388 sub
535 2340 771 2404 vesperum
796 2339 1042 2387 Sterlinurn
1065 2336 1331 2401 appelleret.
1399 2338 1472 2385 Ibi
1494 2339 1645 2402 Reges
1668 2339 1693 2385 ἷι
1717 2342 1933 2408 Prorege,

168 2403 391 2466 oninique
404 2405 662 2479 promiscua
683 2403 978 2452 multitudine
1007 2401 1289 2467 populariter
1324 2402 1479 2457 effusa,
1498 2403 1671 2459 summo
1693 2421 1798 2454 curn
1819 2425 1936 2471 gau-

170 2468 269 2525 dio,
289 2468 527 2534 faustisque
561 2468 966 2518 acclamationibus
987 2465 1294 2530 excipiuntur.
1365 2467 1554 2532 Reginae
1588 2469 1700 2517 astus
1723 2472 1936 2522 omnium

172 2533 376 2581 sermone
397 2535 666 2582 celebratur.
734 2530 1279 2581 Cancellariiinveterata
1296 2531 1550 2594 prudentiae
1586 2532 1747 2596 opinio
1763 2534 1935 2586 infimis
2012 2576 2014 2580 .

169 2597 308 2645 etiam
332 2596 536 2646 ludibrio
557 2598 767 2646 habetur.
803 2598 854 2645 H
858 2612 922 2643 aec
938 2613 1007 2644 res
1019 2595 1212 2644 biduum
1239 2599 1309 2657 (ut
1332 2596 1462 2656 solet)
1487 2596 1617 2662 vulgi
1635 2597 1937 2653 immoderata

168 2661 337 2712 laeticia
351 2661 518 2724 jactata
545 2663 607 2710 est
631 2680 642 2709 ε
678 2673 816 2726 atque
836 2659 884 2708 in
906 2661 1114 2709 omniurn
1135 2675 1212 2707 ore
1233 2659 1420 2709 versata.
1730 2717 1751 2722 ..

194 2743 198 2747 ·
235 2725 299 2775 V.
319 2726 484 2774 Tertio
501 2727 594 2792 dig,
612 2727 692 2789 qui
716 2723 1167 2788 Alexaqdrifaffioni
1185 2725 1227 2772 se
1246 2724 1532 2780 dediderant,
1556 2726 1777 2792 plaerique
1794 2730 1935 2780 etiam
2003 2747 2010 2754 ·

169 2790 267 2854 spes
284 2806 444 2846 novas,
458 2789 668 2840 nonnulli
682 2789 822 2855 Regii
839 2788 1036 2837 nominis
1051 2789 1364 2837 auctoritatem
1378 2789 1519 2838 secuti
1532 2806 1786 2841 convenere
1803 2813 1815 2841 :
1832 2796 1938 2867 qui·-

171 2854 258 2904 bus
275 2854 361 2911 rei,
385 2854 455 2903 uti
473 2857 595 2922 gesta
611 2866 723 2911 erat,
747 2854 918 2902 ordine*
932 2854 1154 2917 expolito,
1178 2851 1370 2926 Reginae
1391 2847 1646 2904 animus'in
1668 2857 1940 2924 resuscipi·
2006 2853 2014 2863 ¹

169 2919 306 2976 enda,
325 2919 372 2968 in
390 2919 592 2985 gerenda
608 2919 865 2975 confilium,
888 2918 934 2966 in
957 2928 1123 2966 eventu
1146 2917 1343 2969 felicitas,
1363 2917 1623 2968 immodicis
1645 2915 1855 2981 laudibus
1885 2924 1935 2973 in
2009 2954 2014 2959 -

170 2985 341 3033 coelum
358 2983 516 3034 fertur.
584 2983 858 3033 Cancellarii
872 2981 1079 3038 avaritia,
1100 2987 1141 3030 &
1163 2981 1408 3030 crudelitas
1429 2982 1476 3031 in
1499 2998 1677 3042 omnes,
1705 2985 1754 3034 in
1791 2988 1940 3052 Regi·
2005 2978 2014 3008 ³

169 3048 686 3116 m·&Proregemm
723 3047 923 3097 raritudo
944 3047 1143 3113 'graviter
1155 3046 1400 3095 incusatur.
1431 3053 1436 3056 '
1467 3048 1586 3096 Eum
1620 3034 1825 3098 omnium
1847 3051 1940 3100 dis·
2010 3065 2014 3107 ζ

171 3114 448 3170 cordiarum,
469 3117 520 3165 δε
540 3066 734 3179 Ρτοὶοὲε
751 3113 978 3172 omnium,
1001 3128 1107 3177 quae
1127 3128 1184 3158 ex
1202 3111 1424 3169 discordia
1443 3111 1569 3162 civili
1590 3114 1815 3172 oriuntur,
1839 3132 1938 3165 ma·
2007 3111 2014 3141 ⁴

170 3176 322 3225 lorum
340 3192 500 3226 unum*
520 3181 750 3226 auctorem
768 3179 854 3243 effe
875 3184 888 3226 τ’
919 3193 1027 3227 eum
1054 3176 1292 3242 veffigalia
1309 3176 1500 3241 publica
1516 3175 1568 3231 in
1590 3177 1810 3243 privatam
1850 3180 1952 3242 do·5
2000 3176 2006 3192 “

172 3253 303 3288 snum
338 3242 577 3292 avertifl‘ei
610 3242 894 3307 privatorum
935 3241 1072 3297 bona,
1147 3259 1214 3289 uae
1232 3239 1697 3308 poterae-diripui&
1719 3259 1823 3306 quae
1841 3250 1937 3295 noa

171 3304 376 3367 potuerit
405 3307 623 3371 diripere,
663 3306 924 3372 corrupisse.
962 3367 966 3370 γ
989 3307 1034 3355 A
1071 3323 1097 3354 u
1168 3322 1311 3355 unum
1346 3322 1476 3370 opes,
1499 3304 1710 3360 honores,
1748 3305 1936 3370 divides

174 3367 293 3426 effe}
327 3370 453 3432 apud
474 3384 661 3422 caeteros
680 3371 1007 3438 ignominiam,
1047 3369 1341 3427 olitudinem,
1361 3371 1622 3436 egestatem.
1656 3371 1776 3421 Hac
1788 3379 1946 3443 quan-x·
1977 3369 1984 3381 '
2008 3378 2014 3387 ‘

163 3548 166 3554 .
226 3515 292 3568 (1)
317 3516 431 3557 With
449 3519 514 3560 the
534 3522 622 3568 tide,
642 3535 684 3562 or
708 3521 848 3573 havzng
864 3485 1025 3563 txie'iide
1045 3517 1137 3560 with
1155 3517 1274 3561 them.
1287 3516 1302 3521 ”

190 3617 207 3644 ,θ
245 3625 265 3639 9

1800 3640 1939 3694 ‘1⁹⁸⁸
1996 3639 2004 3664 ‘¹
