1994 3833
138 126 266 208 568
443 126 810 191 RERUM
907 122 1594 189 Sco-tremum

136 241 211 272 am
227 224 321 285 jam
344 222 567 273 adultum,
611 220 705 279 jam
729 217 961 271 maritum,
980 216 1078 278 jam
1105 219 1176 280 (1)
1203 219 1344 283 Regis
1366 220 1655 281 potentissimi
1677 226 1894 286 generum

135 289 165 336 ὲ
189 287 425 336 Ludovico
459 296 622 346 patruo
652 282 979 343 interemptum
1005 286 1023 327 ?
1069 296 1146 329 aut
1167 282 1241 329 cui
1263 284 1543 331 calamitates
1581 285 1750 347 ignotae
1778 288 1894 343 sunt,

137 369 245 416 quae
266 364 355 397 tam
399 348 582 394 crudele
623 346 920 406 parricidium
944 346 1044 394 sunt
1077 347 1328 395 consecutae
1355 352 1372 394 ?
1410 350 1481 408 (2)
1526 349 1829 409 pulcherrima
1853 354 1898 397 1-

140 418 262 464 taliae
280 415 406 475 regio
429 427 572 472 prope
593 411 650 455 ad
672 409 921 457 vastitatem
945 412 1141 458 redac‘ta.
1209 412 1435 461 Sfortiana
1473 410 1806 459 fortissimorum
1829 412 1902 460 vi·

139 495 293 528 rorum
318 475 513 539 genitrix
531 472 705 520 familia
722 476 888 528 deleta,
908 477 978 536 (3)
996 473 1172 521 barbari
1190 474 1236 520 in
1249 476 1566 522 amoeniffimos
1590 476 1710 523 circa
1726 477 1896 524 Padum

140 561 273 608 agros
296 540 558 591 introducti,
581 554 777 601 quorum
802 539 916 584 nihil
939 539 1139 586 avaritiae
1175 542 1280 587 esset
1307 541 1526 592 clausum,
1556 540 1671 586 nihil
1693 558 1718 586 a
1741 542 1903 587 crude-

138 610 266 656 litate
288 619 453 652 tetum.
524 604 639 665 Qis
662 601 708 649 in
725 603 817 649 solo
838 604 1054 650 Britanno
1076 603 1263 667 genitus
1287 622 1376 651 non
1401 605 1546 651 audiit
1568 605 1785 651 Richardi
1814 610 1902 651 ter-

137 672 193 719 tii
216 667 355 732 Regis
379 668 637 730 Angiorum
678 667 885 717 adversus
927 667 1074 713 fratris
1099 669 1213 714 filios
1237 669 1482 715 iaevitiam?
1503 682 1579 714 aut
1598 683 1770 731 quanto
1793 678 1899 716 cuni

139 735 354 797 sanguine
371 734 419 779 lit
439 731 730 793 parricidium
752 732 868 777 illud
890 732 1122 794 expiatum
1146 736 1162 780 ἓ
1188 735 1306 780 Haec
1328 749 1431 779 cum
1455 732 1524 779 illi
1542 732 1588 779 in
1632 728 1904 792 conj-„mitis-

139 802 272 846 fimos
294 798 383 844 sola
417 795 640 860 regnandi
662 796 914 856 cupiditate
936 797 1115 858 impuifi
1141 804 1397 859 perpetrare
1423 814 1512 844 non
1535 796 1900 851 reformidarent,

139 863 350 911 homines
372 861 545 921 alioqui
564 861 844 913 solertiffimi,
866 860 976 924 quid
1001 862 1058 906 ab
1078 878 1134 908 eo
1150 861 1511 920 expectabimus,
1530 861 1600 922 cuj
1611 879 1656 907 :is
1672 858 1812 908 animi
1833 862 1904 906 in-

130 928 431 976 constantiam
455 941 613 971 omnes
631 925 751 971 cives
777 937 959 978 norunt,
983 925 1239 987 imperandi
1261 925 1538 988 imperitiam
1564 925 1740 988 magnis
1763 925 1907 972 cladi·

142 996 226 1040 bus
262 990 438 1053 experti
461 989 609 1035 sumus
631 993 648 1035 ?
682 990 809 1049 cujus
847 990 1022 1036 familia
1042 990 1173 1049 hujus
1198 990 1341 1053 Regis
1364 989 1522 1052 proavi
1540 990 1662 1036 caede
1685 1006 1776 1036 non
1795 1006 1908 1036 con·

141 1070 270 1105 tenta
289 1072 423 1103 avum
444 1066 699 1118 maternum
718 1054 871 1114 quoad
890 1053 1022 1107 vixit,
1045 1054 1215 1101 infidiis
1238 1054 1388 1116 petiit,
1408 1069 1647 1116 paternum
1669 1071 1778 1100 vero
1801 1051 1906 1101 cum

142 1122 356 1169 occidere
396 1135 487 1165 non
527 1120 683 1178 posset,
726 1118 912 1180 inopem
937 1135 1080 1181 regno
1103 1121 1301 1173 extrusit,
1327 1125 1502 1180 patrem
1525 1119 1652 1165 velut
1674 1118 1906 1166 victimam

144 1183 710 1250 produxeritmac‘tandum
734 1202 744 1228 :
780 1194 988 1237 matrem,
1005 1191 1291 1247 regnumque
1304 1183 1400 1244 ejus
1422 1199 1526 1229 cum
1551 1183 1632 1245 ipsi
1653 1182 1792 1244 potiri
1816 1199 1907 1231 non
1962 1208 1965 1243 ζ

145 1253 334 1314 possent,
361 1247 612 1311 peregrinis
642 1246 918 1305 vendiderit.
986 1248 1025 1294 E
1046 1264 1138 1311 qua
1160 1247 1372 1294 servitute
1395 1247 1595 1293 numinis
1621 1243 1909 1309 providentia

146 1317 341 1377 elapsam
356 1314 402 1360 in
427 1314 525 1366 has,
547 1312 594 1360 in
613 1312 780 1374 quibus
800 1326 923 1358 nunc
945 1312 1004 1358 est
1028 1314 1252 1373 angustias
1273 1313 1583 1371 conjecerunt.
1652 1312 1726 1359 De
1748 1329 1839 1375 qua
1860 1327 1908 1358 re

144 1380 380 1443 publicum
404 1375 809 1438 civiumjudicium
828 1378 899 1422 vel
921 1376 1027 1423 hinc
1048 1376 1249 1440 intelligi
1267 1375 1400 1422 facile
1422 1377 1582 1439 potest,
1606 1374 1732 1438 quod
1757 1376 1909 1422 homi·

144 1462 225 1491 nes
240 1444 319 1491 fibi
343 1442 419 1488 visi
436 1442 536 1488 sunt
554 1458 607 1487 ex
623 1442 845 1501 ergastulo
865 1441 1121 1487 miserrimae
1139 1440 1363 1487 servitutis
1381 1440 1909 1502 ereptijucundiffimum

145 1508 368 1556 iibertatis
389 1507 544 1553 lumen
570 1506 755 1560 intueri,
780 1519 885 1552 curn
922 1506 1022 1567 ipfi,
1047 1507 1174 1569 quod
1216 1507 1404 1552 'traciare
1427 1520 1518 1551 non
1541 1504 1741 1551 sciebant
1762 1504 1914 1569 impe·

144 1574 264 1622 rium
289 1571 489 1618 foeminae
511 1568 761 1631 peregrina:
784 1568 1126 1616 vendiderint.”

211 1636 388 1685 XXIX.
423 1635 513 1682 His
551 1633 720 1680 auditis
743 1633 923 1696 Regina
945 1645 1025 1696 per
1061 1634 1303 1680 confilium
1326 1630 1618 1691 Hamiltoni'o
1641 1632 1910 1695 denunciat,
1979 1624 1982 1630 ¹

149 1712 185 1733 “
219 1720 321 1749 eum
361 1716 453 1748 rem
476 1698 684 1759 injustam
724 1711 892 1760 petere,
917 1715 1066 1762 neque
1089 1699 1233 1744 ullum
1272 1714 1297 1743 a
1316 1698 1356 1743 se
1378 1698 1647 1761 sperandum
1670 1698 1910 1743 auxilium.
1962 1735 1965 1738 .

145 1769 209 1815 Se
229 1781 379 1814 autem
401 1783 430 1811 a
452 1764 593 1824 Regis
616 1763 779 1826 legatis
801 1775 1025 1826 rogatam,
1050 1779 1107 1809 ne
1127 1762 1274 1825 ipsum
1297 1761 1658 1816 Hamiltonium‚
1695 1761 1774 1826 qui
1797 1761 1913 1808 nihil

150 1832 273 1879 aliud
298 1847 432 1892 quam
456 1827 725 1875 seditionem
746 1827 1067 1881 meditabatur,
1100 1827 1226 1891 prius
1249 1826 1517 1881 dimitteret,
1540 1841 1678 1889 quam
1697 1826 1767 1872 illi
1784 1825 1929 1874 veni--

150 1914 226 1944 am
248 1893 445 1943 abeundi
465 1892 750 1954 accepiffent,
773 1892 898 1955 quod
924 1908 1016 1938 rem
1041 1908 1219 1955 aequam
1245 1892 1535 1953 postularent,
1561 1888 1844 1953 promisisse„
1867 1887 1914 1938 '1-

152 1977 288 2025 taque
312 1959 353 2005 se
372 1956 613 2020 prohibere
647 1974 704 2003 ne
738 1970 842 2002 ante
864 1957 912 2002 id
937 1969 1118 2018 tempus
1141 1955 1368 2003 discedere
1391 1955 1666 2002 festinaret.”
1733 1955 1916 2019 Regina

147 2040 337 2089 ‘quoque
358 2021 552 2083 exulspe
577 2021 825 2084 propinqui
841 2021 1011 2068 reditus
1034 2027 1211 2067 luorum
1228 2021 1404 2067 animos
1427 2021 1665 2083 implebat.
1734 2020 1913 2083 Depre-

149 2091 299 2137 hensae
321 2086 471 2145 suntej
482 2086 701 2140 usliterae,
717 2085 883 2147 quibus
898 2085 997 2132 suos
1015 2085 1298 2139 hortabatur,
1318 2099 1366 2132 ut
1387 2083 1746 2148 quamplurimas
1770 2099 1910 2137 arces,

151 2161 193 2201 δι
215 2155 317 2203 loca
349 2153 522 2198 munita
539 2162 830 2213 occuparent,
857 2155 895 2194 δι
918 2166 1058 2213 quam
1078 2149 1283 2195 latiffime
1297 2151 1466 2196 bellum
1495 2149 1767 2211 ¹spargerent
1791 2166 1801 2195 :
1835 2166 1917 2196 ne»

150 2236 242 2283 que
263 2228 430 2265 nomen
451 2214 741 2261 induciarum
765 2226 1017 2260 vereantur.
1084 2214 1208 2261 Nam
1241 2214 1271 2260 fi
1289 2213 1628 2260 conditionibus
1651 2229 1720 2260 res
1761 2214 1918 2260 tranfi-

148 2296 350 2347 geretur,
371 2281 525 2328 omnia
546 2279 825 2341 superiorum
847 2292 1101 2341 temporum
1126 2279 1293 2325 delicta
1321 2279 1401 2325 sub
1421 2278 1581 2324 umbra
1601 2277 1721 2339 pacis
1743 2280 1916 2324 tedium

149 2348 224 2409 irl.
293 2347 371 2394 Sin
396 2345 441 2391 in
465 2356 671 2407 apertum
693 2344 865 2389 bellum
899 2343 1103 2390 diffenfio
1136 2355 1411 2405 erumperet,
1435 2354 1607 2406 quanto
1628 2342 1759 2405 plura
1790 2355 1918 2390 tene-

149 2426 251 2469 rent
265 2409 486 2473 praefidia,
512 2421 637 2455 tanto
654 2409 709 2454 ad
731 2408 845 2454 hosti
867 2408 1126 2455 nocendum
1151 2409 1396 2469 paratiores
1418 2407 1532 2454 fore.

216 2477 365 2523 XXX.
401 2476 521 2521 Cum
541 2473 635 2533 jam
661 2472 980 2519 Prorexrebus
1000 2473 1048 2518 in
1072 2472 1246 2535 Anglia
1267 2485 1499 2534 utcunque
1520 2470 1764 2533 expeditis,
1788 2471 1918 2518 rede*-

152 2541 260 2589 undi
282 2540 462 2586 veniam
502 2539 792 2600 impetrasset,
819 2537 967 2584 allatae
994 2535 1094 2583 sunt
1127 2537 1151 2583 ὲ
1177 2538 1331 2583 Scotia
1352 2537 1495 2584 litera:
1538 2535 1731 2599 Reginae
1769 2535 1917 2582 exulis
1946 2563 1951 2566 ·
1979 2550 1982 2554 ·

150 2620 298 2668 nuper
319 2605 602 2662 interceptae,
641 2602 810 2664 quibus
832 2602 1108 2663 querebatur
1130 2601 1252 2664 apud
1275 2601 1392 2656 suOS,
1431 2599 1472 2648 se
1514 2600 1571 2646 ab
1595 2601 1750 2664 Angla
1772 2601 1913 2656 secus,

151 2682 289 2733 atque
313 2669 449 2731 usque
471 2667 529 2712 ab
551 2666 684 2714 initio
701 2666 796 2727 ipsa
812 2669 1145 2728 expefiaverat,
1181 2678 1318 2728 atque
1353 2666 1433 2712 illa
1450 2665 1730 2727 promiserat,
1756 2668 1921 2712 tracta-

151 2744 264 2783 tam.
332 2734 387 2780 Id
409 2743 563 2778 autem
585 2731 757 2777 factum
775 2730 1061 2794 quorundam
1080 2729 1334 2777 aulicorum
1355 2746 1512 2793 opera,
1541 2745 1623 2792 per
1646 2746 1760 2791 quos
1782 2728 1918 2777 stetis-

153 2799 233 2855 set,
257 2792 515 2862 quominus
537 2811 642 2842 cum
677 2793 879 2842 exercitu
900 2794 1223 2850 remitteretur,
1249 2793 1318 2841 uti
1339 2794 1540 2858 Anglam
1565 2792 1647 2841 fibi
1665 2793 1917 2856 pollicitam

152 2862 439 2911 afl'everabat.
510 2860 740 2920 Sertame‘n
765 2875 910 2922 prope
923 2858 1047 2906 diem
1084 2858 1271 2906 aliunde
1291 2859 1358 2906 rei
1377 2858 1552 2905 exitum
1575 2858 1766 2921 sperare,
1794 2862 1919 2920 (nam

147 2929 246 2989 jam
263 2926 433 2974 crebris
453 2923 751 2973 internunciis
769 2923 826 2970 de
849 2921 1145 2970 matrimonio
1166 2939 1269 2970 cum
1283 2924 1493 2970 Hauarto
1515 2922 1808 2983 tractabatur)
1828 2923 1937 2969 Itan-v

149 3009 242 3057 que
263 3009 321 3039 ne
350 2989 636 3055 remitterent
675 2987 868 3042 animos,
893 2987 968 3035 sed
989 2985 1199 3034 faftionis
1218 2987 1334 3036 vires
1369 2998 1589 3051 augerent
1609 3005 1621 3034 ε
1646 2987 1802 3034 omnia
1825 2994 1920 3032 tur·
1945 2991 1954 3038 ζ

153 3057 331 3109 barem,
355 3072 409 3103 ac
429 3053 627 3102 reditum
650 3051 861 3117 Proregis
881 3050 930 3099 in
955 3051 1155 3100 Scotiam
1189 3051 1537 3116 quibuscunque
1557 3051 1732 3114 possent
1749 3049 1920 3098 artibus
1938 3059 1958 3082 -“

153 3119 448 3184 impedirent.
513 3119 606 3167 Hae
622 3117 767 3166 literae
785 3116 984 3181 vulgatae
1002 3115 1133 3165 aliter
1149 3116 1263 3164 alios
1280 3115 1554 3164 afficiebant.
1621 3115 1803 3179 Regina
1823 3115 1923 3160 An-

150 3184 262 3250 gliae
283 3184 468 3232 moleste
508 3181 702 3239 ferebat,
745 3182 788 3230 se
822 3180 1007 3242 violatae
1029 3179 1137 3229 fidei
1165 3181 1298 3247 argui
1323 3199 1336 3230 z
1365 3180 1655 3229 induciarum
1677 3188 1860 3244 quoque
1879 3168 1926 3225 se'
1985 3251 1987 3254 v

153 3314 207 3352 cis
223 3314 290 3352 the
308 3315 384 3353 first
399 3314 445 3353 of
454 3315 608 3360 france,
627 3299 697 3352 and
715 3312 841 3351 Milan
859 3311 1018 3352 retaken
1070 3308 1217 3360 Milan,
1250 3298 1317 3351 the
1329 3311 1485 3351 Sforzas
1513 3305 1624 3360 being
1649 3302 1754 3361 'quite
1799 3305 1921 3348 extin·
1940 3322 1942 3326 ·
1958 3286 1961 3291 .
1978 3317 1981 3324 ’

144 3369 228 3404 :and
259 3368 367 3416 again
402 3368 471 3406 lost
495 3375 532 3405 at
562 3367 630 3404 the
669 3367 784 3409 battle
813 3366 858 3405 of
881 3366 1008 3413 Pa‘via,
1065 3366 1230 3417 ‘guilhed-

154 3419 281 3456 where
310 3420 376 3458 the
409 3420 484 3458 said
521 3419 616 3468 king
633 3419 784 3458 Francis
803 3431 876 3458 was
893 3418 1011 3458 taken
1122 3415 1186 3470 (1)
1214 3419 1366 3458 Alfonfi
1385 3413 1643 3470 Neapolitani.

150 3473 202 3521 by
217 3471 282 3508 the
311 3485 415 3521 army
431 3473 477 3510 of
489 3473 645 3511 charles
663 3472 729 3511 the
750 3487 786 3525 5.
815 3471 1009 3523 Emperor,
1118 3471 1186 3523 (2)
1215 3473 1437 3522 Lombardy,
1456 3467 1584 3512 where
1597 3466 1729 3530 Milan
1738 3456 1941 3520 standena(

156 3523 279 3564 whose
303 3525 520 3575 ·succeff0rs,
553 3525 667 3577 kings
695 3525 741 3566 of
767 3525 895 3577 Spain,
916 3524 1009 3580 kept
1119 3525 1186 3579 (3)
1215 3525 1303 3570 The
1321 3523 1511 3566 Switze'rs.

1769 3595 1924 3645 autio-
