2078 3771
174 126 268 172 ιο
491 108 672 175 DE
766 50 1152 196 JUR'E
1256 100 1752 173 REGNI

174 208 237 254 ait
261 205 459 256 summus
480 205 844 253 administranda:
869 204 1158 267 Reipublicae
1197 204 1424 267 magister,
1467 217 1516 252 ut
1550 206 1646 252 Rex
1668 206 1774 252 esset
1793 206 1862 254 lex
1882 207 1944 256 lo-

166 290 306 334 quens,
331 270 398 318 lex
419 273 512 317 Rex
527 284 674 316 mutus.
731 276 796 318 Ar.
835 268 998 316 Statim
1022 269 1080 315 ab
1102 268 1237 316 initio
1257 269 1322 315 ita
1343 271 1494 332 Reges
1516 268 1797 325 laudaveras,
1826 285 1874 318 ut
1894 289 1943 318 e-

168 332 308 381 orum
327 336 597 396 majestatem
623 349 765 395 prope
789 334 1017 397 augustam
1041 340 1075 379 82
1104 333 1423 380 sacrosanetam
1443 334 1643 379 faceres:
1698 334 1840 380 Nunc
1865 352 1947 382 ve·-

170 401 224 446 ro
247 400 371 444 velut
404 399 675 459 poenitentia
711 409 964 454 revocatuS,
990 397 1138 444 nescio
1160 399 1326 460 quibus
1349 397 1564 460 angustiis
1589 412 1665 443 eos
1688 396 1944 454 concludis,

171 470 211 509 «Sc
237 463 281 508 in
301 464 452 523 legum
468 477 610 523 prope
634 461 782 507 dicam
802 461 1024 523 ergastula
1045 462 1260 523 conjeffis
1284 461 1541 508 neliberam
1562 460 1750 523 quidem
1775 463 1947 509 oratio-

171 545 277 573 nem
301 525 541 588 permittis.
613 525 695 570 Me
733 539 886 571 autem
920 543 975 571 ex
1002 543 1168 589 magna
1193 527 1266 587 spe
1291 525 1491 586 dejecisti
1518 545 1530 572 ε
1564 526 1795 587 sperabam
1820 527 1946 572 enim

168 591 284 644 sore,
315 603 361 634 ut
382 607 462 634 rem
489 588 638 649 (juxta
661 589 948 636 clarissimum
971 590 1165 636 historiae.
1189 591 1416 651 autorem)
1441 597 1552 636 inter
1573 591 1682 636 Deos
1696 591 1946 653 hominesque

161 655 505 717 pulcherrumam,
532 655 603 698 vel
634 666 711 700 tua
734 653 909 714 sponte,
935 656 1007 700 vel
1032 673 1057 701 a
1082 672 1153 701 me
1179 654 1460 709 admonitus,
1502 654 1549 700 in
1577 655 1793 700 orationis
1816 656 1947 701 cursu

171 718 215 763 in
235 724 360 763 suum
387 716 670 778 splendorem
691 717 942 765 restitueres
968 737 978 764 :
1016 736 1152 780 quam
1180 718 1461 768 tuomnibus
1480 717 1758 764 ornamentis
1781 717 1948 780 spolia-

169 795 258 827 tam
285 781 330 827 in
352 780 560 827 ordinem
590 782 807 844 redegesti
829 801 839 829 ;
869 788 908 829 &
931 783 1012 846 qui
1032 784 1206 845 primus
1230 783 1274 829 in
1300 783 1410 830 orbe
1433 795 1651 830 terrarum
1670 781 1758 828 fuit
1783 783 1947 844 magis·

166 858 325 900 tratus,
364 862 471 891 eum
494 847 691 909 angustis
713 847 1064 909 circumseptum
1103 848 1315 899 cancellis
1346 863 1490 909 prope
1523 847 1944 907 contemptibilem,

165 909 280 956 nulli
304 909 426 956 certe
447 909 549 956 sano
571 911 804 957 reddidisti
826 914 1098 974 optandum.
1175 912 1292 976 Qis
1315 911 1437 958 enim
1460 912 1576 958 sanae
1596 910 1759 957 mentis
1786 912 1944 958 nonin

165 974 387 1020 mediocri
408 973 591 1020 fortuna
615 975 838 1022 subsistere
864 977 1067 1038 privatus
1090 978 1239 1030 malit,
1255 976 1458 1038 quamin
1478 974 1709 1038 perpetuis
1730 975 1944 1023 molestiis

166 1039 361 1084 aliorum
387 1038 588 1085 intentus
613 1039 808 1103 negotiis
839 1040 924 1086 suae
949 1042 1010 1086 rei
1038 1042 1278 1105 negligens
1311 1053 1456 1087 totum
1482 1039 1586 1085 vitae
1610 1038 1787 1086 cursum
1813 1040 1871 1086 ad
1896 1056 1946 1086 a·

166 1102 308 1149 lienas
352 1103 547 1150 rationes
570 1120 846 1165 componere
887 1108 904 1150 ἓ
993 1108 1080 1152 uod
1106 1106 1135 1152 fi
1160 1107 1237 1151 ista
1260 1103 1483 1167 regnandi
1523 1104 1694 1166 ubique
1716 1104 1946 1166 proposita

164 1168 217 1214 fit
239 1167 461 1222 conditiO,
485 1184 645 1215 vereor
667 1185 721 1214 ne
746 1168 890 1230 maJ'or
908 1171 1097 1231 penuria
1114 1173 1294 1233 Regum
1319 1171 1368 1216 fit
1387 1168 1556 1222 futura,
1575 1184 1711 1231 quam
1730 1167 1775 1213 in
1796 1168 1945 1230 prima

163 1233 322 1278 nostrae
347 1232 582 1294 religionis
605 1233 798 1279 infantia
821 1233 959 1281 fuerit
978 1234 1324 1296 Episcoporurn.
1386 1235 1488 1280 Nec
1512 1233 1668 1286 miror,
1696 1233 1723 1278 fi
1749 1233 1804 1278 ad
1829 1233 1947 1279 hanc

163 1296 403 1343 formulam
426 1298 680 1359 spedlentur
703 1299 869 1361 Reges,
896 1299 1008 1345 olim
1033 1299 1058 1346 ὲ
1080 1300 1274 1361 pascuiS,
1316 1302 1366 1349 &
1399 1299 1461 1345 ab
1475 1310 1625 1344 aratro
1648 1297 1834 1360 petitos,
1861 1297 1945 1360 qui

162 1364 430 1424 praeclarum
455 1362 582 1408 istum
608 1362 826 1409 honorem
852 1362 1127 1427 acciperent.

234 1427 334 1472 XX.
370 1429 427 1473 B.
467 1426 592 1473 Vide
614 1428 765 1488 quaeso
788 1442 961 1491 quanto
1002 1428 1050 1474 in
1080 1444 1230 1474 errore
1251 1426 1453 1482 verseris,
1494 1426 1573 1490 qni
1624 1442 1716 1473 non
1739 1425 1944 1474 fruendae

158 1489 359 1552 justitiae,
386 1490 458 1536 sed
483 1492 730 1553 voluptatis
754 1493 883 1538 causa
907 1494 1057 1555 Reges
1101 1509 1128 1537 a
1161 1493 1343 1555 populis
1367 1498 1404 1538 δι
1432 1490 1693 1538 nationibus
1715 1492 1942 1554 expetitos

163 1569 296 1619 putes
323 1571 334 1600 t
369 1570 518 1616 neque
541 1555 704 1600 honori
728 1556 881 1602 locum
904 1558 987 1603 effe
1011 1556 1255 1606 existimes.
1302 1557 1379 1602 ubi
1420 1555 1594 1601 divitiae
1620 1561 1657 1601 ἀ
1683 1556 1942 1617 voluptates

163 1637 255 1668 non
282 1620 481 1665 affluant.
552 1620 657 1680 Qa
676 1619 722 1664 in
748 1636 795 1664 re
817 1634 1037 1683 quantum
1060 1638 1215 1668 eorum
1242 1618 1537 1682 amplitudini
1560 1620 1788 1673 detrahas,
1812 1619 1943 1682 cogi-

163 1697 225 1732 ta.
293 1686 346 1730 Id
371 1700 462 1745 quo
485 1682 661 1729 facilius
685 1684 935 1748 intelligam,
958 1687 1117 1732 confer
1136 1683 1251 1731 mihi
1275 1687 1475 1747 aliquem
1502 1701 1558 1741 ex
1582 1683 1636 1730 iis
1659 1700 1775 1746 quos
1799 1696 1846 1729 tu
1874 1684 1944 1730 vi·

163 1748 283 1796 deris
305 1751 482 1810 Regem
507 1749 633 1794 velut
656 1750 909 1810 puellarum
937 1767 1139 1813 puppam
1165 1749 1396 1804 vestitum,
1435 1755 1472 1796 δε
1515 1749 1571 1794 ad
1600 1749 1780 1795 inanem
1809 1765 1941 1808 pom-

162 1832 269 1876 pam
296 1826 464 1874 magno
483 1828 587 1858 cum
612 1812 738 1868 fastu,
755 1814 934 1876 ingenti
958 1816 1091 1862 &urba
1109 1811 1337 1877 stipatum,
1359 1812 1569 1877 produci,
1594 1813 1721 1874 cujus
1746 1825 1794 1858 tu
1820 1812 1942 1859 fimi-

162 1878 407 1926 litudinem
428 1877 474 1922 in
498 1894 552 1922 eo
574 1894 710 1940 quam
737 1879 1030 1926 describimus
1051 1881 1179 1941 Rege
1201 1880 1441 1926 desideras.
1512 1875 1704 1931 Confer,
1727 1877 1935 1940 inquam,

162 1943 348 1990 istorum
373 1941 572 2004 aliquem
598 1957 701 1988 cum
722 1943 784 1988 eis
807 1943 889 2005 qui
915 1944 1029 1990 olim
1052 1944 1160 1991 clari
1186 1942 1370 1991 fuerunt
1396 1962 1406 1989 :
1442 1958 1637 2005 quorum
1663 1941 1799 1987 etiam
1819 1958 1942 1988 nunc

162 2008 301 2062 vivit,
327 2006 545 2069 vigetque
569 2011 611 2054 ὅ(
642 2007 695 2052 ad
721 2008 917 2070 posteros
941 2009 1195 2055 celebratur
1216 2008 1453 2055 memoria.
1500 2006 1576 2053 Illi
1600 2001 1807 2068 profefio
1831 2007 1943 2054 tales

164 2072 366 2126 fuerunt,
390 2071 572 2133 qualern
596 2087 684 2133 ego
713 2073 850 2119 modo
873 2073 1124 2136 designavi.
1178 2073 1417 2119 Audistine
1444 2087 1645 2132 unquam
1671 2071 1809 2116 fando
1834 2072 1941 2117 Ma·

164 2139 384 2184 cedonem
408 2135 540 2181 illurn
566 2135 853 2198 Philippum,
879 2138 982 2184 cum
1017 2138 1200 2192 vetulae,
1254 2137 1448 2196 Utficam
1471 2134 1638 2194 causam
1657 2137 1843 2189 audiret,
1867 2150 1941 2181 ro-

163 2200 310 2267 ganti,
364 2199 676 2262 respondifi'et‚
724 2199 817 2247 Sibe·
840 2220 917 2247 non
949 2205 1020 2266 tffi
1039 2208 1164 2249 olium
1188 2220 1204 2247 .·
1237 2202 1408 2264 illaque
1430 2199 1696 2258 subjecisset,
1730 2201 1874 2262 Igitur
1895 2218 1944 2246 ne

154 2271 218 2332 fis
241 2268 335 2313 Rex
357 2285 373 2311 :
406 2264 643 2318 audistine,
678 2264 888 2328 inquam,
928 2274 985 2313 ab
1009 2283 1097 2313 anu
1122 2266 1400 2329 paupercula
1420 2265 1596 2327 Regem
1620 2275 1689 2309 tot
1713 2263 1942 2309 bellorum

168 2332 406 2384 'vi&orem,
435 2342 501 2375 tot
523 2330 736 2392 gentium
767 2330 1124 2385 dominatorem,
1152 2330 1215 2376 sui
1239 2330 1527 2376 admonitum
1551 2326 1690 2374 officii
1711 2328 1901 2390 paruisse
1925 2344 1938 2375 ε

172 2399 220 2445 &t
246 2396 370 2458 quod
394 2395 577 2455 Regum
612 2395 716 2440 esset
741 2411 906 2441 munus
942 2396 1174 2459 agnovisse
1197 2398 1214 2442 ἓ
1250 2394 1424 2442 Confer
1445 2392 1588 2456 igitur
1621 2392 1740 2438 hunc
1764 2391 1942 2455 Philip·

165 2477 276 2523 pum
311 2475 418 2505 cum
446 2457 655 2522 Regibus
680 2476 771 2505 non
795 2460 935 2507 modo
957 2460 1169 2507 maximis
1193 2459 1272 2521 qui
1296 2454 1486 2506 nuncin
1510 2458 1695 2519 Europa
1719 2455 1836 2510 sunt,
1868 2456 1944 2505 sed

165 2541 270 2571 cum
295 2523 422 2570 omni
444 2523 676 2570 vetustatis
696 2523 918 2571 memoria
942 2545 952 2572 :
979 2526 1154 2572 nullum
1178 2524 1381 2586 profee‘to
1403 2521 1655 2585 comperies
1679 2520 1940 2583 prudentia,

163 2585 451 2642 fortitudine,
471 2587 678 2633 laborum
694 2587 915 2648 patientia
936 2606 1090 2653 parem
1109 2604 1306 2652 :paucos
1331 2587 1649 2651 magnitudine
1671 2583 1860 2631 ditionis
1880 2601 1942 2631 ae-

160 2650 335 2717 quales.
361 2651 641 2716 Agesilaum,
653 2653 1200 2711 Leonidamfiaeteros‘ssue
1212 2651 1667 2699 Lacedaemoniorum
1680 2650 1831 2712 Reges
1847 2650 1877 2696 fi
1891 2666 1944 2695 e·

164 2733 418 2772 numerem,
436 2721 503 2777 (at
527 2728 721 2779 quantos
744 2717 889 2765 viros!
909 2722 923 2777 )
950 2719 1153 2765 obsoleta
1173 2717 1366 2765 videbor
1386 2716 1597 2777 exempla
1615 2713 1833 2777 proferre.
1866 2713 1942 2761 U-

160 2799 274 2829 num
291 2795 442 2828 tamen
459 2781 664 2828 Lacaenae
687 2783 852 2843 puellae
870 2782 1045 2837 difium
1069 2782 1244 2829 silentio
1268 2781 1498 2844 praeterire
1520 2796 1610 2825 non
1639 2778 1827 2842 poffum.
1874 2779 1943 2824 Ea

163 2847 410 2909 estGorgo
434 2844 700 2904 Cleomedls
720 2846 828 2893 filia.
896 2848 1016 2895 Haec
1037 2862 1142 2893 cum
1163 2845 1339 2895 videret
1358 2845 1531 2892 servum
1555 2841 1721 2906 hospiti
1739 2841 1942 2889 Asiatico

166 2911 317 2958 soccos
343 2909 678 2966 detrahentem,
700 2925 938 2959 accurrens
960 2913 1018 2965 ad
1039 2924 1215 2975 patrem
1239 2907 1942 2970 exclamavit‚Pater‚hospesma-

165 2994 238 3021 nus
248 2994 324 3021 non
345 2973 489 3021 habet.
515 2976 624 3035 Quo
639 2990 695 3021 ex
719 2975 895 3038 puellae‘
909 2977 1030 3024 dieto
1046 2976 1104 3022 de
1124 2975 1453 3023 totaLaconica
1469 2971 1942 3035 disciplina,Regum-

165 3056 255 3101 que
277 3039 523 3086 domestica
542 3039 868 3087 consuetudine
890 3040 1026 3088 facile
1039 3038 1250 3101 judicare
1273 3051 1418 3102 potes.
1473 3038 1539 3084 At
1560 3035 1640 3109 qui
1662 3050 1717 3081 ex
1736 3033 1821 3082 hac
1844 3033 1940 3083 rus-

164 3104 259 3150 tica
276 3104 350 3150 sed
371 3102 495 3150 virili
531 3102 772 3166 disciplina
791 3105 1077 3167 prodierunt,
1121 3104 1222 3150 haec
1255 3103 1595 3166 qualiacunque
1626 3099 1726 3146 sunt
1749 3115 1942 3162 pepere-

166 3179 272 3213 runt
296 3186 306 3213 :
339 3184 396 3214 ex
419 3168 499 3214 ista
520 3183 628 3213 vero
650 3168 865 3224 Afiatica,
912 3170 994 3233 qui
1017 3168 1218 3226 maxima
1254 3184 1397 3231 regna
1419 3183 1499 3231 per
1522 3179 1680 3212 manus
1706 3180 1730 3209 a
1754 3162 1941 3223 majori-

164 3229 249 3278 bus
273 3232 436 3279 tradita
477 3247 557 3294 per
578 3231 805 3280 luxuriam
831 3232 1129 3299 &ignaviam
1150 3232 1411 3280 amiserunt.
1478 3231 1554 3284 Et,
1603 3240 1651 3275 ut
1672 3228 1847 3274 veteres
1884 3242 1942 3272 o-
1988 3236 1993 3240 “

166 3295 364 3350 mittam,
406 3295 506 3343 talis
531 3295 620 3342 fuit
642 3313 734 3343 non
769 3300 884 3347 adeo
918 3299 1099 3362 pridem
1122 3297 1244 3359 apud
1268 3296 1482 3344 Galaecos
1504 3291 1736 3357 Pelagius,
1784 3291 1863 3354 qui
1888 3290 1942 3338 in

167 3356 389 3423 Hispania
412 3361 735 3423 Saracenorum
758 3379 869 3425 opes
885 3362 1061 3426 primus
1083 3360 1392 3416 labefactavit,
1407 3361 1531 3423 apud
1553 3357 1677 3404 hunc
1697 3353 1910 3419 quamvis

174 3426 184 3430 ”
343 3463 346 3467 .
548 3429 770 3486 ignemque,
789 3427 1011 3491 laremque,
1384 3483 1386 3485 .
1589 3457 1592 3462 ·
1646 3447 1667 3459 ··

356 3488 413 3533 Et
425 3498 563 3547 jesus,
588 3487 833 3538 &dominos
853 3497 1069 3539 communis
1091 3491 1298 3547 clauderet
1315 3486 1465 3545 umbra
1487 3505 1504 3533 .·
1552 3509 1553 3518 ¹
1680 3525 1682 3529 ,

165 3553 282 3602 adeo
302 3564 454 3600 tamen
477 3550 707 3611 Hispanos
730 3557 882 3616 Reges
904 3557 1001 3617 ejus
1024 3573 1113 3603 non
1136 3553 1300 3617 pudet,
1326 3566 1373 3598 ut
1390 3551 1436 3598 in
1464 3547 1662 3598 maxima
1684 3545 1832 3611 gloria
1851 3559 1936 3606 ps>-

165 3631 276 3666 nant
297 3613 425 3681 quod
469 3614 527 3660 ab
564 3629 619 3660 eo
642 3615 950 3667 (intonandi.
1018 3621 1108 3667 Sed
1130 3633 1238 3667 cum
1259 3617 1336 3666 hic
1357 3616 1484 3664 locus
1507 3614 1762 3679 longiorem
1789 3608 1882 3672 post
1897 3625 1937 3653 -1-
