2085 3864
491 134 820 202 L1BER
910 130 1320 197 SEXTUS.
1687 145 1805 208 133

219 597 1645 692 RERUMscoTleARUM

121 805 218 899 H
365 800 408 891 I
549 796 612 886 S
750 786 848 884 T
990 790 1084 883 O
1223 790 1318 883 R
1457 789 1502 882 I
1647 789 1747 883 A

228 986 446 1040 AuEtore
500 974 877 1035 GnoR‘mo
934 978 1435 1032 BucHAuAno
1489 974 1653 1030 Scoto-

546 1142 854 1192 LIBER
919 1136 1335 1188 SEXTUS.

322 1352 371 1399 ni
391 1354 632 1398 Scotorum
651 1347 909 1395 conditores
927 1344 1127 1408 superius
1150 1343 1506 1403 nominavimus,
1520 1356 1720 1392 1tanunc
1738 1362 1834 1393 non

319 1415 486 1478 injuria
507 1413 803 1460 Kennethum
834 1410 998 1474 Alpini
1021 1409 1165 1458 filium
1187 1409 1373 1457 tertium
1396 1408 1446 1455 in
1467 1425 1572 1456 eum
1591 1424 1833 1456 nnmerum

63 1483 326 1532 referemus.
396 1479 525 1527 Prior
547 1476 670 1526 enim
692 1476 928 1541 Fergufius
951 1492 1008 1522 ex
1038 1474 1233 1523 modicis
1263 1473 1407 1522 initiis
1443 1477 1602 1522 Scotos
1633 1474 1691 1520 ad
1723 1490 1835 1537 opes

62 1542 225 1596 vicinis
246 1544 492 1593 invidiosas
512 1542 724 1608 provexit
748 1559 760 1587 :
793 1541 1014 1588 secundus
1037 1553 1256 1594 extorreS,
1281 1545 1320 1586 δι
1343 1539 1392 1586 in
1418 1538 1693 1603 longinquas
1715 1538 1834 1585 nati·

65 1629 177 1660 ones
201 1609 439 1674 dispersOS,
463 1614 503 1657 δε
531 1607 826 1655 inimicorum
848 1605 1067 1668 opinione
1088 1604 1269 1669 penitus
1292 1603 1516 1651 extinfitos
1537 1605 1666 1650 velut
1693 1603 1741 1650 in
1762 1603 1837 1650 vi·

70 1689 163 1724 tam
182 1673 431 1728 revocavit,
446 1678 486 1718 δε
510 1672 630 1719 intra
645 1688 815 1733 paucos
837 1686 979 1716 annos
999 1669 1053 1717 in
1070 1669 1306 1733 pristinum
1323 1668 1609 1731 splendorem
1627 1667 1835 1715 restituit.

66 1742 134 1788 At
154 1755 262 1785 vero
286 1737 535 1784 Kennetho
560 1735 609 1782 in
639 1735 772 1782 rebus
795 1751 938 1797 prope
956 1734 1203 1797 deploratis
1234 1746 1421 1795 accepto
1442 1749 1603 1798 regno,
1627 1749 1733 1779 cum
1755 1732 1836 1779 alii

66 1804 147 1851 vix
168 1802 382 1864 reliquias
405 1799 584 1849 miseras
606 1799 810 1853 defendi,
831 1804 872 1846 δε
894 1799 1118 1846 contineri
1136 1799 1257 1861 poffe
1274 1797 1517 1860 sperarent,
1543 1809 1719 1843 tantum
1737 1796 1839 1843 ani·

67 1868 134 1916 mi
155 1865 391 1929 superfuit,
413 1878 462 1912 ut
479 1865 649 1911 hostem
672 1862 869 1912 externis
891 1862 1074 1910 auxiliis
1098 1862 1282 1916 fretum,
1300 1868 1339 1908 &
1362 1861 1533 1908 recenti
1554 1861 1744 1908 visioria
1756 1878 1836 1907 ex-

68 1933 292 1980 ultantem
315 1929 488 1982 multis,
514 1934 554 1975 &
582 1928 762 1990 asperis,
787 1927 857 1974 sed
884 1941 1034 1974 tamen
1053 1926 1260 1973 secundis
1290 1926 1460 1988 praeliis
1483 1925 1687 1989 fregerit,
1719 1926 1838 1973 frac-

70 2008 262 2058 tumque
283 2009 340 2039 ex
371 1992 498 2039 omni
529 1992 763 2039 Britannia
795 1991 1018 2054 exegerit,
1044 2007 1304 2054 nomenque
1327 1990 1530 2056 Regium
1553 1991 1689 2038 semel
1710 2007 1841 2054 erep-

71 2073 171 2108 tum
190 2073 424 2120 nunquam
446 2073 505 2118 ex
520 2072 576 2102 eo
594 2056 668 2104 die
689 2057 741 2103 fit
761 2058 904 2120 paffus
920 2057 989 2118 (1)
1004 2073 1110 2103 eum
1132 2055 1370 2104 resumere.
1437 2057 1555 2103 Haec
1576 2072 1843 2118 quanquam

70 2140 240 2188 magna
260 2122 376 2178 sunt,
402 2134 553 2168 tamen
571 2137 761 2184 operum
781 2122 876 2183 ejus
899 2136 989 2167 non
1014 2120 1113 2169 sunt
1128 2121 1341 2168 maxima.
1408 2123 1625 2184 Regnum
1643 2121 1766 2167 enim
1790 2121 1842 2168 in

72 2190 263 2252 duplam
291 2186 657 2250 magnitudinem
681 2203 707 2233 a
739 2185 782 2233 se
800 2188 984 2233 auctum
1019 2185 1084 2232 ita
1113 2185 1294 2250 legibus
1326 2185 1455 2233 novis
1487 2185 1778 2248 temperavit,
1802 2190 1844 2232 δε

70 2251 309 2315 disciplina
328 2263 480 2298 vetere
513 2251 762 2307 roboravit,
791 2263 839 2298 ut
862 2266 945 2297 nec
969 2249 993 2297 ὲ
1015 2250 1140 2296 bello
1162 2263 1279 2297 natae
1302 2250 1517 2305 licentiae,
1541 2265 1626 2296 nec
1649 2251 1674 2298 ὲ
1696 2249 1841 2297 visto-

75 2318 145 2365 ria
165 2316 432 2371 insolentiae,
459 2330 542 2362 nec
565 2316 861 2380 flagitiorum,
882 2332 986 2378 quae
1016 2315 1262 2370 luxuriam,
1291 2321 1331 2362 &
1354 2316 1506 2362 ocium
1530 2313 1740 2362 comitari
1771 2314 1844 2361 so·

70 2383 186 2436 lent,
208 2381 356 2427 ullum
373 2379 616 2444 vestigium
639 2398 694 2428 eo
711 2380 819 2428 vivo
841 2378 1104 2443 apparuerit
1123 2398 1134 2427 ε
1167 2396 1220 2426 ac
1239 2380 1419 2443 legibus
1442 2379 1557 2439 ejus,
1581 2396 1693 2443 quas
1708 2379 1841 2426 Mac-

76 2446 312 2509 alpinanas
344 2445 575 2508 posteritas
605 2444 741 2499 dixit,
766 2444 923 2492 multis
944 2444 1158 2507 deinceps
1181 2444 1351 2491 saeculis
1385 2460 1477 2490 non
1512 2444 1680 2499 minus,
1702 2460 1844 2508 quam

75 2512 212 2558 armis
236 2510 415 2561 Scotica
435 2527 505 2556 res
528 2510 637 2556 stare
658 2509 750 2557 visa
771 2512 847 2558 est.
868 2509 871 2510 ⁷
891 2509 981 2556 Sed
999 2508 1068 2555 his
1091 2507 1255 2556 omissis
1278 2526 1360 2557 nos
1380 2525 1449 2556 res
1472 2508 1568 2570 ejus
1590 2510 1749 2574 gestas,
1776 2508 1845 2557 uti

60 1291 102 1342 I.
125 1287 336 1452 UT
360 1283 622 1350 Fergufium
642 1281 862 1346 primum,
883 1296 935 1329 ac
953 1279 1119 1328 deinde
1142 1278 1389 1327 secundum
1406 1277 1509 1339 jure
1523 1278 1707 1351 optimo
1726 1295 1831 1345 reg„

75 2574 318 2636 coepimu8‚
353 2574 692 2636 prosequemur.

142 2639 206 2685 II.
240 2638 376 2684 Piffls
398 2637 539 2701 igitur
556 2638 722 2685 exactis
747 2638 1018 2687 Kennethus
1046 2655 1178 2702 agros
1204 2655 1288 2702 pro
1318 2637 1485 2693 virtute
1507 2637 1724 2703 cujusque
1755 2637 1846 2687 suis

78 2702 231 2750 divifit
249 2718 444 2764 quorum
462 2702 654 2750 ambitio
677 2702 833 2750 multis
852 2703 983 2759 locis,
1009 2706 1057 2754 ὃς
1080 2703 1344 2767 regionibus
1363 2720 1483 2751 nova
1511 2703 1699 2753 nomina
1722 2716 1846 2751 vete-

77 2768 205 2814 ribus
236 2766 487 2820 obliteratis
518 2767 748 2831 imposuit.
828 2768 1088 2817 Horestiam
1122 2768 1301 2815 duobus
1336 2767 1551 2816 fratribus
1582 2770 1763 2823 AEneae,
1792 2770 1846 2819 ὅς

79 2833 258 2880 Mernae
275 2830 464 2892 partitus
487 2831 562 2878 est.
630 2833 791 2880 Altera
819 2848 919 2895 pars
941 2832 1186 2896 priscorum
1213 2834 1452 2880 Scotorum
1473 2832 1676 2880 sermone
1698 2833 1849 2879 adhuc

83 2895 252 2943 AEneia
268 2894 435 2941 dicitur
460 2913 471 2941 ε
507 2895 610 2958 (qui
643 2897 843 2959 Anglice
877 2892 1145 2961 loquuntur,
1170 2898 1421 2961 Angustam
1443 2897 1678 2944 nominare
1700 2897 1847 2944 malu-

81 2961 240 3018 erunt),
262 2959 402 3005 altera
422 2959 607 3007 Mernia
629 2962 901 3024 appellatur.
969 2961 1230 3009 Proximam
1259 2961 1496 3025 regionem
1529 2979 1555 3009 a
1575 2960 1680 3008 Tao
1709 2960 1848 3025 usque

82 3025 143 3071 ad
164 3025 198 3069 F
202 3023 380 3069 ortham
409 3037 597 3085 apparet
612 3025 842 3072 veteribus
864 3025 1032 3074 dictam
1053 3026 1182 3073 fuiss‘e
1204 3025 1417 3080 Rossiam,
1442 3026 1529 3072 hoc
1552 3026 1612 3072 est
1633 3024 1848 3087 peninsu-

0 3107 1 3121 2
83 3090 177 3135 lam
200 3104 211 3132 z
244 3086 369 3146 cujus
393 3088 590 3134 nominis
626 3089 798 3137 indicia
833 3090 984 3139 adhuc
1008 3091 1188 3147 restant,
1214 3091 1432 3137 Culroflia
1459 3090 1701 3153 oppidum,
1722 3089 1848 3151 quod

84 3154 146 3199 ‘est
167 3151 293 3197 velut
314 3150 512 3207 dorsum,
531 3164 611 3199 aut
629 3154 846 3215 posterior
866 3170 967 3217 pars
989 3152 1151 3203 Roffiae
1174 3173 1184 3201 ε
1209 3158 1259 3203 &
1277 3153 1517 3208 Kinroffia,
1541 3153 1667 3218 quod
1688 3152 1850 3199 Rofliae

85 3226 242 3280 caput.
311 3215 425 3261 Eam
457 3215 693 3279 regionem
724 3234 847 3265 nunc
867 3217 1016 3266 Fifam
1045 3230 1228 3272 vocant,
1252 3234 1279 3264 a
1301 3217 1402 3264 Fifo
1423 3220 1522 3264 viro
1544 3217 1750 3281 egregio,
1774 3218 1851 3266 cui

87 3294 345 3344 cognomen
368 3279 512 3327 Duffo
534 3280 662 3327 fuiffe
678 3279 822 3329 aiunt.
874 3282 1169 3330 Barodunum
1191 3277 1415 3344 oppidum
1438 3281 1486 3328 in
1509 3281 1751 3336 Lothiana,
1776 3284 1852 3330 vel

81 3345 215 3406 juxta
236 3343 372 3389 aliam
394 3344 638 3390 dialcetum
657 3345 948 3392 Dumbarum
971 3363 997 3392 a
1017 3346 1117 3392 viro
1135 3347 1328 3400 strenuO,
1345 3346 1419 3392 cui
1441 3348 1527 3392 Bar
1548 3358 1643 3392 erat
1664 3342 1852 3403 nomen,

89 3407 372 3471 appellatum
394 3408 610 3455 creditur.
679 3409 906 3458 Lothiana
930 3426 1021 3457 non
1042 3409 1108 3457 ita
1122 3410 1301 3471 pridem
1324 3427 1350 3456 a
1370 3411 1522 3456 Lotho
1543 3412 1672 3474 Rege
1701 3412 1851 3458 Piero-

89 3489 191 3529 rum
210 3487 377 3518 nomen
398 3472 612 3522 habebat.
681 3473 961 3538 Cunigamia
979 3483 1069 3522 vox
1096 3475 1155 3521 est
1175 3473 1354 3537 prorsus
1375 3474 1572 3532 Danica‚
1597 3492 1734 3538 quam
1756 3476 1855 3539 post

143 3600 206 3653 (r)
233 3602 380 3653 Nempe
397 3601 553 3650 hostem,
573 3602 607 3640 id
626 3603 675 3642 est
695 3601 844 3642 pistos,

1730 3656 1860 3704 Ken-
