2158 3874
613 177 945 243 Lissa
1037 174 1458 242 Pramus.
1864 199 1948 258 21

163 296 260 350 quo
288 279 383 331 fere
403 280 580 345 speEtat,
597 278 654 325 ad
682 276 910 324 orientem
939 273 1187 322 hibernum
1212 274 1463 331 Carietam‚
1484 273 1540 321 ad
1555 274 1848 326 occidentem
1880 280 1955 327 hi-

158 353 364 398 bernum
401 344 697 399 Hiberniam,
731 342 789 388 ad
812 340 1101 390 occidentem
1137 340 1336 388 aestivum
1360 339 1620 387 Kinteram.
1689 343 1766 388 Ad
1786 344 1959 407 viginti

165 429 365 482 quatuor
385 411 534 458 millia
554 409 611 455 ab
645 409 731 455 hac
767 407 847 453 fita
867 407 928 453 est
951 403 1141 460 Arania,
1183 405 1276 453 fere
1297 406 1355 452 in*
1369 405 1699 468 septentriones
1720 423 1915 471 vergens
1940 428 1954 457 ε

165 482 308 543 longa
328 475 496 540 viginti
519 483 717 538 quatuor
739 471 902 526 millia,
928 468 1126 517 sedecim
1144 470 1251 517 lata.
1320 471 1449 518 Tota
1469 469 1517 516 in
1541 470 1799 526 altiffimos,'
1817 485 1959 537 atque

164 541 457 592 asnerrrimos
477 553 656 586 montes
676 538 877 600 assurgit.
949 534 1056 581 Sola
1090 535 1322 583 maritima
1355 552 1435 582 ora
1456 536 1639 583 colitur.
1709 537 1844 583 Mare
1866 554 1960 600 qua

164 594 388 655 humilior
409 605 488 660 est,
519 605 779 666 irrumpens
800 602 850 648 in
872 617 927 647 ea
944 599 1092 647 finum
1131 598 1232 646 satis
1256 617 1484 663 magnum·
1501 599 1614 647 facit
1639 619 1650 647 t
1705 600 1778 662 cuj
1788 619 1835 648 us
1858 603 1961 650 adi-

165 685 265 720 tum
294 671 469 720 claudit
491 669 639 717 insula
664 670 734 731 (1)
762 666 935 713 Molas.
1000 665 1165 728 Itaque
1189 665 1422 712 montibus
1444 666 1650 728 undique
1676 665 1718 712 se
1741 668 1958 715 attollen-

163 737 308 793 tibus,
331 753 384 785 ac
402 747 647 783 ventorum
670 733 898 794 impetum
917 728 1238 794 frangentibus
1262 742 1424 792 portus
1445 730 1637 778 navibus
1659 729 1783 779 int-us
1802 734 1863 778 est
1885 744 1960 780 tu-

163 803 352 850 tiffimus
376 821 386 849 z
427 799 533 848 &in
557 797 688 861 aquis
712 809 937 860 perpetuo
965 794 1228 857 tranquillis
1252 793 1440 857 piscatio
1466 796 1582 843 adeo
1605 796 1806 859 copiosa,
1856 809 1906 844 ut
1926 798 1959 845 fi

163 868 280 931 quid
307 869 440 919 ultra,
461 863 600 926 quam
625 862 753 926 quod
771 861 821 907 in
845 875 988 908 unum
1012 860 1139 907 diem
1162 859 1218 906 fit·
1236 859 1337 906 satis
1356 861 1579 924 capiatur,
1599 862 1770 908 accolae
1788 861 1847 909 in-
1862 879 1960 909 ma-

162 949 229 987 re,
257 946 476 994 tanquam
496 927 544 974 in
565 927 785 991 piscinam
802 926 853 974 id
874 924 1137 989 projiciant.
1171 924 1277 972 Nec
1298 926 1437 989 longe
1455 927 1512 973 ab
1529 926 1714 972 Araniae
1734 925 1877 975 litore
1887 928 1960 989 ja-

163 1010 237 1044 cet
258 997 406 1044 insula
432 994 603 1058 exigua
642 992 784 1040 Flada
805 991 1128 1039 cuniculorum
1152 989 1431 1038 feracissima.
1523 992 1639 1038 Bota
1676 993 1782 1038 octo
1811 991 1962 1041 mil-lia

163 1063 373 1126 passuum
406 1062 564 1123 longa,
590 1055 796 1124 quatuor>
822 1059 915 1104 lata
944 1054 1135 1103 interius
1169 1054 1219 1101 in
1257 1055 1459 1104 aestuario
1483 1056 1663 1102 Glottae
1697 1056 1778 1102 fita
1799 1058 1876 1114 est,
1902 1057 1961 1105 ab

162 1128 339 1174 Arania
361 1125 451 1188 (uti
473 1125 648 1171 dietum
671 1125 751 1182 est)
778 1123 882 1168 οὲὶο
907 1120 1054 1167 millia
1087 1121 1295 1185 passuum
1319 1122 1377 1168 ad
1410 1121 1638 1168 orientem
1662 1120 1865 1170 aestivum
1887 1123 1959 1170 di-

164 1193 296 1239 stans.
366 1188 708 1237 Aboccidente
729 1187 878 1233 aestivo
902 1187 1023 1233 abest
1043 1186 1100 1233 ab
1125 1185 1398 1250 Argathelia
1420 1188 1523 1249 plus
1547 1185 1699 1232 minus
1727 1186 1959 1252 quingen-

164 1269 234 1304 tos
258 1257 421 1319 passus,
438 1255 496 1301 ad
519 1251 744 1301 orientem
769 1250 1090 1314 aCunigamia
1107 1250 1181 1299 sex
1200 1249 1347 1297 millia
1368 1253 1590 1314 passuum.
1612 1253 1739 1297 Tota
1760 1251 1856 1299 fere
1873 1253 1959 1299 hu-

163 1321 286 1370 milis
311 1321 387 1375 est,
415 1325 455 1366 δι
479 1318 710 1382 frugibus,
737 1323 777 1364 &
800 1316 978 1380 pascuis
1002 1317 1106 1364 satis
1130 1318 1394 1363 commoda.
1463 1317 1622 1364 Unam
1643 1316 1782 1364 habet
1803 1317 1961 1366 insulae

162 1385 493 1449 cognominem
510 1385 688 1438 urbem,
709 1389 748 1430 δι
764 1382 812 1428 in
824 1399 878 1429 ea
887 1394 1090 1429 veterem
1104 1398 1256 1430 arcem
1271 1381 1500 1429 Rosaiarn.
1564 1381 1723 1428 Aliam
1736 1381 1876 1430 habet
1889 1400 1960 1430 ar-

164 1466 266 1498 cem
301 1452 358 1498 ad
378 1451 542 1504 finum,
567 1449 650 1513 qui
672 1448 877 1495 sermone
895 1447 1048 1510 patrio
1067 1448 1253 1503 Carnes,
1278 1447 1367 1493 hoc
1386 1448 1464 1502 est,
1488 1447 1733 1510 KampsOS‚
1752 1461 1959 1497 vocatur.

163 1517 242 1564 Ad
264 1515 556 1563 occidentem
582 1514 827 1561 hibernum
852 1516 913 1560 est
933 1512 1082 1559 insula
1102 1515 1327 1561 Mernoca
1355 1511 1562 1567 humilis,
1596 1518 1637 1559 ὅσ
1671 1528 1756 1575 pro
1779 1514 1961 1578 magni-

161 1581 326 1629 tudine
349 1579 529 1633 fertiIis,
555 1586 594 1627 &
618 1580 768 1626 culta:
795 1578 924 1628 mille
946 1578 1091 1640 paffus
1128 1578 1286 1642 longa,
1312 1578 1592 1642 quingentos
1612 1578 1718 1624 lata.
1793 1579 1961 1626 Interi-

166 1664 217 1694 us
253 1648 300 1693 in
339 1645 544 1693 aestuario
577 1645 756 1691 Glottae
788 1644 889 1690 sunt
922 1643 1132 1690 Cumbra
1165 1644 1328 1704 major,
1362 1649 1403 1690 δε
1427 1642 1578 1689 minor
1600 1641 1789 1690 modico
1815 1643 1960 1708 spatio

165 1712 408 1773 diremptae
431 1729 442 1757 2
466 1710 612 1771 major
633 1708 839 1771 frugum,
867 1707 1021 1754 minor
1041 1709 1362 1770 platyceroton
1386 1708 1529 1754 ferax.

228 1777 430 1823 XXXV.
465 1775 507 1821 A
529 1774 851 1838 promontorio
874 1773 1074 1819 Cantera
1091 1773 1233 1835 paulo
1254 1772 1360 1835 plus
1383 1772 1512 1819 mille
1530 1774 1676 1836 paffus
1695 1772 1817 1820 abest
1830 1774 1960 1820 Avo-

163 1858 240 1896 na,
265 1841 313 1887 id
335 1841 397 1887 est
421 1838 631 1902 portuosa
654 1856 665 1884 :
700 1838 747 1884 id
772 1852 1032 1900 cognomen
1056 1839 1225 1900 adepta
1246 1837 1303 1883 ab
1329 1837 1518 1884 statione
1539 1838 1728 1884 navium
1768 1858 1780 1886 z
1829 1840 1962 1904 quod

165 1922 272 1953 cum
297 1903 426 1953 Dani
445 1903 612 1950 insulas
644 1903 878 1956 tenebant,
904 1902 963 1947 ad
986 1919 1087 1948 eam
1124 1902 1275 1948 classes
1310 1919 1470 1948 eorum
1494 1902 1643 1949 cursus
1676 1902 1957 1967 dirigebant.

165 1971 243 2017 Ab
265 1970 428 2017 eodem
451 1967 772 2031 promontorio
795 1966 853 2013 ad
876 1967 1169 2014 occidentem
1191 1966 1437 2014 hibernum
1460 1980 1621 2014 contra
1638 1967 1882 2014 Hiberniae
1903 1969 1961 2017 li-

164 2048 237 2081 tus
260 2035 468 2098 porrecta
489 2034 550 2079 est
571 2031 816 2080 Raclinda.
881 2033 940 2078 Et
965 2031 990 2077 a
1010 2032 1206 2080 Kintera
1227 2048 1425 2095 quatuor
1448 2032 1594 2080 millia
1616 2032 1791 2097 exigua
1813 2033 1962 2082 insula

165 2099 332 2147 Caraia
355 2117 366 2145 :
405 2113 489 2145 nec
509 2100 650 2161 longe
689 2098 747 2144 ab
766 2113 821 2143 ea
862 2097 941 2144 fita
978 2098 1039 2143 est
1079 2098 1256 2162 Giga'ia
1288 2098 1362 2144 sex
1399 2097 1548 2144 millia
1568 2099 1728 2162 longa,
1769 2098 1898 2146 mille
1920 2105 1964 2148 δε

165 2164 447 2229 quingentos
470 2164 578 2210 lata.
648 2163 725 2209 Ab
748 2163 833 2208 hac
856 2168 1056 2225 quatuor
1079 2168 1119 2210 δε
1148 2162 1320 2226 viginti
1361 2162 1410 2209 in
1433 2163 1626 2228 longum
1650 2166 1858 2225 porretfi'ca
1879 2163 1963 2211 ab·

163 2231 225 2276 est
241 2231 368 2292 Jura.
436 2227 704 2276 Duodecim
746 2239 901 2274 autem
926 2228 1074 2274 millia
1095 2228 1226 2275 distat
1266 2227 1291 2273 a
1333 2227 1526 2291 Gigaia.
1593 2227 1834 2276 Maritima
1862 2230 1966 2278 cul·-

164 2306 216 2342 tu
237 2294 339 2341 satis
360 2293 621 2357 frequentia
642 2292 744 2340 sunt
766 2311 776 2340 :
810 2292 1031 2339 interiora
1053 2294 1174 2340 filvis
1197 2304 1357 2356 operta
1378 2309 1619 2340 cervorum
1640 2293 1756 2340 varii
1778 2294 1963 2358 generis

164 2360 300 2423 copia
312 2359 563 2406 abundant.
619 2356 735 2405 Sunt
756 2357 839 2420 qui
859 2357 1120 2405 existiment
1141 2375 1243 2406 eam
1262 2357 1516 2420 antiquitus
1541 2360 1714 2406 Deram
1733 2359 1862 2406 fuiss'e
1877 2376 1962 2407 no-

163 2425 387 2472 minatam
412 2442 425 2471 :
459 2423 780 2487 quod‘nomen
803 2424 1222 2471 cervum‘Gothico
1242 2423 1445 2470 sermone
1469 2424 1709 2487 significat.
1779 2425 1856 2471 Ab
1874 2425 1963 2472 hac

163 2491 259 2537 duo
281 2488 429 2537 millia
451 2490 571 2535 abest
592 2489 778 2543 Scarba,
804 2489 862 2534 ab
881 2488 1058 2535 oriente
1082 2488 1130 2535 in
1149 2489 1441 2537 occidentem
1463 2504 1662 2552 quatuor
1693 2488 1842 2536 millia
1862 2491 1967 2553 pass<

164 2554 293 2602 suum
329 2554 379 2601 in
401 2553 744 2617 longitudinem
768 2569 1031 2608 excurrens,
1058 2555 1187 2602 mille
1209 2555 1302 2601 lata
1327 2574 1338 2601 :
1388 2554 1499 2601 raris
1523 2554 1569 2601 in
1595 2553 1708 2601 locis
1728 2555 1786 2601 ab
1808 2554 1963 2602 homi-

165 2618 301 2666 nibus
322 2619 464 2669 culta.
505 2620 658 2666 sEstus
682 2617 821 2665 maris
843 2618 964 2665 inter
987 2635 1106 2673 earn,
1133 2626 1173 2667 Sc
1196 2621 1354 2682 Juram
1380 2632 1473 2665 tam
1496 2619 1676 2667 violens
1705 2620 1784 2676 est,
1809 2632 1860 2667 ut
1878 2637 1963 2667 nec

165 2684 302 2739 velis,
326 2698 411 2730 nec
432 2684 587 2739 remis,
613 2684 694 2730 nisi
719 2684 854 2730 certis
891 2685 1237 2746 tempestatibus
1276 2685 1478 2748 superari
1504 2685 1649 2748 possit.
1720 2683 1823 2732 Post
1844 2685 1964 2732 hanc

119 2766 121 2769 ·
163 2751 322 2796 multae
356 2747 586 2812 ignobiles
620 2748 780 2795 insulae
803 2747 973 2795 deinde
1010 2749 1301 2815 sparguntur,
1327 2750 1533 2805 Beliach,
1580 2763 1658 2796 aut
1681 2749 1961 2805 Genistaria,

106 2850 113 2854 ,
170 2814 464 2868 Geurastilla,
488 2813 715 2877 Longaia,
737 2827 930 2875 utraque
954 2814 1105 2861 Fidla.
1195 2816 1316 2862 Tres
1337 2815 1451 2861 item
1475 2816 1644 2862 Garvae
1667 2815 1963 2879 cognomini-

160 2877 250 2925 bus
269 2878 506 2931 <listin6‘cae‚
529 2879 834 2932 Culbrenina,
852 2879 1171 2933 Dumchonel‚
1194 2879 1413 2942 Lupada,
1433 2880 1686 2934 Beinabua,
1703 2878 1961 2936 Vikerana,

163 2943 397 2998 Vitulina,
423 2944 624 3008 Luinga,
650 2943 787 2998 Seila,
815 2945 980 2990 Seuna.
1057 2945 1149 2991 Hae
1173 2959 1261 2992 tres
1285 2945 1512 3008 proximae
1535 2961 1719 3008 pecore,
1746 2950 1788 2992 δι
1811 2945 1963 3009 frugi-

164 3007 250 3054 bus
269 3006 374 3054 satis
399 3008 628 3057 foecundae
651 3007 940 3073 Argatheliae
965 3009 1233 3057 Comitibus
1255 3023 1435 3074 parent.
1505 3010 1722 3058 Proxima
1743 3009 1815 3056 his
1836 3012 1966 3057 Scla-

163 3125 427 3174 long-winged
459 3125 658 3165 sea-hawk
698 3125 781 3164 that
816 3141 903 3177 prey
934 3143 1034 3178 upon
1101 3129 1204 3167 main
1219 3129 1323 3167 there
1338 3130 1442 3178 again
1458 3144 1469 3170 t
1490 3143 1589 3180 upon
1601 3128 1678 3167 this
1691 3129 1832 3180 eggthe
1845 3130 1964 3169 hav-'k

170 3180 252 3226 fifh,
267 3180 364 3217 after
375 3179 440 3216 the
458 3193 615 3218 manner
631 3181 795 3219 ofother
811 3181 1031 3232 sea-eagle53
1101 3184 1269 3221 stand-eth
1288 3184 1382 3221 with
1403 3197 1473 3221 one
1503 3185 1597 3230 foot,
1618 3186 1689 3221 and
1718 3186 1756 3222 so
1777 3183 1964 3222 hatcheth

165 3236 236 3271 and
256 3247 314 3271 are
336 3233 373 3269 so
397 3233 508 3270 fierce
526 3234 565 3270 in
588 3233 689 3271 their
719 3234 844 3282 ssight,
878 3235 961 3272 that
987 3250 1034 3272 an
1101 3238 1167 3274 the
1185 3251 1321 3286 young.
1378 3238 1491 3275 Some
1520 3237 1643 3284 oth'ne
1663 3238 1809 3276 curious
1837 3252 1899 3276 are
1923 3237 1975 3275 of·

164 3286 318 3336 herring
338 3286 446 3334 being
477 3289 584 3324 made
610 3287 678 3324 fast
697 3295 742 3324 to
756 3300 776 3322 a
806 3288 931 3334 board,
964 3291 1034 3326 and
1101 3290 1269 3340 opinion,
1283 3291 1368 3327 that
1382 3292 1447 3328 the
1465 3290 1589 3339 egg‚at
1607 3292 1653 3329 its
1672 3293 1748 3330 first
1759 3291 1962 3337 exclusion,

163 3341 235 3378 left
255 3340 295 3378 in
316 3340 380 3377 the
400 3354 533 3386 waves‚
554 3340 657 3378 these
673 3339 822 3385 hawks,
841 3343 970 3390 greedy
981 3356 1031 3378 on
1102 3343 1196 3380 hat'n
1218 3358 1237 3380 a
1253 3345 1368 3392 glairy
1388 3343 1574 3382 substance
1599 3354 1637 3382 at
1663 3346 1748 3383 that
1771 3347 1842 3386 eud
1859 3345 1905 3383 of
1917 3344 1965 3392 it,

161 3393 267 3431 their
283 3407 384 3443 prey,
403 3393 518 3430 strike
537 3394 639 3430 their
659 3393 756 3430 beak
785 3393 822 3431 so
841 3395 908 3431 fast
927 3396 1027 3432 thro*
1102 3396 1231 3434 which
1250 3406 1417 3434 cements
1434 3397 1465 3435 it
1483 3407 1521 3436 to
1540 3398 1605 3435 the
1625 3400 1739 3438 stone.

163 3445 231 3484 the
250 3446 402 3495 herting
420 3448 500 3484 into
518 3447 584 3484 the
609 3447 731 3492 boam,
752 3445 835 3484 that
857 3448 921 3484 the
943 3448 1030 3486 fifh·
1110 3473 1114 3475 ἡ
1150 3449 1212 3500 (1)
1254 3450 1342 3487 MS.
1379 3451 1558 3497 Μοὶεῑίῖζῑ,
1593 3453 1821 3503 commonly.
1845 3452 1967 3490 called

163 3513 221 3537 ers
239 3500 348 3550 easily
368 3500 474 3537 catch
494 3500 613 3538 them.
646 3499 770 3537 Their
789 3514 856 3548 egg
879 3501 910 3537 is
929 3502 1031 3551 plac·
1097 3503 1286 3548 Lamlaih,
1301 3503 1338 3541 so
1353 3517 1442 3542 near
1456 3505 1520 3543 the
1535 3505 1649 3543 issand
1667 3507 1860 3551 ofAnan,
1881 3504 1967 3542 that

159 3554 207 3589 ed
227 3565 276 3589 on
296 3566 316 3589 a
331 3554 414 3590 bare
433 3553 538 3600 rock,
553 3553 698 3604 pitoh'd
714 3567 762 3590 on
777 3554 841 3590 the
856 3567 926 3591 one
946 3557 1032 3601 end,
1097 3555 1130 3593 it
1148 3557 1308 3594 maketh
1328 3570 1348 3594 a
1367 3559 1462 3596 most
1480 3559 1556 3597 safe
1573 3561 1660 3596 road
1679 3573 1722 3597 or
1738 3559 1903 3597 harbour
1921 3558 1966 3595 in

166 3608 238 3643 and
262 3605 297 3643 so
311 3607 407 3643 fixed
427 3616 465 3644 to
485 3607 548 3644 the
568 3607 675 3653 rock,
689 3607 787 3652 that,
808 3608 843 3644 if
853 3621 944 3645 once
961 3622 1034 3657 you
1098 3609 1182 3646 that
1196 3613 1446 3660 tempestuous
1458 3612 1608 3652 firth.0f
1622 3614 1753 3662 Clyde.
1827 3613 1965 3657 Somegs

80 3658 91 3668 ⁴
167 3671 316 3697 remove
339 3660 381 3706 it,
416 3660 476 3698 'tis
493 3660 704 3711 impoffzble
724 3669 762 3700 to
790 3661 905 3701 make
921 3661 1034 3710 itre-
1098 3663 1210 3704 times
1232 3664 1310 3705 it-is
1327 3667 1449 3704 called
1467 3665 1532 3709 the
1552 3665 1789 3717 holy‘issand.

1902 3727 1966 3775 ta,
1982 3772 1985 3773 ⁷
