2158 3874
473 169 812 239 Lmnss
905 167 1456 250 Secu-Nous,
1805 185 1895 249 47

106 270 325 319 adversus
348 271 390 319 se
410 273 590 336 prolato
615 269 903 317 demonstrat.
948 267 1107 331 Inquit
1127 269 1251 315 enim
1274 267 1491 326 orationis
1514 270 1670 315 auitor
1692 270 1893 319 Caledo-

108 354 247 391 num,
274 344 313 385 Sc
335 339 531 384 aliorum
553 337 784 384 Pictorum
808 334 954 380 filvas.
991 333 1047 379 Id
1065 332 1371 380 testimonium
1389 333 1468 379 ille
1489 351 1577 395 qua
1601 335 1794 383 stulticia
1812 339 1891 392 est,

111 417 202 464 -pro
223 401 265 448 se
286 401 506 464 produxit
531 421 540 448 ;
585 408 624 447 &
649 416 742 463 quo
765 401 943 461 stupore
964 397 1042 451 est,
1080 416 1171 445 non
1194 411 1352 445 contra
1372 397 1414 443 se
1436 396 1583 445 facere
1604 398 1893 448 animadver-

105 465 186 514 .tit.
260 467 401 530 Qod
423 466 454 511 fi
478 483 636 512 vocem
659 462 969 527 inspiciamus,
1006 479 1059 507 ea
1081 463 1179 526 ling
1190 480 1251 509 ,καὶ
1283 462 1476 508 Scoticae
1497 463 1573 510 est.
1600 464 1601 467 ’
1643 464 1821 511 Calden
1845 484 1893 511 e-

113 529 216 577 nim
241 532 386 576 Scot:s
407 547 463 576 ea
488 531 626 576 arbor
642 531 719 583 est,
744 545 847 592 quae
871 527 1048 574 Latinis
1071 529 1236 574 corilus
1256 527 1423 573 dicitur
1449 545 1460 573 :
1484 529 1604 574 unde
1627 534 1667 575 Sc
1692 530 1894 576 CaledO«

110 594 206 640 niae
232 595 352 640 fiivae
377 611 542 641 nomen
576 611 677 641 reor
713 593 932 646 inditum,
958 597 998 638 &
1023 591 1382 638 Caledoniorum
1405 591 1631 653 oppidum
1655 595 1713 640 ad
1737 596 1894 642 Taum

104 673 298 705 amnem
318 660 449 706 litum
473 659 747 706 Duncalden
773 658 920 704 adhuc
943 670 1148 708 vocatur,
1190 657 1278 701 hoc
1316 658 1375 702 est
1398 657 1646 704 cornorum
1668 661 1890 707 tumulus.

113 723 174 769 Et
194 724 222 769 sl
242 724 451 771 adversus
470 723 730 771 consensum
749 720 956 768 omnium
980 720 1215 767 Ptolemaei
1232 721 1442 767 codicum
1463 722 1578 768 mihi
1596 722 1770 787 aliqui-d
1789 743 1893 787 per-,-

114 786 298 834 mittere
321 791 552 841 auderem,
574 804 656 849 pro
681 787 790 833 mari
816 786 1165 833 Des-caledonio
1188 785 1426 831 scriberem
1449 787 1854 837 Duncaledonium
1876 808 1889 837 :

114 856 157 898 δε
179 855 300 913 aput-i
321 854 646 899 Marcellinum
666 868 749 914 pro
769 851 1094 905 Dicaledone3‚
1116 851 1488 907 Duncaledones,
1507 857 1546 899 δε
1564 852 1697 909 mari,
1718 860 1759 903 δέ
1778 874 1891 920 gen·
1940 902 1944 906 ,

115 927 161 963 te
184 934 208 962 a
229 917 586 963 Duncaledonio
608 915 784 979 oppido
807 915 1164 979 cognominatis.

180 982 361 1028 ΧΧΙιΙ.
410 983 525 1028 Haec
546 998 650 1045 quae
672 980 926 1043 scripsimus
949 981 1028 1027 etsi
1063 980 1244 1027 abunde
1266 979 1519 1028 satisfacere
1548 982 1712 1044 poflint
1733 986 1894 1037 leftori

108 1061 207 1092 non
227 1045 406 1109 iniquo,
424 1046 723 1093 nihilominus
746 1045 1015 1105 adjiciemus
1051 1050 1087 1093 <Ec
1120 1046 1225 1100 alia,
1250 1061 1352 1108 quae
1373 1047 1430 1092 C.
1461 1046 1638 1094 Plinius
1660 1051 1894 1101 manifesta

112 1109 349 1173 originum
371 1110 545 1158 indicia
566 1110 844 1157 existimavit
867 1130 877 1156 ;
913 1127 1078 1171 nempe
1100 1109 1236 1165 sacra,
1261 1111 1485 1172 linguam,
1509 1113 1787 1174 oppidorum
1808 1114 1892 1164 νῦ·
1933 1108 1936 1116 “

109 1176 294 1222 cabula.
361 1175 567 1223 Primum
591 1175 891 1222 satistconstat
914 1174 1168 1220 maximum
1188 1174 1404 1220 amicitiae
1424 1175 1678 1233 vinculum,
1717 1185 1755 1226 δι
1780 1196 1891 1246 cog-

111 1240 313 1287 nationis
335 1253 659 1304 argumentum
682 1240 887 1286 habitam
912 1239 1037 1285 fuiffe
1061 1238 1407 1286 similitudinem
1429 1239 1684 1303 religionis,
1721 1249 1762 1290 Sc
1784 1262 1892 1295 ean.

59 1328 63 1329 ⁷
107 1303 219 1350 dem
243 1306 299 1352 de
323 1306 426 1352 Diis
445 1305 729 1368 opinionem.
780 1305 922 1368 Apud
947 1304 1185 1351 Britannos
1204 1317 1358 1350 autem
1382 1308 1432 1354 &
1456 1305 1620 1352 Gallos
1642 1306 1768 1355 idem
1793 1312 1892 1372 pla.

105 1384 170 1415 2ne
186 1370 393 1417 Deorum
416 1384 512 1418 erat
534 1372 702 1424 cultu5‚
725 1370 848 1417 idem
870 1382 990 1432 apuu
1010 1368 1224 1433 utrosque
1244 1374 1284 1415 Sc
1307 1369 1526 1432 nusquam
1548 1370 1659 1417 alibi
1677 1375 1747 1434 (1)
1766 1375 1892 1425 Dru-

110 1431 243 1481 idum
266 1435 584 1490 sacerdotium,
623 1452 822 1497 quorum
842 1435 1098 1498 >superstitio
1133 1435 1248 1481 adeo
1288 1434 1519 1497 utriusque
1539 1436 1691 1497 gentis
1712 1439 1891 1501 animos

104 1500 381 1560 pervaserat,
426 1516 474 1547 ut
497 1500 632 1547 multi
654 1501 917 1548 dubitarent
940 1499 1029 1546 utri
1051 1499 1108 1545 ab
1142 1498 1255 1545 utris
1278 1516 1376 1547 eam
1406 1499 1743 1564 philosophiam
1767 1505 1892 1554 didi-1

109 1562 284 1612 cissent.
352 1568 470 1612 Item
493 1567 654 1613 eadem
673 1564 795 1612 sacra
807 1582 872 1612 -ex
890 1564 1212 1628 superstitionis
1233 1564 1512 1625 persuasione
1531 1566 1813 1628 deprehendi
1826 1572 1891 1620 ait

110 1627 322 1676 Tacitus.
393 1632 497 1677 Nee
519 1631 577 1677 ab
599 1647 654 1677 eo
675 1629 766 1677 ritu
788 1630 914 1677 fuiffe
935 1630 1164 1676 immunes
1187 1628 1438 1691 Hispanos,
1472 1642 1522 1675 ut
1550 1648 1749 1692 quorum
1770 1635 1891 1684 bona

108 1708 214 1755 pars
237 1694 262 1740 ὲ
286 1694 456 1742 Galliis
478 1694 706 1758 originem
727 1695 943 1749 ducebat,
969 1693 1144 1740 indicat
1165 1695 1367 1740 tumulus
1390 1710 1534 1757 prope
1558 1697 1890 1761 Carthaginem

111 1773 281 1805 novam
303 1759 385 1822 qui
407 1760 666 1806 Mercurius
685 1759 904 1806 Teutates
927 1759 1259 1822 appellabatur,
1285 1758 1350 1804 uti
1370 1758 1585 1820 scriptum
1608 1762 1668 1807 est
1690 1780 1716 1808 a
1733 1764 1887 1815 Livio.

110 1821 242 1869 Idem
266 1840 451 1888 quoque
472 1841 616 1888 genus
642 1836 797 1871 vatum
820 1826 943 1887 apud
966 1825 1148 1870 Gallos.
1193 1830 1233 1870 δε
1269 1822 1507 1870 Britannos
1531 1824 1579 1870 in
1600 1825 1776 1874 summo
1801 1829 1890 1878 fuit

110 1884 304 1942 honore,
326 1906 440 1951 quos
465 1888 645 1952 utrique
672 1889 841 1935 Bardos
866 1889 1107 1935 vocabant.
1153 1888 1339 1934 Horum
1361 1922 1364 1925 Δ
1431 1888 1624 1944 fannio,
1647 1894 1699 1940 δε
1719 1909 1889 1944 nornen

103 1952 261 1998 adhuc
287 1953 536 2014 perseverat
556 1954 677 2015 apud
700 1970 858 2000 omnes
884 1953 1106 2007 nationes,
1151 1970 1255 2016 quae
1275 1965 1428 2001 vetere
1451 1953 1773 2003 Britannorum
1796 1960 1890 2008 lin-

102 2031 202 2079 :gua
230 2031 434 2072 utuntur,
451 2018 690 2081 tantusque
703 2018 766 2064 eis
793 2018 936 2064 honos
962 2017 1115 2064 multis
1141 2018 1189 2063 in
1208 2017 1319 2064 locis
1341 2018 1550 2073 habetur,
1576 2033 1625 2065 ut
1646 2025 1695 2071 &c
1714 2021 1796 2085 ipfi
1820 2025 1887 2073 sa-

100 2081 342 2137 crosanstL
371 2090 414 2128 <r
437 2099 597 2129 eorum
616 2084 782 2130 domus
801 2101 884 2146 pro
907 2083 1027 2146 asylo
1052 2083 1136 2128 sint
1162 2100 1172 2128 :
1210 2086 1257 2130 Sc
1280 2083 1398 2130 inter
1418 2082 1718 2133 infestiffimos
1741 2088 1887 2138 hostes

101 2145 188 2191 *ubi
210 2146 511 2195 crudeliffime
559 2180 578 2194 ι.
611 2146 784 2195 bellum
811 2148 1000 2212 geritur,
1041 2154 1087 2196 ὃς
1114 2147 1304 2195 νίἇὶοῑίει
1332 2161 1570 2196 exercetur
1591 2165 1814 2214 perpetua
1835 2156 1889 2204 fit

103 2210 190 2263 eis,
216 2229 468 2276 eorumque
491 2213 737 2260 comitibus
752 2214 877 2260 ultro
899 2213 1106 2276 citroque
1129 2211 1419 2260 commeandi
1440 2216 1649 2276 potestas.
1731 2219 1886 2267 Nobi-

99 2275 172 2323 -les
195 2294 271 2323 ees
295 2280 349 2324 ad
389 2278 430 2324 se
453 2277 728 2325 ventitantes
753 2283 793 2325 ac
823 2279 1076 2325 honorifice
1099 2277 1361 2341 suscipiunt,
1407 2281 1457 2327 ὃς
1490 2279 1705 2326 munifice
1726 2283 1886 2332 dimit-

105 2352 226 2388 tunt.
297 2344 517 2390 Carmina
535 2356 687 2392 autem
707 2360 799 2389 non
819 2343 994 2390 inculta
1012 2343 1229 2396 fundunt,
1254 2359 1357 2405 quae
1379 2344 1449 2405 (z)
1468 2344 1701 2407 Rhapsodi
1722 2365 1884 2410 proce-

103 2405 249 2462 ribus,
276 2421 354 2455 aut
375 2410 518 2472 vulgo
541 2408 948 2472 audiendicupido
971 2408 1181 2462 recitant,
1210 2422 1288 2454 aut
1309 2408 1367 2454 ad
1391 2410 1582 2456 musicos
1603 2426 1883 2474 organorum

98 2472 267 2519 -modos
291 2485 477 2520 canunt.
547 2473 749 2520 Plurima
787 2491 843 2520 ex
865 2473 1094 2520 veteribus
1120 2472 1345 2520 ,institutis
1369 2473 1519 2523 adhuc
1542 2490 1728 2524 manent
1751 2497 1762 2524 ε
1797 2496 1883 2526 nec

98 2536 355 2601 quicquam
378 2538 471 2585 fere
492 2537 542 2585 in
564 2538 809 2594 Hibernia,
831 2539 913 2586 nisi
935 2539 984 2584 in
1005 2538 1298 2592 ceremoniis,
1320 2545 1360 2586 &
1379 2537 1615 2603 religionis
1635 2541 1802 2591 ritibus
1823 2546 1886 2593 est

97 2615 349 2649 mutatum.
421 2605 539 2650 Haec
563 2604 620 2649 de
643 2603 773 2650 sacris
797 2603 846 2650 in
869 2603 1105 2666 praesentia
1125 2603 1248 2650 dista
1269 2606 1368 2651 fint.

170 2667 214 2712 X
231 2670 254 2712 ’ἑ
270 2669 355 2714 IV..
382 2669 606 2731 Superest,
630 2669 678 2715 ut
696 2669 753 2716 de
770 2668 932 2733 lingua
948 2668 1108 2723 veteri,
1127 2684 1178 2715 ac
1195 2668 1492 2731 oppidorum,
1514 2676 1556 2718 &
1573 2672 1784 2735 gentium
1803 2691 1883 2722 vo-

99 2731 279 2778 cabulis
298 2749 503 2795 agamus.
573 2735 663 2781 Hae
685 2747 840 2781 autem
860 2747 1007 2794 partes
1030 2734 1300 2797 plaerunque
1323 2735 1456 2782 nobis
1474 2749 1608 2782 erunt
1627 2738 1885 2799 promiscue

100 2798 366 2851 vastandae,
384 2799 519 2860 quod
539 2799 680 2845 altera
701 2798 833 2847 alteri
849 2798 1159 2862 saepe'numero
1173 2801 1301 2845 velut
1317 2798 1618 2850 fundamento
1630 2800 1849 2851 innititur
1867 2824 1889 2861 z,

97 2861 337 2924 praecipue
352 2877 460 2910 cum
479 2880 648 2911 nomen
670 2864 908 2927 proprium
926 2876 1004 2911 aut
1027 2863 1353 2927 originatione‚
1375 2878 1452 2911 aut
1474 2866 1783 2915 declinatione
1802 2886 1884 2930 pa-

101 2926 236 2973 triam
260 2928 429 2975 afferet.
501 2929 656 2992 Atque
680 2930 778 2976 haec
798 2928 987 2992 quidem
1009 2928 1089 2975 etfi
1126 2942 1286 2975 mutua
1307 2929 1643 2991 conspiratione
1660 2932 1747 2978 sese
1766 2947 1883 2980 >con-

100 2991 303 3045 firmant,
330 3005 483 3039 tamen
506 2996 662 3056 quoad
686 2993 783 3040 fieri
799 2995 962 3057 potest,
998 3009 1051 3039 ea
1070 3010 1150 3040 nos
1174 2993 1373 3040 docendi
1391 2995 1539 3058 gratia
1561 2996 1884 3059 separabimuS.

103 3055 312 3102 Primum
332 3056 478 3120 igitur
501 3058 696 3119 Tacitus
718 3059 766 3105 in
807 3058 904 3105 vita
925 3056 1067 3104 soceri
1101 3057 1166 3105 sui
1200 3059 1408 3112 affirmat,
1446 3077 1538 3107 non
1564 3063 1710 3107 multo
1732 3062 1887 3109 Galli-

99 3135 204 3167 cam
225 3120 436 3185 alingua
456 3121 721 3171 Britannica
741 3125 826 3171 effe
845 3123 1067 3171 diversam
1088 3142 1100 3171 ;
1133 3140 1191 3171 ex
1212 3140 1307 3188 quo
1328 3123 1449 3171 facio
1469 3126 1778 3186 conjecturam
1801 3127 1884 3175 ali-

154 3276 217 3328 (1)
235 3277 417 3325 Druides,
436 3278 502 3315 the
530 3278 666 3316 Dxuids
686 3292 783 3316 were
801 3278 867 3316 the
887 3291 954 3316 an-

101 3329 205 3368 cient
213 3330 382 3380 *heathen
398 3333 522 3382 priests
539 3334 608 3369 and
621 3333 751 3382 juiges
763 3333 802 3369 in
817 3334 844 3368 F
847 3345 956 3368 rante

96 3386 170 3420 and
191 3384 336 3421 Britain
368 3400 381 3434 ;
420 3388 492 3422 and
513 3386 662 3423 because
685 3387 774 3435 they
802 3386 860 3422 for
887 3386 953 3426 the

98 3440 194 3484 most
213 3447 293 3486 part
311 3439 371 3490 diti
388 3440 438 3476 all
458 3439 561 3476 those
580 3438 703 3476 offices
724 3441 839 3475 under
856 3440 952 3475 nal<-

98 3497 209 3536 trees,
221 3491 318 3528 from
332 3492 438 3529 them
452 3492 541 3540 they
552 3495 715 3530 received
731 3493 812 3528 that
825 3503 950 3528 name.

95 3543 172 3579 for
206 3543 241 3580 so
259 3544 351 3581 oaks
370 3559 429 3582 are
448 3547 567 3584 called
585 3546 626 3584 in
644 3548 710 3585 the
730 3545 862 3585 Greek
880 3545 949 3583 and

95 3595 162 3633 oid
180 3597 302 3637 Celtic
315 3599 515 3649 language.

1091 3277 1156 3328 (2)
1185 3279 1386 3326 songsters,
1406 3278 1605 3326 minstrels,
1638 3279 1847 3328 muficians,
1866 3296 1888 3319 a

1034 3331 1107 3369 sort
1124 3332 1168 3369 ef
1191 3333 1321 3381 people
1350 3335 1516 3382 a-mongst
1541 3347 1610 3370 our-
1637 3333 1888 3382 Highlanders

1034 3395 1072 3422 at
1090 3386 1165 3422 this
1185 3388 1266 3433 day,
1286 3385 1370 3422 that
1387 3386 1464 3434 fing
1483 3387 1546 3423 the
1567 3387 1797 3435 genealogies
1817 3391 1888 3426 and

1033 3439 1145 3475 noble
1175 3439 1468 3476 atchievements
1495 3440 1540 3477 of
1563 3440 1664 3477 their
1693 3442 1888 3489 ancestors.>

1034 3491 1117 3528 like
1144 3490 1248 3528 those
1283 3505 1419 3541 among
1456 3493 1522 3531 the
1558 3492 1768 3541 Gracians,
1804 3494 1890 3532 thu:

1035 3544 1125 3595 sung
1143 3545 1321 3583 Homer's
1337 3559 1481 3596 pozms.

1704 3720 1828 3767 quan
1840 3705 1891 3753 lo
