2075 3807
207 163 389 242 ι’74
510 155 867 225 RERUM
962 150 1646 223 Sco‘rchRuM

203 255 414 308 afferunt,
438 252 634 301 latrones
657 253 824 299 scilicet
847 267 873 297 a
895 249 1095 298 ministro
1113 251 1360 300 cubiculari
1382 267 1614 317 corrupto,
1638 255 1768 334 Rege
1790 257 1961 306 dormi-

202 330 308 364 ente
330 316 618 370 intromissos,
640 315 950 363 Alexandrum
971 331 1078 363 vero
1102 314 1218 363 forte
1240 320 1568 390 experrectum,
1589 317 1786 380 primum
1808 323 1963 369 minis-

203 393 380 436 trum,a
396 398 489 444 quo
507 351 711 444 proditus
730 391 840 434 erat,
858 378 1023 426 deinde
1046 378 1119 426 sex
1140 396 1164 425 e
1183 379 1434 429 latronibus
1451 381 1737 430 interemisse.
1773 385 1848 430 Ad
1865 386 1966 432 haze
2024 407 2039 417 ·

199 445 400 493 tumultu
439 445 486 491 in
525 444 625 489 aula
647 441 885 515 concitato
912 456 1096 492 caeteros
1121 442 1297 507 fugiss‘e,
1338 445 1653 494 Alexandrum
1677 445 1964 510 fugientibus

194 508 415 564 institisse,
441 508 586 554 donec
611 506 756 568 major
773 522 931 555 eorum
953 524 1055 570 pars
1081 507 1257 554 concisa
1279 507 1440 556 fuiffet.
1509 511 1607 556 Post
1629 511 1728 556 haec
1751 510 1809 558 ad
1837 511 1964 574 pacis

198 589 338 636 opera
355 587 470 618 conv
458 570 587 616 ersus
610 572 785 618 Fanum
804 570 1046 618 Michaelis
1067 572 1125 618 ad
1146 574 1259 619 Scor
1247 588 1340 618 am
1363 589 1390 619 a
1411 572 1717 621 fundamentis
1741 575 1958 624 extruxit.

205 639 275 699 (1)
303 633 582 698 Collegium,
608 634 732 698 quod
754 632 821 681 ibi
843 649 953 690 erat,
976 635 1283 683 sacerdotum
1271 652 1317 682 ιιι
1343 635 1602 684 caenobium
1625 639 1962 687 Monachorum

201 699 410 746 mutavit.
478 699 531 744 In
547 700 793 745 AEmonam
812 698 1003 747 insulam
1021 702 1281 762 tempestate
1296 699 1472 746 delatus
1494 699 1562 748 ibi
1578 717 1721 774 prope
1740 703 1797 750 ad
1814 714 1961 752 extre·

202 781 328 811 mum
352 760 606 835 periculum
627 779 683 809 ex
712 762 830 809 fame
853 765 1011 810 venit.
1049 781 1153 811 cum
1183 764 1360 811 nullum
1383 781 1466 827 per
1482 764 1658 828 aliquot
1675 764 1770 813 dies
1792 783 1874 814 nec
1889 766 1963 839 ip-

196 829 257 880 se,
285 843 432 890 neque
468 826 658 874 comites
697 826 869 873 viclium
904 828 1173 883 habuissent,
1205 828 1286 875 nili
1310 840 1448 891 quem
1479 829 1602 891 apud
1629 829 1836 877 solitariae
1856 830 1963 878 vitae

199 893 421 938 cultorem
463 891 694 964 (eremitas
729 892 872 963 vulgo
906 907 994 954 app
965 892 1157 953 pellant)
1196 890 1484 940 invenerunt.
1553 892 1626 939 lbi
1658 910 1844 957 quoque
1879 895 1965 942 Fa-

198 970 307 1002 num
330 955 377 1002 in
400 955 666 1002 memoriam
690 954 803 1000 Divi
822 954 1043 1002 Columbi
1064 955 1279 1010 extruxit,
1304 955 1488 1017 adjectis
1503 957 1768 1013 Canonicis,
1791 963 1863 1020 (ut
1881 975 1961 1006 vo-

197 1021 322 1079 cant)
350 1024 390 1066 δε
412 1018 550 1083 agris,
574 1019 654 1081 qui
676 1035 752 1065 eos
772 1017 959 1066 alerent.
1003 1021 1176 1067 Fanum
1195 1035 1379 1090 quoque
1403 1019 1599 1068 Andreae
1622 1020 1723 1068 satis
1741 1036 1872 1070 antea
1889 1024 1964 1071 di-

198 1100 293 1140 xes,
314 1099 406 1130 non
440 1083 579 1130 modo
603 1082 818 1137 donariis,
848 1081 918 1129 sed
943 1083 1078 1131 etiam
1099 1083 1218 1147 agris
1239 1082 1378 1130 auxit.
1450 1083 1619 1131 AEdem
1643 1085 1699 1132 ad
1717 1085 1965 1134 Fermelini

197 1147 391 1195 Dunum
422 1163 448 1194 a
469 1162 596 1210 patre
630 1159 828 1221 coeptam
852 1146 1061 1221 perfecit,
1096 1154 1134 1194 δι
1168 1148 1460 1211 proventibus
1493 1148 1831 1221 locupletavit..
1874 1149 1965 1198 His

197 1212 292 1259 fere
314 1226 441 1275 pace,
467 1211 678 1274 belloque
709 1210 858 1289 gestis,
891 1218 996 1259 cu'm
1032 1213 1354 1276 septemdecim
1377 1227 1517 1258 annos
1539 1229 1604 1258 rei
1628 1211 1820 1266 Scoticae
1841 1229 1960 1277 prae-

195 1275 364 1333 fuisset,
387 1274 582 1346 deceffit,
604 1275 784 1324 nullis
763 1294 789 1323 e
820 1276 994 1340 Sibylla
1018 1276 1247 1327 Gulielmi
1270 1270 1515 1332 Normani
1534 1276 1627 1323 filia
1658 1277 1825 1326 relictis
1845 1277 1963 1327 libe-

196 1339 274 1388 ris.

887 1408 1015 1456 XCI.
1082 1408 1124 1455 R
1147 1409 1185 1456 E
1209 1408 1268 1456 X.
1329 1423 1332 1426 ’

263 1470 466 1519 XXVII.
499 1470 545 1518 D
564 1471 746 1520 AVID
782 1471 825 1519 ei
859 1469 994 1521 frater
1027 1469 1222 1520 succeffit
1244 1488 1362 1519 anno
1384 1489 1410 1519 a
1444 1453 1631 1521 Christo
1647 1484 1754 1519 nato
1791 1487 1806 1519 ι
1832 1487 1847 1519 1
1871 1489 1894 1519 2
1911 1489 1962 1535 4.

198 1536 262 1589 Is,
286 1551 392 1583 cum
425 1536 583 1582 fratres
604 1537 716 1599 ejus,
740 1537 854 1584 alter
876 1539 972 1600 post
993 1538 1215 1584 alterum
1205 1555 1250 1583 m
1275 1537 1425 1583 Scotia
1446 1551 1597 1584 rerum
1616 1537 1886 1608 potirentur,
1911 1553 1961 1586 ιιι

198 1598 372 1662 Anglia
393 1601 516 1661 apud
535 1601 779 1647 Matildem
800 1602 992 1648 sororem
1013 1602 1153 1647 liaesrt.
1206 1601 1275 1647 lbi
1302 1617 1488 1648 uxorem
1508 1599 1697 1663 accaepit
1715 1600 1961 1648 Matildem
1981 1625 1992 1638 a

197 1663 504 1735 propinquam
527 1664 647 1709 suam
671 1664 833 1719 forma,
858 1665 1049 1711 divitiis.
1074 1680 1124 1710 ac
1149 1664 1386 1711 nobilitate
1408 1666 1660 1711 florentem.
1707 1666 1812 1709 Erat
1834 1665 1959 1710 enim

197 1725 240 1772 ci
258 1737 386 1787 pater
402 1727 648 1773 Voldiofus
662 1746 677 1774 ι
696 1729 1007 1775 orthumbriae
1024 1732 1221 1775 Comes:
1244 1741 1386 1774 mater
1401 1728 1583 1775 Iuditha
1596 1727 1959 1774 GulielmiNor-

197 1790 321 1837 mani
339 1792 504 1853 neptis.
529 1792 599 1838 Ex
616 1808 668 1837 ea
691 1792 832 1838 filium
857 1792 1061 1855 suscaepit
1082 1793 1355 1851 Henricum,
1370 1793 1416 1839 in
1437 1808 1529 1856 quo
1553 1791 1698 1838 statim
1720 1808 1744 1837 a
1762 1791 1962 1854 pueritia

198 1860 238 1901 Sc
253 1867 455 1917 paterna,
473 1861 510 1902 ἃ
528 1868 730 1902 materna
750 1856 928 1903 indoles
950 1857 1108 1904 eluxit.
1143 1859 1210 1904 Ex
1233 1857 1321 1903 hoc
1345 1855 1638 1903 matrimonio
1654 1855 1833 1918 magnis
1855 1872 1961 1918 pro-

113 1935 121 1945 ·
196 1918 409 1965 tentibus
430 1922 603 1974 auctus,
622 1936 787 1982 nempe
822 1921 1131 1968 Comitatibus
1152 1920 1517 1974 Northumbriae,
1538 1926 1577 1967 δι
1601 1920 1957 1974 Hundintoniae,

196 1983 286 2030 sive
308 1983 635 2030 Venantoduni
654 2000 757 2030 cum
782 2002 949 2049 magna
969 1985 1140 2031 civium
1162 1985 1465 2049 gratulatione
1487 1985 1544 2030 ad
1568 2000 1758 2047 regnum
1788 1983 1959 2046 accipi·

194 2047 400 2094 endum
387 2064 435 2094 ιιι
459 2047 656 2094 Scotiam
687 2050 828 2096 venit.
897 2051 1019 2096 Nam
1043 2050 1119 2096 etfi
1144 2063 1381 2112 parentum
1407 2048 1626 2095 memoria
1647 2048 1702 2094 ad
1727 2047 1959 2110 popularis

194 2110 353 2174 gratiae
389 2111 757 2159 conciliationem
797 2130 1015 2176 magnum
1052 2127 1334 2160 momentum
1374 2113 1576 2165 haberet,
1601 2113 1784 2175 propria
1807 2126 1959 2160 tamen

194 2177 362 2222 virtute
383 2176 551 2230 effecit,
577 2187 623 2222 ut
645 2177 794 2224 aliena
811 2177 1208 2224 commendatione
1235 2178 1291 2223 ad
1316 2178 1495 2224 laudem
1522 2177 1634 2222 nihil
1658 2189 1828 2238 egeret.
1896 2178 1959 2223 E.

196 2254 264 2287 rat
284 2240 407 2286 enim
442 2240 584 2286 cuivis
608 2242 825 2303 Regum
812 2259 861 2289 ιιι
883 2259 921 2288 c
911 2242 1056 2288 eteris
1076 2241 1316 2288 virtutibus
1341 2258 1420 2303 par
1441 2259 1451 2287 t
1487 2240 1701 2287 audiendi
1721 2256 1825 2286 vero
1849 2257 1954 2288 cau-

196 2305 259 2350 sas
294 2303 555 2376 tenuiorum
578 2304 797 2352 facilitate
818 2307 958 2369 longe
998 2305 1211 2367 superior.
1280 2305 1593 2352 Potentiorum
1626 2304 1834 2367 querelas
1868 2304 1961 2367 ipse

194 2367 423 2415 audiebat.
596 2369 886 2430 uisjudicum
907 2370 1062 2416 falsum
1082 2370 1335 2430 judicaffet,
1358 2387 1425 2418 res
1442 2369 1665 2430 judicatas
1685 2385 1775 2415 non
1795 2369 1957 2417 rescin-

193 2433 366 2479 debat:
404 2432 477 2479 sed
491 2368 710 2493 Sjiudicem
744 2433 837 2480 litis
862 2434 1201 2481 aestimationem
1224 2436 1417 2498 cogebat
1438 2432 1560 2480 νὶξιο
1583 2434 1795 2495 pendere.
1863 2434 1957 2480 Lu·

194 2496 367 2544 xuriam
391 2496 526 2544 latius
548 2497 882 2569 proserpentem
905 2500 1046 2561 patris
1068 2498 1281 2569 exemplo
1302 2497 1518 2546 coercuit.
1575 2496 1800 2553 Artifices,
1823 2499 1897 2543 δι
1887 2515 1958 2544 in·

192 2573 402 2607 v·entores
424 2577 579 2607 earum
602 2560 935 2617 illecebrarum,
960 2579 1112 2626 quaeg
1086 2563 1241 2608 aulam
1266 2561 1463 2635 irritant,
1491 2578 1635 2634 regno
1655 2560 1807 2622 ejecit.
1874 2563 1959 2608 Pa·

193 2637 392 2679 rentum,
424 2641 476 2672 ac
510 2624 872 2696 propinquorum
909 2598 1254 2674 beneficentiam
1288 2628 1420 2674 venia
1453 2626 1623 2688 potiu5‚
1659 2642 1796 2688 quam
1824 2626 1958 2673 laude
1998 2660 2004 2662 -
2063 2664 2070 2674 .

193 2688 417 2761 dignam
404 2705 452 2735 ιιι
475 2688 695 2752 augendis
718 2691 1015 2752 proventibus
1037 2690 1339 2738 ecclesiasticis
1343 2692 1495 2765 ..longe
1517 2689 1759 2752 superavit.
1791 2691 1957 2737 Mona-

194 2752 323 2800 steria
343 2753 417 2800 vel
450 2753 647 2816 collapsa
667 2755 899 2808 vetustate,
922 2756 994 2801 vel
1033 2755 1258 2801 bellorum
1291 2753 1469 2816 injuriis
1494 2754 1646 2800 diruta
1679 2753 1955 2802 instauravit.

193 2818 414 2865 Praeterea
446 2832 567 2864 nova
598 2833 624 2863 a
646 2817 952 2865 fundamentis
990 2819 1134 2865 multa
1163 2819 1379 2865 extruxit
1418 2817 1525 2862 Ad
1557 2817 1631 2862 sex
1657 2816 1953 2880 Episcopatus

192 2881 366 2944 priores
388 2893 584 2945 quatuor
605 2880 771 2941 adjecit
792 2881 1081 2935 Rossiensem‚
1106 2881 1473 2935 Brechinensem‚
1496 2880 1956 2937 Caledoniensem,&

194 2946 599 2993 Dumblanensem.
665 2945 769 2992 Hos
792 2958 841 2993 ut
862 2946 1155 3019 proventibus
1195 2945 1356 2993 annuis
1376 2945 1559 2999 ditaret,
1579 2945 1776 3007 posteros
1805 2947 1956 3013 Reges

195 3027 310 3072 pene
331 3011 389 3061 ad
409 3008 614 3083 inopiam
644 3009 839 3074 redegit,
863 3009 1063 3057 maxima
1093 3009 1346 3074 Regiorum
1381 3025 1595 3074 agrorum
1618 3021 1745 3072 parte
1767 3009 1824 3056 ad
1847 3010 1957 3057 Mo-

192 3075 442 3122 nachorum
463 3073 678 3122 alimenta
700 3074 968 3122 consecrata.

255 3139 484 3186 XXVIII
517 3139 710 3185 loa'nnes
744 3138 913 3200 Major,
937 3138 1018 3202 qui
1053 3136 1100 3184 in
1135 3136 1280 3185 studio
1306 3136 1582 3210 Theologiae
1618 3153 1835 3201 magnum
1871 3154 1953 3186 no-

191 3217 297 3249 men
325 3217 397 3248 me
419 3217 562 3266 puero
584 3201 761 3256 habuit,
781 3217 887 3248 cum
909 3203 1086 3276 reliqua
1106 3202 1238 3262 hujus
1261 3201 1401 3274 Regis
1424 3204 1522 3249 acta
1544 3202 1721 3265 magnis
1742 3201 1954 3249 laudibus

191 3265 500 3337 prosequatur,
519 3266 636 3313 hanc
668 3265 901 3338 profusam
917 3267 1012 3329 ejus
1035 3282 1083 3312 ιιι
1107 3265 1371 3312 monasteria
1383 3265 1682 3330 largitionem
1703 3264 1850 3337 gravi,
1883 3279 1950 3313 at-

189 3344 280 3392 que
305 3345 351 3375 u·
339 3345 476 3376 mam
499 3330 648 3376 minus
666 3345 774 3377 vera
789 3329 996 3378 oratione
1015 3329 1200 3377 inceffit.
1268 3330 1405 3376 Hanc
1424 3345 1514 3393 ego
1531 3345 1719 3392 quoque
1735 3328 1954 3376 immodi-

123 3453 126 3455 4
191 3408 291 3439 cam
310 3391 504 3455 publicae
516 3393 742 3454 pecuniae,
758 3406 894 3456 atque
906 3395 1020 3441 adeo
1036 3393 1299 3456 patrimonii
1315 3391 1622 3456 profusionem
1638 3393 1698 3439 eo
1713 3389 1861 3464 magis
1875 3395 1957 3440 de-

195 3456 354 3509 miror.
368 3456 496 3517 quod
517 3455 683 3502 eisdem
702 3456 798 3506 iliis
815 3458 1096 3522 temporibus
1108 3457 1256 3506 Divus
1268 3456 1520 3505 Bernartius
1539 3453 1825 3505 acerbiffimrs
1845 3471 1956 3506 con-

243 3571 306 3621 (ι)
338 3582 440 3620 1¹¹4
460 3584 558 3612 anno
575 3573 677 3623 regni
698 3586 801 3622 7mo.

1891 3652 2017 3711 εἰ..
