1994 3833
136 132 268 220 488
444 138 801 202 RERUM
893 135 1572 205 ScoTICARUM

136 232 245 281 dine
266 233 520 281 resumeret.
588 233 690 279 Nec
709 233 884 286 desunt,
908 231 986 294 qui
1017 231 1223 277 omnium
1247 248 1350 293 quae
1379 248 1527 287 avare,
1550 243 1628 280 aut
1647 233 1890 289 crudeliter

137 296 254 345 facta
275 298 390 352 sunt,
414 314 516 360 quae
531 296 704 350 fraude,
730 309 808 342 aut
829 295 1056 343 calumnia
1075 309 1292 342 attentata
1312 296 1429 351 sunt,
1453 298 1633 359 culpam
1656 300 1701 346 in
1725 319 1801 349 eos
1820 322 1889 350 re-

134 360 298 417 ferant,
321 375 516 425 quorum
533 360 719 406 consilio
756 360 803 406 in
826 361 959 406 rebus
1003 360 1212 422 gerendis
1239 360 1462 406 utebatur.
1530 362 1670 407 Erant
1689 365 1809 410 enim
1833 368 1890 413 ab

133 424 283 481 initio,
300 432 402 472 cum
425 441 547 473 eum,
571 440 708 486 quem
732 436 937 478 tenuerat
975 423 1283 487 magistratum
1308 424 1525 486 suscaepit,
1565 424 1691 471 Galli
1716 429 1893 475 consul-

132 500 250 536 tores
270 489 501 547 adjuncti:
534 486 673 550 Regis
698 488 942 534 Gallorum
966 490 1143 551 legatus
1167 486 1363 534 Ofellius
1387 489 1527 533 homo
1548 489 1723 542 celeris,
1754 496 1793 537 δι
1815 508 1894 538 ve-

129 552 354 600 hementis
374 551 470 606 irae,
492 565 651 598 caetera
672 551 742 597 vir
760 553 922 607 bonus,
941 556 988 601 ὃς
1012 550 1155 613 pacis,
1179 552 1381 615 bellique
1402 552 1573 598 artibus
1591 553 1724 612 juxta
1745 555 1896 601 erudi-

129 628 202 663 tus
225 636 235 664 :
259 616 431 678 quique
445 615 622 677 adjutis
643 616 902 679 aequitatem
925 615 1226 678 potiusquam
1245 617 1302 661 ad
1328 617 1633 662 Gufianorum
1654 617 1892 666 libidinem

127 681 206 727 sua
225 680 415 726 consilia
429 680 665 744 dirigeret.
733 681 932 727 Additus
968 680 1012 726 ei
1051 680 1198 726 fuerat
1235 680 1413 726 Rubi-us
1435 680 1623 747 quidam
1646 683 1894 729 causidicus

129 744 378 791 Parifiensis
401 744 583 805 adjuris
601 745 940 800 controversias,
966 743 1106 791 ficubi
1144 759 1258 805 opus
1293 745 1415 798 effet,
1454 743 1781 806 disceptandas.
1849 748 1892 793 Is

128 823 233 854 cum
256 809 304 854 in
326 809 712 855 administratione
743 810 945 870 publica,
971 807 1127 855 omnia
1163 810 1217 854 ad
1244 825 1407 862 mores,
1432 811 1482 857 δε
1524 809 1646 872 leges
1671 809 1893 866 Gallicas,

124 883 341 937 tanquam
364 890 417 922 ea
445 873 629 920 demum
649 875 767 919 recta
788 875 891 920 effet
914 873 1174 934 reipublicae
1195 873 1408 935 regendae
1431 872 1561 925 rati0‚
1586 889 1723 934 quam
1759 887 1889 936 poten

129 950 199 985 rat
219 938 445 1000 proxime,
470 938 756 985 conformare
778 939 933 991 vellet,
958 937 1246 998 suspitionem
1267 952 1428 982 rerum.
1455 937 1763 983 novandarum
1781 939 1826 984 in
1850 932 1892 984 se
1938 954 1946 966 Α·

128 1003 353 1049 transtulit
377 1021 388 1050 ε
422 1009 462 1048 &
485 1003 741 1048 communis
761 1002 1058 1048 fortaffecum
1075 1001 1174 1047 aliis
1196 1000 1399 1047 criminis
1422 1000 1594 1046 invidia
1611 1018 1755 1064 prope
1778 1004 1894 1049 solus

129 1067 366 1130 flagrabat.
434 1069 587 1129 Atque
610 1067 658 1112 hi
682 1066 798 1113 nihil
819 1065 1158 1113 immedicabile
1183 1065 1449 1127 peccabant.

193 1132 370 1178 LXIII.
403 1131 498 1178 Sub
522 1132 658 1178 finem
681 1131 788 1177 belli
811 1144 897 1177 tres
916 1129 1111 1177 distineri
1130 1129 1215 1175 suis
1235 1129 1457 1176 limitibus
1480 1129 1616 1176 duces
1648 1129 1892 1178 militarem

127 1212 222 1243 rem
246 1195 497 1242 tra&abant
523 1214 533 1242 z
565 1198 683 1258 e(1)
709 1195 882 1241 familia
919 1193 1286 1256 Lucernburgica
1307 1194 1476 1240 Comes
1513 1194 1774 1256 Martigius,
1810 1196 1894 1257 qui
1965 1244 1969 1248 ,

124 1267 169 1308 v&
188 1262 298 1307 Dux
321 1261 470 1322 postea
490 1262 775 1323 Stamparum
797 1260 884 1305 fuit
909 1277 919 1306 :
956 1265 995 1306 &-
1041 1258 1295 1305 Labrossius
1319 1257 1509 1319 equestri
1535 1260 1634 1304 loco
1654 1261 1893 1307 natus,1ed

125 1325 210 1387 qui
229 1326 509 1387 magnumin
531 1342 578 1370 re
601 1323 787 1371 militari
809 1324 934 1370 usum
956 1323 1169 1370 habebat.
1189 1322 1444 1368 Tertiusiis
1461 1323 1643 1369 additus
1662 1336 1755 1370 erat
1777 1324 1894 1369 Amae-

128 1388 349 1436 bianenfis
383 1391 635 1452 Episcopus
676 1389 851 1451 aliquot
889 1386 1152 1434 Sorbonicis
1192 1388 1456 1433 doctoribus
1480 1388 1740 1440 comitatus,
1766 1389 1891 1449 quast

126 1453 295 1508 verbis,
338 1471 427 1500 non
468 1453 604 1500 armis
627 1454 683 1500 de
722 1452 1035 1499 dominatione
1057 1451 1333 1498 cernendum
1359 1452 1478 1498 effet.
1546 1448 1725 1497 Horum
1753 1455 1892 1498 trium

127 1519 283 1564 omnia
300 1518 484 1564 consilia
507 1520 564 1564 ad
587 1532 786 1580 apertam
815 1516 1101 1578 tyrannidem
1124 1515 1399 1577 spectabant.
1465 1515 1712 1578 Martigius
1735 1518 1892 1562 auftor

126 1595 239 1637 erat,
266 1594 315 1628 ut
337 1582 383 1628 in
404 1581 561 1628 omnia
580 1582 684 1644 loca
707 1581 866 1628 Lethae
891 1581 1040 1628 vicina
1062 1580 1198 1634 ferro,
1224 1585 1263 1626 δε
1292 1579 1402 1642 igne
1425 1578 1656 1625 saeviretur
1688 1598 1699 1625 z
1735 1591 1785 1625 ut
1807 1579 1890 1627 soli

124 1647 320 1700 vastitaS,
346 1652 386 1693 ἅτ
408 1661 558 1693 rerum
584 1644 922 1692 necefl'ariarum
947 1643 1326 1706 poenuriaScotos
1348 1644 1406 1689 ab
1424 1643 1657 1690 obsidione
1674 1643 1868 1705 prohibe
1883 1676 1899 1688 .
1944 1694 1947 1695 ⁷

124 1723 209 1758 ret.
277 1712 364 1757 Sed
387 1727 443 1757 ex
463 1726 519 1758 eo
540 1710 726 1757 consilio
751 1709 917 1773 pacatis
940 1707 1223 1762 hominibus,
1247 1711 1295 1756 δε
1321 1706 1495 1769 alioqui
1518 1706 1812 1770 pauperibus,
1838 1714 1879 1755 &

124 1774 295 1834 maiore
317 1789 373 1821 ex
396 1789 522 1837 parte
545 1775 739 1836 Papanis
761 1773 951 1820 exitium
973 1772 1215 1836 parabatur
1243 1789 1253 1817 :
1280 1777 1320 1818 Sc
1340 1772 1516 1817 nullum
1536 1772 1594 1818 ad
1615 1771 1802 1818 obseffos
1821 1789 1892 1818 re-

124 1839 360 1887 dundabat
381 1840 758 1888 emolumentum.
845 1839 1143 1884 Commeatus
1175 1835 1298 1882 enim
1322 1849 1478 1899 aperto
1500 1835 1612 1882 mari
1633 1836 1814 1882 abunde
1835 1851 1894 1883 ex
1964 1861 1972 1871 x

122 1904 339 1950 omnibus
357 1904 559 1967 Angliae,
584 1903 840 1964 Scotiteque
854 1903 966 1948 locis
987 1900 1224 1948 maritimis
1243 1900 1289 1947 in
1304 1901 1441 1946 castra
1458 1900 1764 1946 obsidentium
1783 1900 1886 1947 sub-

121 1968 230 2014 vehi
251 1981 476 2031 poterant.
565 1969 733 2015 Clades
771 1979 924 2013 autem
947 1980 1003 2013 ex
1025 1966 1269 2012 vastatione
1301 1980 1516 2028 agrorum
1539 1964 1802 2011 non-minus
1827 1965 1886 2011 ad

122 2033 348 2094 Papanos‚
384 2049 523 2096 quam
546 2033 604 2080 ad
639 2031 874 2093 religionis
914 2047 1029 2077 verae
1066 2030 1262 2077 cultores
1295 2028 1595 2089 pertinebat<
1638 2027 1890 2075 Labrossius

123 2097 332 2144 censebat
353 2113 539 2144 omnem
561 2098 651 2143 fine
664 2094 923 2143 discrimine
941 2096 1180 2142 Scotorum
1204 2092 1494 2139 nobilitatem
1511 2093 1596 2139 effe
1613 2093 1886 2154 extinguen-

123 2161 246 2208 dam.
317 2163 369 2208 In
392 2177 549 2209 eorum
589 2174 741 2208 autem
777 2158 961 2222 praediis
995 2158 1122 2205 mille
1148 2157 1477 2218 Cataphrafitos
1506 2155 1682 2219 eq'uites
1721 2157 1886 2204 Gallos

121 2224 337 2272 collocari
378 2226 532 2288 poffe:
564 2226 787 2288 reliquam
825 2221 1166 2278 multitudinem
1204 2220 1430 2267 servorum
1464 2220 1568 2266 loco
1597 2220 1874 2268 habendam.

121 2290 178 2336 Id
201 2289 439 2336 consilium
482 2290 626 2337 literis
647 2289 743 2350 ejus
765 2288 823 2335 ad
846 2289 1037 2334 Gallum
1075 2284 1359 2347 interceptis,
1397 2284 1686 2347 divulgatum
1722 2285 1889 2331 mirum

120 2370 342 2418 quantum
366 2355 612 2402 Gallorum
633 2353 793 2400 odium
809 2354 906 2414 jam
927 2352 1027 2398 aliis
1065 2351 1122 2398 de
1144 2350 1283 2396 causis
1305 2359 1463 2396 natum
1485 2349 1630 2395 auxit.
1693 2348 1886 2395 Ambia-

122 2435 207 2465 nus
231 2433 380 2465 autem
404 2419 651 2482 Episcopus
686 2434 777 2465 non
802 2417 941 2463 modo
978 2417 1199 2465 Romanae
1216 2413 1357 2460 causae
1381 2413 1528 2459 minus
1553 2429 1723 2475 aequos,
1750 2413 1822 2459 sed
1840 2430 1892 2460 e*-

119 2483 232 2530 'tiam
257 2484 501 2530 Gallorum
521 2482 724 2547 partibus
745 2481 897 2533 minus
913 2497 1052 2544 quam
1085 2479 1178 2543 ipse
1215 2478 1424 2525 censebat
1462 2493 1642 2541 aequum
1681 2476 1886 2525 addictos

123 2547 298 2598 indieta
318 2547 448 2595 causa
464 2565 614 2611 agere,
632 2564 808 2610 rapere,
829 2545 1052 2592 trucidare
1071 2542 1262 2607 jubebat
1286 2559 1298 2588 ε
1324 2542 1575 2604 Gallosque
1598 2541 1764 2588 milites
1785 2554 1890 2604 gra-
1918 2564 1920 2572 ,

118 2610 240 2659 ‘viter
275 2611 558 2674 increpabat,
581 2613 710 2675 quod
741 2611 808 2660 sui
828 2610 971 2674 Regis
993 2607 1204 2656 inimicos
1227 2607 1380 2670 palam
1401 2606 1609 2653 omniurn
1633 2607 1776 2651 oculis
1801 2606 1890 2652 im·-

120 2689 247 2739 pune
279 2676 322 2722 se
358 2678 577 2724 ostentare
611 2687 888 2738 paterentur.
956 2675 1117 2727 Unum
1151 2670 1291 2718 etiam
1325 2670 1599 2721 nominatim
1628 2670 1891 2733 delignabat

119 2725 412 2792 Gulielmum
435 2740 769 2787 Maetellanum
781 2739 998 2799 juvenem
1020 2737 1243 2790 nobilem,
1269 2741 1310 2782 Sc
1332 2735 1582 2788 eruditum,
1619 2750 1756 2797 quern
1778 2734 1890 2794 quia

119 2804 364 2856 Sorbonici
397 2803 648 2852 rationibus
687 2803 892 2850 refellere
914 2819 1008 2849 non
1029 2813 1256 2865 poterant,
1293 2798 1414 2846 ferro
1451 2798 1704 2861 Episcopus
1729 2798 1888 2844 tollere

118 2868 374 2917 destinabat
405 2887 418 2916 ε
470 2867 655 2932 ejusque
679 2866 831 2914 Gatlis
869 2866 1095 2917 militibus
1116 2865 1256 2913 vitam
1280 2862 1602 2926 exprobrabat,
1629 2868 1670 2910 &
1694 2872 1886 2911 mortem

109 2933 486 2985 commendabat.
546 2935 602 2981 Id
623 2932 702 2978 ille
719 2948 822 2978 cum
846 2931 1053 2988 rescisset,
1079 2941 1262 2994 captato
1280 2939 1486 2991 tempore
1503 2927 1546 2974 se
1567 2944 1593 2975 a
1615 2926 1764 2975 Gallis
1786 2924 1890 2972 sub-

107 2995 269 3053 -duxit,
293 3003 334 3046 &
357 2997 407 3046 in
429 2999 668 3046 Scotorum
690 2997 829 3044 castra
849 2995 992 3044 venit.

170 3124 234 3176 (fx)
252 3126 340 3166 The
359 3126 458 3167 duke
477 3126 522 3168 of
530 3125 827 3177 Luxemburgh's
839 3124 966 3171 house.

1462 3390 1834 3469 RERUM
