<?xml version="1.0" encoding="UTF-8"?>
<!DOCTYPE html PUBLIC "-//W3C//DTD XHTML 1.0 Transitional//EN"
    "http://www.w3.org/TR/xhtml1/DTD/xhtml1-transitional.dtd">
<html xmlns="http://www.w3.org/1999/xhtml" xml:lang="en" lang="en">
 <head>
  <title>
</title>
<meta http-equiv="Content-Type" content="text/html;charset=utf-8" />
  <meta name='ocr-system' content='tesseract 3.04.00' />
  <meta name='ocr-capabilities' content='ocr_page ocr_carea ocr_par ocr_line ocrx_word'/>
</head>
<body>
  <div class='ocr_page' id='page_1' title='image "./rerumscoticarumh00buch_0084.png"; bbox 0 0 2106 3838; ppageno 0'>
   <div class='ocr_carea' id='block_1_1' title="bbox 203 122 1638 193">
    <p class='ocr_par' dir='ltr' id='par_1_1' title="bbox 203 122 1638 193">
     <span class='ocr_line' id='line_1_1' title="bbox 203 122 1638 193; baseline -0.003 -1"><span class='ocrx_word' id='word_1_1' title='bbox 203 127 281 193; x_wconf 64' lang='lat'>48</span> <span class='ocrx_word' id='word_1_2' title='bbox 499 125 858 192; x_wconf 76' lang='lat' dir='ltr'>RERUM</span> <span class='ocrx_word' id='word_1_3' title='bbox 948 122 1638 188; x_wconf 53' lang='lat' dir='ltr'>Scoricinun</span> 
     </span>
    </p>
   </div>
   <div class='ocr_carea' id='block_1_2' title="bbox 188 216 2019 3493">
    <p class='ocr_par' dir='ltr' id='par_1_2' title="bbox 199 216 1986 485">
     <span class='ocr_line' id='line_1_2' title="bbox 202 216 1958 276; baseline -0.002 -5"><span class='ocrx_word' id='word_1_4' title='bbox 202 223 318 276; x_wconf 64' lang='lat' dir='ltr'>fimis</span> <span class='ocrx_word' id='word_1_5' title='bbox 338 221 521 273; x_wconf 78' lang='lat' dir='ltr'>indiciis</span> <span class='ocrx_word' id='word_1_6' title='bbox 540 222 814 270; x_wconf 84' lang='lat' dir='ltr'>ostendimus</span> <span class='ocrx_word' id='word_1_7' title='bbox 835 231 1008 266; x_wconf 83' lang='lat' dir='ltr'>veteres</span> <span class='ocrx_word' id='word_1_8' title='bbox 1034 216 1272 267; x_wconf 82' lang='lat' dir='ltr'>Britannos</span> <span class='ocrx_word' id='word_1_9' title='bbox 1295 221 1320 272; x_wconf 77' lang='grc' dir='ltr'>ὲ</span> <span class='ocrx_word' id='word_1_10' title='bbox 1344 220 1514 269; x_wconf 88' lang='lat' dir='ltr'>Galliis</span> <span class='ocrx_word' id='word_1_11' title='bbox 1547 220 1670 268; x_wconf 82' lang='lat' dir='ltr'>fuiss‘c</span> <span class='ocrx_word' id='word_1_12' title='bbox 1699 221 1917 269; x_wconf 85' lang='lat' dir='ltr'>oriundos</span> <span class='ocrx_word' id='word_1_13' title='bbox 1947 242 1958 271; x_wconf 90' lang='lat'>:</span> 
     </span>
     <span class='ocr_line' id='line_1_3' title="bbox 199 281 1962 350; baseline -0.001 -15"><span class='ocrx_word' id='word_1_14' title='bbox 199 303 379 344; x_wconf 69' lang='lat' dir='ltr'>tamen,</span> <span class='ocrx_word' id='word_1_15' title='bbox 393 287 501 350; x_wconf 84' lang='lat' dir='ltr'>quia</span> <span class='ocrx_word' id='word_1_16' title='bbox 521 303 617 335; x_wconf 83' lang='lat' dir='ltr'>rem</span> <span class='ocrx_word' id='word_1_17' title='bbox 640 286 771 333; x_wconf 82' lang='lat' dir='ltr'>nobis</span> <span class='ocrx_word' id='word_1_18' title='bbox 793 283 876 330; x_wconf 80' lang='lat' dir='ltr'>effe</span> <span class='ocrx_word' id='word_1_19' title='bbox 897 281 1166 331; x_wconf 80' lang='lat' dir='ltr'>videbamus</span> <span class='ocrx_word' id='word_1_20' title='bbox 1191 285 1341 344; x_wconf 88' lang='lat' dir='ltr'>potius</span> <span class='ocrx_word' id='word_1_21' title='bbox 1358 302 1463 336; x_wconf 75' lang='lat' dir='ltr'>cum</span> <span class='ocrx_word' id='word_1_22' title='bbox 1483 284 1744 333; x_wconf 75' lang='lat' dir='ltr'>hominibus</span> <span class='ocrx_word' id='word_1_23' title='bbox 1763 285 1962 348; x_wconf 86' lang='lat' dir='ltr'>pertina-</span> 
     </span>
     <span class='ocr_line' id='line_1_4' title="bbox 200 345 1965 412; baseline -0.001 -13"><span class='ocrx_word' id='word_1_24' title='bbox 200 353 315 402; x_wconf 82' lang='lat' dir='ltr'><strong>citer</strong></span> <span class='ocrx_word' id='word_1_25' title='bbox 347 369 394 399; x_wconf 86' lang='lat' dir='ltr'>m</span> <span class='ocrx_word' id='word_1_26' title='bbox 419 351 652 398; x_wconf 89' lang='lat' dir='ltr'>manifesto</span> <span class='ocrx_word' id='word_1_27' title='bbox 682 346 954 396; x_wconf 76' lang='lat' dir='ltr'>haerentibus</span> <span class='ocrx_word' id='word_1_28' title='bbox 979 345 1234 401; x_wconf 78' lang='lat' dir='ltr'>mendacio,</span> <span class='ocrx_word' id='word_1_29' title='bbox 1258 365 1396 411; x_wconf 89' lang='lat' dir='ltr'>quam</span> <span class='ocrx_word' id='word_1_30' title='bbox 1421 364 1588 398; x_wconf 86' lang='lat' dir='ltr'>temere</span> <span class='ocrx_word' id='word_1_31' title='bbox 1611 365 1691 412; x_wconf 88' lang='lat' dir='ltr'>per</span> <span class='ocrx_word' id='word_1_32' title='bbox 1713 347 1965 412; x_wconf 82' lang='lat' dir='ltr'>ignoranti·</span> 
     </span>
     <span class='ocr_line' id='line_1_5' title="bbox 199 409 1986 485; baseline -0.001 -21"><span class='ocrx_word' id='word_1_33' title='bbox 199 433 274 471; x_wconf 77' lang='lat' dir='ltr'>am</span> <span class='ocrx_word' id='word_1_34' title='bbox 295 415 448 485; x_wconf 72' lang='lat' dir='ltr'>lapsis,</span> <span class='ocrx_word' id='word_1_35' title='bbox 479 431 629 478; x_wconf 79' lang='lat' dir='ltr'>operae</span> <span class='ocrx_word' id='word_1_36' title='bbox 651 412 856 476; x_wconf 76' lang='lat' dir='ltr'>precium</span> <span class='ocrx_word' id='word_1_37' title='bbox 888 426 963 456; x_wconf 89' lang='lat' dir='ltr'>me</span> <span class='ocrx_word' id='word_1_38' title='bbox 995 409 1215 459; x_wconf 61' lang='lat' dir='ltr'>faeiururn</span> <span class='ocrx_word' id='word_1_39' title='bbox 1235 411 1506 468; x_wconf 80' lang='lat' dir='ltr'>existimavi,</span> <span class='ocrx_word' id='word_1_40' title='bbox 1527 413 1558 466; x_wconf 78' lang='lat' dir='ltr'>fi</span> <span class='ocrx_word' id='word_1_41' title='bbox 1581 430 1634 468; x_wconf 80' lang='lat' dir='ltr'>ex</span> <span class='ocrx_word' id='word_1_42' title='bbox 1658 412 1986 476; x_wconf 53' lang='lat' dir='ltr'>scriptoribus„</span> 
     </span>
    </p>

    <p class='ocr_par' dir='ltr' id='par_1_3' title="bbox 201 474 1973 912">
     <span class='ocr_line' id='line_1_6' title="bbox 238 474 1968 538; baseline -0.003 -11"><span class='ocrx_word' id='word_1_43' title='bbox 238 495 402 527; x_wconf 90' lang='lat' dir='ltr'>uorum</span> <span class='ocrx_word' id='word_1_44' title='bbox 438 480 610 526; x_wconf 88' lang='lat' dir='ltr'>summa</span> <span class='ocrx_word' id='word_1_45' title='bbox 644 478 766 538; x_wconf 87' lang='lat' dir='ltr'>apud</span> <span class='ocrx_word' id='word_1_46' title='bbox 796 490 953 520; x_wconf 86' lang='lat' dir='ltr'>ornnes</span> <span class='ocrx_word' id='word_1_47' title='bbox 986 475 1141 522; x_wconf 66' lang='lat' dir='ltr'>doctos</span> <span class='ocrx_word' id='word_1_48' title='bbox 1168 474 1274 524; x_wconf 88' lang='lat' dir='ltr'>esset</span> <span class='ocrx_word' id='word_1_49' title='bbox 1301 475 1559 531; x_wconf 57' lang='lat' dir='ltr'>auctoritas,</span> <span class='ocrx_word' id='word_1_50' title='bbox 1585 475 1824 530; x_wconf 83' lang='lat' dir='ltr'>hominum</span> <span class='ocrx_word' id='word_1_51' title='bbox 1850 477 1968 524; x_wconf 86' lang='lat' dir='ltr'>male</span> 
     </span>
     <span class='ocr_line' id='line_1_7' title="bbox 201 497 1967 595; baseline -0.002 -4"><span class='ocrx_word' id='word_1_52' title='bbox 201 497 470 595; x_wconf 57' lang='lat' dir='ltr'>ileriatorum</span> <span class='ocrx_word' id='word_1_53' title='bbox 496 541 783 590; x_wconf 84' lang='lat' dir='ltr'>retunderem</span> <span class='ocrx_word' id='word_1_54' title='bbox 806 536 1061 592; x_wconf 76' lang='lat' dir='ltr'>audaciam,</span> <span class='ocrx_word' id='word_1_55' title='bbox 1086 540 1135 588; x_wconf 75' lang='grc' dir='ltr'>δε</span> <span class='ocrx_word' id='word_1_56' title='bbox 1173 536 1280 590; x_wconf 83' lang='lat' dir='ltr'>viris</span> <span class='ocrx_word' id='word_1_57' title='bbox 1313 539 1462 594; x_wconf 79' lang='lat' dir='ltr'>bonis,</span> <span class='ocrx_word' id='word_1_58' title='bbox 1485 555 1537 589; x_wconf 85' lang='lat' dir='ltr'>ac</span> <span class='ocrx_word' id='word_1_59' title='bbox 1557 541 1654 589; x_wconf 86' lang='lat' dir='ltr'>veri</span> <span class='ocrx_word' id='word_1_60' title='bbox 1687 539 1886 589; x_wconf 71' lang='lat' dir='ltr'>studiosis</span> <span class='ocrx_word' id='word_1_61' title='bbox 1909 541 1967 588; x_wconf 92' lang='lat' dir='ltr'>ad</span> 
     </span>
     <span class='ocr_line' id='line_1_8' title="bbox 203 602 1971 666; baseline -0.001 -12"><span class='ocrx_word' id='word_1_62' title='bbox 203 607 510 666; x_wconf 80' lang='lat' dir='ltr'>cohibendam</span> <span class='ocrx_word' id='word_1_63' title='bbox 535 620 690 653; x_wconf 87' lang='lat' dir='ltr'>eorum</span> <span class='ocrx_word' id='word_1_64' title='bbox 712 602 1045 664; x_wconf 87' lang='lat' dir='ltr'>impudentiam</span> <span class='ocrx_word' id='word_1_65' title='bbox 1070 618 1194 649; x_wconf 82' lang='lat' dir='ltr'>arma</span> <span class='ocrx_word' id='word_1_66' title='bbox 1215 602 1564 666; x_wconf 71' lang='lat' dir='ltr'>suppeditarem.</span> <span class='ocrx_word' id='word_1_67' title='bbox 1605 605 1712 657; x_wconf 82' lang='lat' dir='ltr'>Hoc</span> <span class='ocrx_word' id='word_1_68' title='bbox 1732 604 1788 658; x_wconf 76' lang='lat' dir='ltr'>in</span> <span class='ocrx_word' id='word_1_69' title='bbox 1838 621 1971 652; x_wconf 83' lang='lat' dir='ltr'>encre</span> 
     </span>
     <span class='ocr_line' id='line_1_9' title="bbox 207 666 1970 734; baseline -0.002 -15"><span class='ocrx_word' id='word_1_70' title='bbox 207 674 266 719; x_wconf 89' lang='lat' dir='ltr'>C.</span> <span class='ocrx_word' id='word_1_71' title='bbox 292 672 416 734; x_wconf 74' lang='lat' dir='ltr'>juli-o</span> <span class='ocrx_word' id='word_1_72' title='bbox 440 667 605 717; x_wconf 79' lang='lat' dir='ltr'>Caesari</span> <span class='ocrx_word' id='word_1_73' title='bbox 622 667 724 729; x_wconf 86' lang='lat' dir='ltr'>jure</span> <span class='ocrx_word' id='word_1_74' title='bbox 747 666 1058 730; x_wconf 79' lang='lat' dir='ltr'>principatum</span> <span class='ocrx_word' id='word_1_75' title='bbox 1082 667 1375 721; x_wconf 85' lang='lat' dir='ltr'>tribuendum</span> <span class='ocrx_word' id='word_1_76' title='bbox 1399 666 1669 722; x_wconf 81' lang='lat' dir='ltr'>existimavi,</span> <span class='ocrx_word' id='word_1_77' title='bbox 1688 669 1760 714; x_wconf 89' lang='lat' dir='ltr'>vel</span> <span class='ocrx_word' id='word_1_78' title='bbox 1782 685 1810 714; x_wconf 91' lang='lat' dir='ltr'>o</span> <span class='ocrx_word' id='word_1_79' title='bbox 1865 667 1970 716; x_wconf 89' lang='lat' dir='ltr'>dili-</span> 
     </span>
     <span class='ocr_line' id='line_1_10' title="bbox 204 730 1973 800; baseline -0.002 -19"><span class='ocrx_word' id='word_1_80' title='bbox 204 736 410 800; x_wconf 84' lang='lat' dir='ltr'>gentiam</span> <span class='ocrx_word' id='word_1_81' title='bbox 432 734 477 780; x_wconf 89' lang='lat' dir='ltr'>in</span> <span class='ocrx_word' id='word_1_82' title='bbox 502 732 781 793; x_wconf 82' lang='lat' dir='ltr'>indagando,</span> <span class='ocrx_word' id='word_1_83' title='bbox 814 731 889 778; x_wconf 90' lang='lat' dir='ltr'>vel</span> <span class='ocrx_word' id='word_1_84' title='bbox 924 730 1202 794; x_wconf 83' lang='lat' dir='ltr'>cognitionis</span> <span class='ocrx_word' id='word_1_85' title='bbox 1237 731 1574 785; x_wconf 86' lang='lat' dir='ltr'><strong>certitudinem,</strong></span> <span class='ocrx_word' id='word_1_86' title='bbox 1600 731 1673 778; x_wconf 91' lang='lat' dir='ltr'>vel</span> <span class='ocrx_word' id='word_1_87' title='bbox 1710 730 1973 793; x_wconf 79' lang='lat' dir='ltr'>explicandi</span> 
     </span>
     <span class='ocr_line' id='line_1_11' title="bbox 205 794 1973 858; baseline -0.003 -10"><span class='ocrx_word' id='word_1_88' title='bbox 205 800 521 848; x_wconf 73' lang='lat' dir='ltr'>finceritatern.</span> <span class='ocrx_word' id='word_1_89' title='bbox 590 796 634 848; x_wconf 71' lang='lat' dir='ltr'>Is</span> <span class='ocrx_word' id='word_1_90' title='bbox 663 795 711 842; x_wconf 89' lang='lat' dir='ltr'>in</span> <span class='ocrx_word' id='word_1_91' title='bbox 746 794 910 858; x_wconf 79' lang='lat' dir='ltr'>quinto</span> <span class='ocrx_word' id='word_1_92' title='bbox 933 794 1365 850; x_wconf 66' lang='lat' dir='ltr'>commentariorum</span> <span class='ocrx_word' id='word_1_93' title='bbox 1389 795 1503 849; x_wconf 81' lang='lat' dir='ltr'>belli·</span> <span class='ocrx_word' id='word_1_94' title='bbox 1521 794 1698 846; x_wconf 84' lang='lat' dir='ltr'>Gallici</span> <span class='ocrx_word' id='word_1_95' title='bbox 1717 796 1774 844; x_wconf 86' lang='lat' dir='ltr'>de</span> <span class='ocrx_word' id='word_1_96' title='bbox 1795 795 1973 847; x_wconf 87' lang='lat' dir='ltr'>Britan-</span> 
     </span>
     <span class='ocr_line' id='line_1_12' title="bbox 203 861 560 912; baseline -0.011 -2"><span class='ocrx_word' id='word_1_97' title='bbox 203 864 282 910; x_wconf 85' lang='lat' dir='ltr'>nia</span> <span class='ocrx_word' id='word_1_98' title='bbox 305 864 390 912; x_wconf 89' lang='lat' dir='ltr'>hoc</span> <span class='ocrx_word' id='word_1_99' title='bbox 409 861 560 910; x_wconf 88' lang='lat' dir='ltr'>habet.</span> 
     </span>
    </p>

    <p class='ocr_par' dir='ltr' id='par_1_4' title="bbox 206 922 2019 3435">
     <span class='ocr_line' id='line_1_13' title="bbox 273 922 1980 996; baseline 0 -23"><span class='ocrx_word' id='word_1_100' title='bbox 273 927 337 973; x_wconf 89' lang='lat'>11.</span> <span class='ocrx_word' id='word_1_101' title='bbox 375 926 408 973; x_wconf 91' lang='grc' dir='ltr'><strong>Β</strong></span> <span class='ocrx_word' id='word_1_102' title='bbox 428 926 471 972; x_wconf 91' lang='lat' dir='ltr'>R</span> <span class='ocrx_word' id='word_1_103' title='bbox 486 925 567 972; x_wconf 94' lang='lat' dir='ltr'>IT</span> <span class='ocrx_word' id='word_1_104' title='bbox 582 924 623 971; x_wconf 85' lang='lat' dir='ltr'><strong>A</strong></span> <span class='ocrx_word' id='word_1_105' title='bbox 639 924 689 972; x_wconf 92' lang='grc' dir='ltr'>Ν</span> <span class='ocrx_word' id='word_1_106' title='bbox 704 923 753 971; x_wconf 89' lang='grc' dir='ltr'>Ν</span> <span class='ocrx_word' id='word_1_107' title='bbox 769 924 790 970; x_wconf 85' lang='grc' dir='ltr'><strong>Ι</strong></span> <span class='ocrx_word' id='word_1_108' title='bbox 804 926 868 978; x_wconf 77' lang='lat' dir='ltr'><strong>AE</strong></span> <span class='ocrx_word' id='word_1_109' title='bbox 899 941 1000 988; x_wconf 87' lang='lat' dir='ltr'>pars</span> <span class='ocrx_word' id='word_1_110' title='bbox 1021 922 1212 972; x_wconf 85' lang='lat' dir='ltr'>interior</span> <span class='ocrx_word' id='word_1_111' title='bbox 1228 923 1284 971; x_wconf 85' lang='lat' dir='ltr'>ab</span> <span class='ocrx_word' id='word_1_112' title='bbox 1305 923 1360 970; x_wconf 83' lang='lat' dir='ltr'>iis</span> <span class='ocrx_word' id='word_1_113' title='bbox 1382 922 1614 977; x_wconf 85' lang='lat' dir='ltr'>incolitur,</span> <span class='ocrx_word' id='word_1_114' title='bbox 1638 940 1754 996; x_wconf 77' lang='lat' dir='ltr'>quos</span> <span class='ocrx_word' id='word_1_115' title='bbox 1775 935 1905 971; x_wconf 85' lang='lat' dir='ltr'>natos</span> <span class='ocrx_word' id='word_1_116' title='bbox 1926 923 1980 973; x_wconf 84' lang='lat' dir='ltr'>in</span> 
     </span>
     <span class='ocr_line' id='line_1_14' title="bbox 206 987 1977 1061; baseline -0.002 -23"><span class='ocrx_word' id='word_1_117' title='bbox 206 990 354 1039; x_wconf 80' lang='lat' dir='ltr'>insula</span> <span class='ocrx_word' id='word_1_118' title='bbox 370 989 451 1052; x_wconf 72' lang='lat' dir='ltr'>ipsi</span> <span class='ocrx_word' id='word_1_119' title='bbox 477 988 694 1039; x_wconf 87' lang='lat' dir='ltr'>memoria</span> <span class='ocrx_word' id='word_1_120' title='bbox 719 989 955 1061; x_wconf 83' lang='lat' dir='ltr'>proditum</span> <span class='ocrx_word' id='word_1_121' title='bbox 971 989 1144 1038; x_wconf 89' lang='lat' dir='ltr'>dicunt.</span> <span class='ocrx_word' id='word_1_122' title='bbox 1185 988 1427 1037; x_wconf 83' lang='lat' dir='ltr'>Maritima</span> <span class='ocrx_word' id='word_1_123' title='bbox 1447 1004 1548 1052; x_wconf 82' lang='lat' dir='ltr'>pars</span> <span class='ocrx_word' id='word_1_124' title='bbox 1569 989 1629 1038; x_wconf 86' lang='lat' dir='ltr'>ab</span> <span class='ocrx_word' id='word_1_125' title='bbox 1648 987 1721 1041; x_wconf 77' lang='lat' dir='ltr'>tis,</span> <span class='ocrx_word' id='word_1_126' title='bbox 1740 988 1837 1050; x_wconf 91' lang='lat' dir='ltr'>qui,</span> <span class='ocrx_word' id='word_1_127' title='bbox 1863 1005 1977 1050; x_wconf 85' lang='lat' dir='ltr'>prae-</span> 
     </span>
     <span class='ocr_line' id='line_1_15' title="bbox 207 1051 1989 1118; baseline 0 -16"><span class='ocrx_word' id='word_1_128' title='bbox 207 1055 281 1103; x_wconf 82' lang='lat' dir='ltr'>dae</span> <span class='ocrx_word' id='word_1_129' title='bbox 307 1071 357 1102; x_wconf 91' lang='lat' dir='ltr'>ac</span> <span class='ocrx_word' id='word_1_130' title='bbox 382 1052 492 1102; x_wconf 91' lang='lat' dir='ltr'>belli</span> <span class='ocrx_word' id='word_1_131' title='bbox 514 1052 738 1102; x_wconf 77' lang='lat' dir='ltr'>inferendi</span> <span class='ocrx_word' id='word_1_132' title='bbox 768 1053 912 1109; x_wconf 64' lang='lat' dir='ltr'>causa,</span> <span class='ocrx_word' id='word_1_133' title='bbox 937 1069 994 1104; x_wconf 82' lang='lat' dir='ltr'>ex</span> <span class='ocrx_word' id='word_1_134' title='bbox 1018 1052 1177 1118; x_wconf 88' lang='lat' dir='ltr'>Belgio</span> <span class='ocrx_word' id='word_1_135' title='bbox 1199 1053 1479 1107; x_wconf 82' lang='lat' dir='ltr'>tranfierant,</span> <span class='ocrx_word' id='word_1_136' title='bbox 1507 1052 1588 1116; x_wconf 91' lang='lat' dir='ltr'>qui</span> <span class='ocrx_word' id='word_1_137' title='bbox 1610 1067 1767 1099; x_wconf 89' lang='lat' dir='ltr'>ornnes</span> <span class='ocrx_word' id='word_1_138' title='bbox 1789 1051 1882 1099; x_wconf 87' lang='lat' dir='ltr'>fere</span> <span class='ocrx_word' id='word_1_139' title='bbox 1907 1051 1989 1102; x_wconf 66' lang='lat' dir='ltr'>hia</span> 
     </span>
     <span class='ocr_line' id='line_1_16' title="bbox 209 1116 1976 1182; baseline -0.002 -16"><span class='ocrx_word' id='word_1_140' title='bbox 209 1118 475 1167; x_wconf 83' lang='lat' dir='ltr'>nominibus</span> <span class='ocrx_word' id='word_1_141' title='bbox 498 1116 735 1171; x_wconf 76' lang='lat' dir='ltr'>civitatum</span> <span class='ocrx_word' id='word_1_142' title='bbox 764 1119 1071 1182; x_wconf 80' lang='lat' dir='ltr'>appellantur,</span> <span class='ocrx_word' id='word_1_143' title='bbox 1095 1117 1261 1181; x_wconf 87' lang='lat' dir='ltr'>quibus</span> <span class='ocrx_word' id='word_1_144' title='bbox 1283 1116 1371 1165; x_wconf 90' lang='lat' dir='ltr'>orti</span> <span class='ocrx_word' id='word_1_145' title='bbox 1393 1117 1655 1169; x_wconf 81' lang='lat' dir='ltr'>civitatibus</span> <span class='ocrx_word' id='word_1_146' title='bbox 1678 1117 1735 1164; x_wconf 77' lang='grc' dir='ltr'>εὸ</span> <span class='ocrx_word' id='word_1_147' title='bbox 1756 1133 1976 1179; x_wconf 87' lang='lat' dir='ltr'>pervene-</span> 
     </span>
     <span class='ocr_line' id='line_1_17' title="bbox 208 1180 1978 1246; baseline -0.001 -17"><span class='ocrx_word' id='word_1_148' title='bbox 208 1197 335 1237; x_wconf 86' lang='lat' dir='ltr'>runt,</span> <span class='ocrx_word' id='word_1_149' title='bbox 368 1187 408 1229; x_wconf 69' lang='lat'>&amp;-</span> <span class='ocrx_word' id='word_1_150' title='bbox 443 1182 566 1230; x_wconf 89' lang='lat' dir='ltr'>bello</span> <span class='ocrx_word' id='word_1_151' title='bbox 601 1181 729 1231; x_wconf 88' lang='lat' dir='ltr'>illato</span> <span class='ocrx_word' id='word_1_152' title='bbox 758 1180 824 1230; x_wconf 89' lang='lat' dir='ltr'>ibi</span> <span class='ocrx_word' id='word_1_153' title='bbox 859 1182 1184 1238; x_wconf 83' lang='lat' dir='ltr'>remanserunt,</span> <span class='ocrx_word' id='word_1_154' title='bbox 1216 1195 1352 1246; x_wconf 88' lang='lat' dir='ltr'>atque</span> <span class='ocrx_word' id='word_1_155' title='bbox 1381 1197 1512 1245; x_wconf 82' lang='lat' dir='ltr'>agros</span> <span class='ocrx_word' id='word_1_156' title='bbox 1539 1182 1689 1229; x_wconf 87' lang='lat' dir='ltr'>colere</span> <span class='ocrx_word' id='word_1_157' title='bbox 1722 1192 1978 1243; x_wconf 74' lang='lat' dir='ltr'>coeperunt.</span> 
     </span>
     <span class='ocr_line' id='line_1_18' title="bbox 209 1243 1991 1309; baseline -0.002 -14"><span class='ocrx_word' id='word_1_158' title='bbox 209 1246 478 1295; x_wconf 84' lang='lat' dir='ltr'>Hominum</span> <span class='ocrx_word' id='word_1_159' title='bbox 499 1248 558 1293; x_wconf 90' lang='lat' dir='ltr'>est</span> <span class='ocrx_word' id='word_1_160' title='bbox 576 1246 755 1293; x_wconf 87' lang='lat' dir='ltr'>infinita</span> <span class='ocrx_word' id='word_1_161' title='bbox 777 1246 1043 1300; x_wconf 85' lang='lat' dir='ltr'>multitudo,</span> <span class='ocrx_word' id='word_1_162' title='bbox 1060 1246 1425 1309; x_wconf 81' lang='lat' dir='ltr'>creberrimaque</span> <span class='ocrx_word' id='word_1_163' title='bbox 1449 1245 1655 1298; x_wconf 83' lang='lat' dir='ltr'>aedificia,</span> <span class='ocrx_word' id='word_1_164' title='bbox 1673 1245 1764 1291; x_wconf 91' lang='lat' dir='ltr'>fere</span> <span class='ocrx_word' id='word_1_165' title='bbox 1784 1243 1991 1292; x_wconf 44' lang='lat' dir='ltr'>Gallicis.</span> 
     </span>
     <span class='ocr_line' id='line_1_19' title="bbox 212 1310 1980 1375; baseline -0.002 -18"><span class='ocrx_word' id='word_1_166' title='bbox 212 1311 466 1363; x_wconf 76' lang='lat' dir='ltr'>consimilia</span> <span class='ocrx_word' id='word_1_167' title='bbox 493 1330 502 1357; x_wconf 89' lang='lat'>:</span> <span class='ocrx_word' id='word_1_168' title='bbox 537 1310 713 1374; x_wconf 88' lang='lat' dir='ltr'>pecoris</span> <span class='ocrx_word' id='word_1_169' title='bbox 737 1327 928 1375; x_wconf 88' lang='lat' dir='ltr'>magnus</span> <span class='ocrx_word' id='word_1_170' title='bbox 953 1328 1167 1358; x_wconf 88' lang='lat' dir='ltr'>numerus</span> <span class='ocrx_word' id='word_1_171' title='bbox 1191 1330 1203 1358; x_wconf 89' lang='lat'>:</span> <span class='ocrx_word' id='word_1_172' title='bbox 1239 1325 1425 1362; x_wconf 89' lang='lat' dir='ltr'>utuntur</span> <span class='ocrx_word' id='word_1_173' title='bbox 1455 1323 1604 1357; x_wconf 64' lang='lat' dir='ltr'>autem</span> <span class='ocrx_word' id='word_1_174' title='bbox 1628 1324 1817 1363; x_wconf 82' lang='lat' dir='ltr'>nummo</span> <span class='ocrx_word' id='word_1_175' title='bbox 1845 1324 1980 1363; x_wconf 76' lang='lat' dir='ltr'>aereo,</span> 
     </span>
     <span class='ocr_line' id='line_1_20' title="bbox 214 1373 1980 1438; baseline -0.002 -16"><span class='ocrx_word' id='word_1_176' title='bbox 214 1389 296 1422; x_wconf 87' lang='lat' dir='ltr'>aut</span> <span class='ocrx_word' id='word_1_177' title='bbox 317 1375 496 1430; x_wconf 82' lang='lat' dir='ltr'>annulis</span> <span class='ocrx_word' id='word_1_178' title='bbox 518 1375 691 1429; x_wconf 84' lang='lat' dir='ltr'>ferreis,</span> <span class='ocrx_word' id='word_1_179' title='bbox 715 1375 770 1421; x_wconf 91' lang='lat' dir='ltr'>ad</span> <span class='ocrx_word' id='word_1_180' title='bbox 791 1388 964 1425; x_wconf 87' lang='lat' dir='ltr'>certum</span> <span class='ocrx_word' id='word_1_181' title='bbox 982 1377 1164 1438; x_wconf 76' lang='lat' dir='ltr'>pondus</span> <span class='ocrx_word' id='word_1_182' title='bbox 1181 1376 1468 1429; x_wconf 78' lang='lat' dir='ltr'>examinatis,</span> <span class='ocrx_word' id='word_1_183' title='bbox 1493 1391 1576 1438; x_wconf 88' lang='lat' dir='ltr'>pro</span> <span class='ocrx_word' id='word_1_184' title='bbox 1614 1389 1820 1422; x_wconf 75' lang='lat' dir='ltr'>nummo-</span> <span class='ocrx_word' id='word_1_185' title='bbox 1882 1373 1980 1420; x_wconf 77' lang='lat' dir='ltr'>Na-</span> 
     </span>
     <span class='ocr_line' id='line_1_21' title="bbox 213 1435 1994 1503; baseline -0.001 -16"><span class='ocrx_word' id='word_1_186' title='bbox 213 1438 352 1494; x_wconf 77' lang='lat' dir='ltr'>scitur</span> <span class='ocrx_word' id='word_1_187' title='bbox 373 1438 441 1484; x_wconf 88' lang='lat' dir='ltr'>ibi</span> <span class='ocrx_word' id='word_1_188' title='bbox 473 1438 712 1501; x_wconf 86' lang='lat' dir='ltr'>plumbum</span> <span class='ocrx_word' id='word_1_189' title='bbox 744 1440 898 1490; x_wconf 80' lang='lat' dir='ltr'>album</span> <span class='ocrx_word' id='word_1_190' title='bbox 921 1440 968 1487; x_wconf 84' lang='lat' dir='ltr'>in</span> <span class='ocrx_word' id='word_1_191' title='bbox 1001 1439 1339 1488; x_wconf 74' lang='lat' dir='ltr'>mediterraneis</span> <span class='ocrx_word' id='word_1_192' title='bbox 1362 1439 1643 1503; x_wconf 77' lang='lat' dir='ltr'>regionibuS,</span> <span class='ocrx_word' id='word_1_193' title='bbox 1666 1438 1713 1486; x_wconf 90' lang='lat' dir='ltr'>in</span> <span class='ocrx_word' id='word_1_194' title='bbox 1744 1435 1994 1488; x_wconf 64' lang='lat' dir='ltr'>maritimis</span> 
     </span>
     <span class='ocr_line' id='line_1_22' title="bbox 215 1500 1988 1567; baseline -0.001 -17"><span class='ocrx_word' id='word_1_195' title='bbox 215 1503 405 1557; x_wconf 85' lang='lat' dir='ltr'>ferrum,</span> <span class='ocrx_word' id='word_1_196' title='bbox 438 1503 511 1550; x_wconf 80' lang='lat' dir='ltr'>sed</span> <span class='ocrx_word' id='word_1_197' title='bbox 533 1504 627 1565; x_wconf 88' lang='lat' dir='ltr'>ejus</span> <span class='ocrx_word' id='word_1_198' title='bbox 650 1505 819 1567; x_wconf 74' lang='lat' dir='ltr'>exigua</span> <span class='ocrx_word' id='word_1_199' title='bbox 838 1507 898 1552; x_wconf 89' lang='lat' dir='ltr'>est</span> <span class='ocrx_word' id='word_1_200' title='bbox 927 1505 1059 1567; x_wconf 87' lang='lat' dir='ltr'>copia</span> <span class='ocrx_word' id='word_1_201' title='bbox 1085 1522 1095 1551; x_wconf 89' lang='lat'>:</span> <span class='ocrx_word' id='word_1_202' title='bbox 1131 1522 1217 1552; x_wconf 80' lang='lat' dir='ltr'>aere</span> <span class='ocrx_word' id='word_1_203' title='bbox 1239 1517 1429 1554; x_wconf 90' lang='lat' dir='ltr'>utuntur</span> <span class='ocrx_word' id='word_1_204' title='bbox 1455 1504 1719 1566; x_wconf 82' lang='lat' dir='ltr'>importato.</span> <span class='ocrx_word' id='word_1_205' title='bbox 1787 1500 1988 1551; x_wconf 83' lang='lat' dir='ltr'>Materia</span> 
     </span>
     <span class='ocr_line' id='line_1_23' title="bbox 218 1567 1984 1632; baseline 0 -20"><span class='ocrx_word' id='word_1_206' title='bbox 218 1568 435 1631; x_wconf 76' lang='lat' dir='ltr'>cujusque</span> <span class='ocrx_word' id='word_1_207' title='bbox 456 1568 655 1630; x_wconf 48' lang='lat' dir='ltr'>generi),</span> <span class='ocrx_word' id='word_1_208' title='bbox 681 1581 729 1615; x_wconf 86' lang='lat' dir='ltr'>ut</span> <span class='ocrx_word' id='word_1_209' title='bbox 752 1569 796 1615; x_wconf 90' lang='lat' dir='ltr'>in</span> <span class='ocrx_word' id='word_1_210' title='bbox 822 1569 995 1622; x_wconf 85' lang='lat' dir='ltr'>Gallia,</span> <span class='ocrx_word' id='word_1_211' title='bbox 1019 1571 1095 1621; x_wconf 85' lang='lat' dir='ltr'>est,</span> <span class='ocrx_word' id='word_1_212' title='bbox 1117 1583 1278 1631; x_wconf 76' lang='lat' dir='ltr'>praetcr</span> <span class='ocrx_word' id='word_1_213' title='bbox 1299 1568 1475 1632; x_wconf 87' lang='lat' dir='ltr'>sagum,</span> <span class='ocrx_word' id='word_1_214' title='bbox 1501 1583 1634 1632; x_wconf 92' lang='lat' dir='ltr'>atque</span> <span class='ocrx_word' id='word_1_215' title='bbox 1656 1567 1867 1614; x_wconf 80' lang='lat' dir='ltr'>abietem.</span> <span class='ocrx_word' id='word_1_216' title='bbox 1895 1567 1984 1613; x_wconf 89' lang='lat' dir='ltr'>Le-</span> 
     </span>
     <span class='ocr_line' id='line_1_24' title="bbox 217 1633 1986 1696; baseline -0.001 -19"><span class='ocrx_word' id='word_1_217' title='bbox 217 1648 396 1694; x_wconf 88' lang='lat' dir='ltr'>porem,</span> <span class='ocrx_word' id='word_1_218' title='bbox 424 1638 462 1676; x_wconf 59' lang='lat'>55</span> <span class='ocrx_word' id='word_1_219' title='bbox 485 1633 723 1695; x_wconf 82' lang='lat' dir='ltr'>gallinam,</span> <span class='ocrx_word' id='word_1_220' title='bbox 747 1635 797 1682; x_wconf 89' lang='lat'>&amp;</span> <span class='ocrx_word' id='word_1_221' title='bbox 831 1634 1028 1679; x_wconf 85' lang='lat' dir='ltr'>anserem</span> <span class='ocrx_word' id='word_1_222' title='bbox 1051 1635 1244 1696; x_wconf 75' lang='lat' dir='ltr'>gustare,</span> <span class='ocrx_word' id='word_1_223' title='bbox 1273 1637 1336 1679; x_wconf 72' lang='lat' dir='ltr'>ias</span> <span class='ocrx_word' id='word_1_224' title='bbox 1360 1649 1450 1681; x_wconf 86' lang='lat' dir='ltr'>uon</span> <span class='ocrx_word' id='word_1_225' title='bbox 1472 1646 1633 1695; x_wconf 86' lang='lat' dir='ltr'>putant</span> <span class='ocrx_word' id='word_1_226' title='bbox 1660 1651 1670 1679; x_wconf 75' lang='grc' dir='ltr'><em>τ</em></span> <span class='ocrx_word' id='word_1_227' title='bbox 1705 1633 1801 1678; x_wconf 78' lang='lat' dir='ltr'>haec</span> <span class='ocrx_word' id='word_1_228' title='bbox 1831 1644 1986 1677; x_wconf 88' lang='lat' dir='ltr'>tamen</span> 
     </span>
     <span class='ocr_line' id='line_1_25' title="bbox 218 1693 1986 1760; baseline 0 -19"><span class='ocrx_word' id='word_1_229' title='bbox 218 1696 363 1748; x_wconf 85' lang='lat' dir='ltr'>alunt,</span> <span class='ocrx_word' id='word_1_230' title='bbox 396 1694 536 1742; x_wconf 84' lang='lat' dir='ltr'>animi</span> <span class='ocrx_word' id='word_1_231' title='bbox 572 1696 904 1760; x_wconf 87' lang='lat' dir='ltr'>voluptatisque</span> <span class='ocrx_word' id='word_1_232' title='bbox 927 1697 1071 1744; x_wconf 80' lang='lat' dir='ltr'>causa.</span> <span class='ocrx_word' id='word_1_233' title='bbox 1142 1699 1266 1744; x_wconf 85' lang='lat' dir='ltr'>Loca</span> <span class='ocrx_word' id='word_1_234' title='bbox 1287 1697 1385 1745; x_wconf 89' lang='lat' dir='ltr'>sunt</span> <span class='ocrx_word' id='word_1_235' title='bbox 1406 1696 1744 1758; x_wconf 75' lang='lat' dir='ltr'>temperatiora,</span> <span class='ocrx_word' id='word_1_236' title='bbox 1768 1711 1904 1757; x_wconf 85' lang='lat' dir='ltr'>quam</span> <span class='ocrx_word' id='word_1_237' title='bbox 1937 1693 1986 1741; x_wconf 88' lang='lat' dir='ltr'>in</span> 
     </span>
     <span class='ocr_line' id='line_1_26' title="bbox 219 1758 1995 1826; baseline 0.002 -20"><span class='ocrx_word' id='word_1_238' title='bbox 219 1758 394 1806; x_wconf 83' lang='lat' dir='ltr'>Gallia.</span> <span class='ocrx_word' id='word_1_239' title='bbox 418 1759 735 1807; x_wconf 78' lang='lat' dir='ltr'>remiffioribus</span> <span class='ocrx_word' id='word_1_240' title='bbox 759 1760 1022 1826; x_wconf 81' lang='lat' dir='ltr'>frigoribus.</span> <span class='ocrx_word' id='word_1_241' title='bbox 1091 1761 1240 1809; x_wconf 74' lang='lat' dir='ltr'>insula</span> <span class='ocrx_word' id='word_1_242' title='bbox 1261 1774 1422 1809; x_wconf 86' lang='lat' dir='ltr'>natura</span> <span class='ocrx_word' id='word_1_243' title='bbox 1438 1761 1673 1824; x_wconf 81' lang='lat' dir='ltr'>triquetra,</span> <span class='ocrx_word' id='word_1_244' title='bbox 1698 1759 1825 1820; x_wconf 90' lang='lat' dir='ltr'>cujus</span> <span class='ocrx_word' id='word_1_245' title='bbox 1845 1776 1922 1806; x_wconf 89' lang='lat' dir='ltr'>un.</span> <span class='ocrx_word' id='word_1_246' title='bbox 1939 1774 1995 1809; x_wconf 71' lang='lat' dir='ltr'>m</span> 
     </span>
     <span class='ocr_line' id='line_1_27' title="bbox 218 1823 1985 1898; baseline 0 -29"><span class='ocrx_word' id='word_1_247' title='bbox 218 1825 337 1870; x_wconf 79' lang='lat' dir='ltr'>latus</span> <span class='ocrx_word' id='word_1_248' title='bbox 360 1825 421 1873; x_wconf 81' lang='lat' dir='ltr'>est</span> <span class='ocrx_word' id='word_1_249' title='bbox 443 1839 602 1872; x_wconf 84' lang='lat' dir='ltr'>contra</span> <span class='ocrx_word' id='word_1_250' title='bbox 624 1824 846 1874; x_wconf 77' lang='lat' dir='ltr'>Galliam.</span> <span class='ocrx_word' id='word_1_251' title='bbox 881 1827 1037 1898; x_wconf 73' lang='lat' dir='ltr'>Hujus</span> <span class='ocrx_word' id='word_1_252' title='bbox 1061 1826 1212 1875; x_wconf 79' lang='lat' dir='ltr'>lateris</span> <span class='ocrx_word' id='word_1_253' title='bbox 1236 1827 1348 1873; x_wconf 84' lang='lat' dir='ltr'>alter</span> <span class='ocrx_word' id='word_1_254' title='bbox 1371 1826 1582 1890; x_wconf 85' lang='lat' dir='ltr'>angulus,</span> <span class='ocrx_word' id='word_1_255' title='bbox 1604 1824 1685 1889; x_wconf 89' lang='lat' dir='ltr'>qui</span> <span class='ocrx_word' id='word_1_256' title='bbox 1706 1826 1767 1871; x_wconf 85' lang='lat' dir='ltr'>est</span> <span class='ocrx_word' id='word_1_257' title='bbox 1789 1823 1845 1872; x_wconf 90' lang='lat' dir='ltr'>ad</span> <span class='ocrx_word' id='word_1_258' title='bbox 1861 1824 1985 1869; x_wconf 85' lang='lat' dir='ltr'>Can-</span> 
     </span>
     <span class='ocr_line' id='line_1_28' title="bbox 219 1887 1986 1953; baseline -0.001 -18"><span class='ocrx_word' id='word_1_259' title='bbox 219 1887 356 1942; x_wconf 83' lang='lat' dir='ltr'>tium,</span> <span class='ocrx_word' id='word_1_260' title='bbox 381 1890 475 1950; x_wconf 68' lang='lat' dir='ltr'>qub</span> <span class='ocrx_word' id='word_1_261' title='bbox 494 1889 586 1934; x_wconf 87' lang='lat' dir='ltr'>fere</span> <span class='ocrx_word' id='word_1_262' title='bbox 604 1904 760 1938; x_wconf 86' lang='lat' dir='ltr'>omnes</span> <span class='ocrx_word' id='word_1_263' title='bbox 779 1906 835 1945; x_wconf 82' lang='lat' dir='ltr'>ex</span> <span class='ocrx_word' id='word_1_264' title='bbox 851 1891 1008 1945; x_wconf 74' lang='lat' dir='ltr'>Gallia</span> <span class='ocrx_word' id='word_1_265' title='bbox 1027 1907 1161 1938; x_wconf 73' lang='lat' dir='ltr'>naves</span> <span class='ocrx_word' id='word_1_266' title='bbox 1181 1890 1488 1953; x_wconf 82' lang='lat' dir='ltr'>appelluntur‚</span> <span class='ocrx_word' id='word_1_267' title='bbox 1513 1889 1568 1937; x_wconf 88' lang='lat' dir='ltr'>ad</span> <span class='ocrx_word' id='word_1_268' title='bbox 1587 1888 1808 1936; x_wconf 84' lang='lat' dir='ltr'>orientem</span> <span class='ocrx_word' id='word_1_269' title='bbox 1829 1889 1986 1942; x_wconf 83' lang='lat' dir='ltr'>solem,</span> 
     </span>
     <span class='ocr_line' id='line_1_29' title="bbox 219 1950 1986 2015; baseline -0.002 -15"><span class='ocrx_word' id='word_1_270' title='bbox 219 1952 412 2000; x_wconf 79' lang='lat' dir='ltr'>inferior</span> <span class='ocrx_word' id='word_1_271' title='bbox 434 1954 490 2000; x_wconf 85' lang='lat' dir='ltr'>ad</span> <span class='ocrx_word' id='word_1_272' title='bbox 515 1953 750 2001; x_wconf 86' lang='lat' dir='ltr'>meridiem</span> <span class='ocrx_word' id='word_1_273' title='bbox 776 1954 956 2015; x_wconf 63' lang='lat' dir='ltr'>speciat.</span> <span class='ocrx_word' id='word_1_274' title='bbox 1025 1955 1177 2015; x_wconf 81' lang='lat' dir='ltr'>Hujus</span> <span class='ocrx_word' id='word_1_275' title='bbox 1201 1957 1316 2002; x_wconf 85' lang='lat' dir='ltr'>latus</span> <span class='ocrx_word' id='word_1_276' title='bbox 1332 1967 1455 2001; x_wconf 91' lang='lat' dir='ltr'>tenet</span> <span class='ocrx_word' id='word_1_277' title='bbox 1475 1953 1656 2000; x_wconf 86' lang='lat' dir='ltr'>circiter</span> <span class='ocrx_word' id='word_1_278' title='bbox 1677 1950 1822 2000; x_wconf 87' lang='lat' dir='ltr'>millia</span> <span class='ocrx_word' id='word_1_279' title='bbox 1844 1951 1986 2013; x_wconf 75' lang='lat' dir='ltr'>paisu-</span> 
     </span>
     <span class='ocr_line' id='line_1_30' title="bbox 219 2015 1988 2083; baseline 0.002 -20"><span class='ocrx_word' id='word_1_280' title='bbox 219 2033 301 2063; x_wconf 87' lang='lat' dir='ltr'>um</span> <span class='ocrx_word' id='word_1_281' title='bbox 324 2016 593 2080; x_wconf 80' lang='lat' dir='ltr'>quingenta,</span> <span class='ocrx_word' id='word_1_282' title='bbox 619 2020 731 2064; x_wconf 80' lang='lat' dir='ltr'>alter</span> <span class='ocrx_word' id='word_1_283' title='bbox 763 2019 914 2082; x_wconf 82' lang='lat' dir='ltr'>vergit</span> <span class='ocrx_word' id='word_1_284' title='bbox 943 2018 998 2065; x_wconf 83' lang='lat' dir='ltr'>ad</span> <span class='ocrx_word' id='word_1_285' title='bbox 1034 2019 1321 2081; x_wconf 69' lang='lat' dir='ltr'>Hispaniam,</span> <span class='ocrx_word' id='word_1_286' title='bbox 1354 2030 1489 2083; x_wconf 88' lang='lat' dir='ltr'>atque</span> <span class='ocrx_word' id='word_1_287' title='bbox 1511 2017 1799 2066; x_wconf 84' lang='lat' dir='ltr'>occidentem</span> <span class='ocrx_word' id='word_1_288' title='bbox 1830 2015 1988 2069; x_wconf 80' lang='lat' dir='ltr'>solem.</span> 
     </span>
     <span class='ocr_line' id='line_1_31' title="bbox 220 2079 1990 2143; baseline 0 -16"><span class='ocrx_word' id='word_1_289' title='bbox 220 2097 315 2143; x_wconf 87' lang='lat' dir='ltr'>qua</span> <span class='ocrx_word' id='word_1_290' title='bbox 344 2097 399 2126; x_wconf 81' lang='lat' dir='ltr'>ex</span> <span class='ocrx_word' id='word_1_291' title='bbox 425 2095 549 2143; x_wconf 80' lang='lat' dir='ltr'>parte</span> <span class='ocrx_word' id='word_1_292' title='bbox 571 2084 631 2129; x_wconf 87' lang='lat' dir='ltr'>est</span> <span class='ocrx_word' id='word_1_293' title='bbox 653 2083 897 2138; x_wconf 82' lang='lat' dir='ltr'>Hibernia,</span> <span class='ocrx_word' id='word_1_294' title='bbox 923 2083 1116 2133; x_wconf 88' lang='lat' dir='ltr'>dimidio</span> <span class='ocrx_word' id='word_1_295' title='bbox 1141 2083 1304 2139; x_wconf 87' lang='lat' dir='ltr'>minor,</span> <span class='ocrx_word' id='word_1_296' title='bbox 1331 2098 1381 2132; x_wconf 91' lang='lat' dir='ltr'>ut</span> <span class='ocrx_word' id='word_1_297' title='bbox 1411 2082 1704 2136; x_wconf 79' lang='lat' dir='ltr'>existimatur,</span> <span class='ocrx_word' id='word_1_298' title='bbox 1729 2097 1867 2142; x_wconf 86' lang='lat' dir='ltr'>quam</span> <span class='ocrx_word' id='word_1_299' title='bbox 1892 2079 1990 2127; x_wconf 88' lang='lat' dir='ltr'>Bri·</span> 
     </span>
     <span class='ocr_line' id='line_1_32' title="bbox 223 2145 1989 2210; baseline 0.001 -19"><span class='ocrx_word' id='word_1_300' title='bbox 223 2145 381 2192; x_wconf 87' lang='lat' dir='ltr'>tannia</span> <span class='ocrx_word' id='word_1_301' title='bbox 402 2164 412 2192; x_wconf 74' lang='grc' dir='ltr'>ε</span> <span class='ocrx_word' id='word_1_302' title='bbox 437 2145 508 2200; x_wconf 84' lang='lat' dir='ltr'>sed</span> <span class='ocrx_word' id='word_1_303' title='bbox 534 2148 631 2208; x_wconf 84' lang='lat' dir='ltr'>pari</span> <span class='ocrx_word' id='word_1_304' title='bbox 654 2147 796 2209; x_wconf 82' lang='lat' dir='ltr'>spatio</span> <span class='ocrx_word' id='word_1_305' title='bbox 821 2147 1108 2203; x_wconf 74' lang='lat' dir='ltr'>transmissus,</span> <span class='ocrx_word' id='word_1_306' title='bbox 1132 2160 1268 2210; x_wconf 82' lang='lat' dir='ltr'>atque</span> <span class='ocrx_word' id='word_1_307' title='bbox 1290 2164 1346 2196; x_wconf 89' lang='lat' dir='ltr'>cx</span> <span class='ocrx_word' id='word_1_308' title='bbox 1365 2147 1522 2203; x_wconf 85' lang='lat' dir='ltr'>Gallia</span> <span class='ocrx_word' id='word_1_309' title='bbox 1543 2148 1602 2194; x_wconf 91' lang='lat' dir='ltr'>est</span> <span class='ocrx_word' id='word_1_310' title='bbox 1623 2146 1669 2195; x_wconf 90' lang='lat' dir='ltr'>in</span> <span class='ocrx_word' id='word_1_311' title='bbox 1691 2145 1989 2193; x_wconf 83' lang='lat' dir='ltr'>Britanniam.</span> 
     </span>
     <span class='ocr_line' id='line_1_33' title="bbox 223 2210 1989 2276; baseline 0 -20"><span class='ocrx_word' id='word_1_312' title='bbox 223 2210 280 2255; x_wconf 84' lang='lat' dir='ltr'>In</span> <span class='ocrx_word' id='word_1_313' title='bbox 302 2211 390 2256; x_wconf 87' lang='lat' dir='ltr'>hoc</span> <span class='ocrx_word' id='word_1_314' title='bbox 416 2210 570 2257; x_wconf 88' lang='lat' dir='ltr'>medio</span> <span class='ocrx_word' id='word_1_315' title='bbox 592 2212 719 2258; x_wconf 84' lang='lat' dir='ltr'>cursu</span> <span class='ocrx_word' id='word_1_316' title='bbox 738 2212 797 2258; x_wconf 87' lang='lat' dir='ltr'>est</span> <span class='ocrx_word' id='word_1_317' title='bbox 815 2212 976 2266; x_wconf 86' lang='lat' dir='ltr'>insula,</span> <span class='ocrx_word' id='word_1_318' title='bbox 999 2229 1099 2276; x_wconf 85' lang='lat' dir='ltr'>quae</span> <span class='ocrx_word' id='word_1_319' title='bbox 1122 2212 1380 2275; x_wconf 79' lang='lat' dir='ltr'>appellatur</span> <span class='ocrx_word' id='word_1_320' title='bbox 1393 2212 1538 2259; x_wconf 86' lang='lat' dir='ltr'>Mona</span> <span class='ocrx_word' id='word_1_321' title='bbox 1557 2229 1570 2259; x_wconf 71' lang='grc' dir='ltr'><strong><em>τ</em></strong></span> <span class='ocrx_word' id='word_1_322' title='bbox 1594 2211 1853 2274; x_wconf 85' lang='lat' dir='ltr'>complures</span> <span class='ocrx_word' id='word_1_323' title='bbox 1873 2226 1989 2274; x_wconf 85' lang='lat' dir='ltr'>prae-</span> 
     </span>
     <span class='ocr_line' id='line_1_34' title="bbox 223 2272 1995 2341; baseline 0 -21"><span class='ocrx_word' id='word_1_324' title='bbox 223 2287 347 2321; x_wconf 85' lang='lat' dir='ltr'>terea</span> <span class='ocrx_word' id='word_1_325' title='bbox 370 2275 566 2326; x_wconf 87' lang='lat' dir='ltr'>minores</span> <span class='ocrx_word' id='word_1_326' title='bbox 587 2274 777 2335; x_wconf 59' lang='lat' dir='ltr'>objeciae</span> <span class='ocrx_word' id='word_1_327' title='bbox 800 2275 956 2324; x_wconf 77' lang='lat' dir='ltr'>insulae</span> <span class='ocrx_word' id='word_1_328' title='bbox 973 2275 1300 2329; x_wconf 82' lang='lat' dir='ltr'>existimantur,</span> <span class='ocrx_word' id='word_1_329' title='bbox 1325 2278 1382 2325; x_wconf 88' lang='lat' dir='ltr'>de</span> <span class='ocrx_word' id='word_1_330' title='bbox 1405 2276 1574 2341; x_wconf 78' lang='lat' dir='ltr'>quibus</span> <span class='ocrx_word' id='word_1_331' title='bbox 1605 2274 1759 2326; x_wconf 83' lang='lat' dir='ltr'>insulis</span> <span class='ocrx_word' id='word_1_332' title='bbox 1794 2272 1995 2322; x_wconf 84' lang='lat' dir='ltr'>nonnul-</span> 
     </span>
     <span class='ocr_line' id='line_1_35' title="bbox 224 2334 1995 2405; baseline 0 -21"><span class='ocrx_word' id='word_1_333' title='bbox 224 2338 259 2384; x_wconf 79' lang='lat' dir='ltr'>li</span> <span class='ocrx_word' id='word_1_334' title='bbox 294 2338 575 2401; x_wconf 51' lang='lat' dir='ltr'>scripserunt,</span> <span class='ocrx_word' id='word_1_335' title='bbox 613 2340 708 2386; x_wconf 85' lang='lat' dir='ltr'>dies</span> <span class='ocrx_word' id='word_1_336' title='bbox 730 2340 973 2392; x_wconf 83' lang='lat' dir='ltr'>continuos</span> <span class='ocrx_word' id='word_1_337' title='bbox 1019 2341 1205 2405; x_wconf 83' lang='lat' dir='ltr'>triginta</span> <span class='ocrx_word' id='word_1_338' title='bbox 1231 2340 1312 2389; x_wconf 82' lang='lat' dir='ltr'>sub</span> <span class='ocrx_word' id='word_1_339' title='bbox 1336 2342 1495 2390; x_wconf 79' lang='lat' dir='ltr'>bruma</span> <span class='ocrx_word' id='word_1_340' title='bbox 1517 2343 1601 2387; x_wconf 80' lang='lat' dir='ltr'>effe</span> <span class='ocrx_word' id='word_1_341' title='bbox 1625 2341 1823 2388; x_wconf 67' lang='lat' dir='ltr'>nociem.</span> <span class='ocrx_word' id='word_1_342' title='bbox 1889 2334 1995 2385; x_wconf 89' lang='lat' dir='ltr'>Nos</span> 
     </span>
     <span class='ocr_line' id='line_1_36' title="bbox 224 2402 1995 2468; baseline 0.001 -20"><span class='ocrx_word' id='word_1_343' title='bbox 224 2402 341 2449; x_wconf 86' lang='lat' dir='ltr'>nihil</span> <span class='ocrx_word' id='word_1_344' title='bbox 365 2405 421 2449; x_wconf 93' lang='lat' dir='ltr'>de</span> <span class='ocrx_word' id='word_1_345' title='bbox 444 2420 498 2450; x_wconf 91' lang='lat' dir='ltr'>eo</span> <span class='ocrx_word' id='word_1_346' title='bbox 519 2404 971 2466; x_wconf 61' lang='lat' dir='ltr'>percunfflationibus</span> <span class='ocrx_word' id='word_1_347' title='bbox 1001 2405 1354 2468; x_wconf 82' lang='lat' dir='ltr'>reperiebamus,</span> <span class='ocrx_word' id='word_1_348' title='bbox 1380 2404 1459 2453; x_wconf 77' lang='lat' dir='ltr'>nisi</span> <span class='ocrx_word' id='word_1_349' title='bbox 1482 2404 1610 2468; x_wconf 73' lang='lat' dir='ltr'>quod</span> <span class='ocrx_word' id='word_1_350' title='bbox 1631 2403 1764 2452; x_wconf 71' lang='lat' dir='ltr'>certis</span> <span class='ocrx_word' id='word_1_351' title='bbox 1797 2419 1854 2450; x_wconf 79' lang='lat' dir='ltr'>ex</span> <span class='ocrx_word' id='word_1_352' title='bbox 1875 2418 1995 2465; x_wconf 87' lang='lat' dir='ltr'>aqua</span> 
     </span>
     <span class='ocr_line' id='line_1_37' title="bbox 226 2466 1994 2534; baseline 0 -21"><span class='ocrx_word' id='word_1_353' title='bbox 226 2466 447 2515; x_wconf 83' lang='lat' dir='ltr'>mensuris</span> <span class='ocrx_word' id='word_1_354' title='bbox 472 2467 700 2524; x_wconf 64' lang='lat' dir='ltr'>breviores</span> <span class='ocrx_word' id='word_1_355' title='bbox 724 2469 808 2516; x_wconf 81' lang='lat' dir='ltr'>effe</span> <span class='ocrx_word' id='word_1_356' title='bbox 830 2472 1001 2523; x_wconf 58' lang='lat' dir='ltr'>nocIes,</span> <span class='ocrx_word' id='word_1_357' title='bbox 1021 2487 1159 2534; x_wconf 86' lang='lat' dir='ltr'>quam</span> <span class='ocrx_word' id='word_1_358' title='bbox 1178 2470 1225 2516; x_wconf 86' lang='lat' dir='ltr'>in</span> <span class='ocrx_word' id='word_1_359' title='bbox 1249 2469 1512 2518; x_wconf 86' lang='lat' dir='ltr'>continente</span> <span class='ocrx_word' id='word_1_360' title='bbox 1536 2468 1820 2519; x_wconf 83' lang='lat' dir='ltr'>videbamus.</span> <span class='ocrx_word' id='word_1_361' title='bbox 1889 2467 1994 2513; x_wconf 86' lang='lat' dir='ltr'>Hu-</span> 
     </span>
     <span class='ocr_line' id='line_1_38' title="bbox 220 2530 1997 2598; baseline 0.001 -22"><span class='ocrx_word' id='word_1_362' title='bbox 220 2531 296 2592; x_wconf 80' lang='lat' dir='ltr'>jus</span> <span class='ocrx_word' id='word_1_363' title='bbox 327 2533 387 2577; x_wconf 86' lang='lat' dir='ltr'>est</span> <span class='ocrx_word' id='word_1_364' title='bbox 417 2532 662 2595; x_wconf 84' lang='lat' dir='ltr'>longitudo</span> <span class='ocrx_word' id='word_1_365' title='bbox 685 2532 854 2586; x_wconf 84' lang='lat' dir='ltr'>lateris,</span> <span class='ocrx_word' id='word_1_366' title='bbox 882 2546 930 2580; x_wconf 92' lang='lat' dir='ltr'>ut</span> <span class='ocrx_word' id='word_1_367' title='bbox 961 2534 1048 2580; x_wconf 80' lang='lat' dir='ltr'>fert</span> <span class='ocrx_word' id='word_1_368' title='bbox 1079 2534 1263 2583; x_wconf 78' lang='lat' dir='ltr'>illorum</span> <span class='ocrx_word' id='word_1_369' title='bbox 1287 2534 1447 2598; x_wconf 90' lang='lat' dir='ltr'>opinio</span> <span class='ocrx_word' id='word_1_370' title='bbox 1476 2534 1760 2597; x_wconf 76' lang='lat' dir='ltr'>septingenta</span> <span class='ocrx_word' id='word_1_371' title='bbox 1796 2530 1997 2595; x_wconf 79' lang='lat' dir='ltr'>millium</span> 
     </span>
     <span class='ocr_line' id='line_1_39' title="bbox 225 2595 1997 2661; baseline 0.001 -19"><span class='ocrx_word' id='word_1_372' title='bbox 225 2595 460 2657; x_wconf 56' lang='lat' dir='ltr'>paffuum.</span> <span class='ocrx_word' id='word_1_373' title='bbox 515 2596 726 2650; x_wconf 85' lang='lat' dir='ltr'>Tertium</span> <span class='ocrx_word' id='word_1_374' title='bbox 751 2598 811 2646; x_wconf 78' lang='lat' dir='ltr'>est</span> <span class='ocrx_word' id='word_1_375' title='bbox 833 2609 991 2644; x_wconf 85' lang='lat' dir='ltr'>contra</span> <span class='ocrx_word' id='word_1_376' title='bbox 1010 2598 1377 2659; x_wconf 84' lang='lat' dir='ltr'>septentrionem.</span> <span class='ocrx_word' id='word_1_377' title='bbox 1446 2599 1539 2646; x_wconf 87' lang='lat' dir='ltr'>Cui</span> <span class='ocrx_word' id='word_1_378' title='bbox 1561 2597 1819 2661; x_wconf 82' lang='lat' dir='ltr'>partinulla</span> <span class='ocrx_word' id='word_1_379' title='bbox 1834 2596 1895 2643; x_wconf 84' lang='lat' dir='ltr'>est</span> <span class='ocrx_word' id='word_1_380' title='bbox 1912 2595 1997 2644; x_wconf 90' lang='lat' dir='ltr'>ob·</span> 
     </span>
     <span class='ocr_line' id='line_1_40' title="bbox 219 2658 2008 2724; baseline 0.001 -19"><span class='ocrx_word' id='word_1_381' title='bbox 219 2658 343 2720; x_wconf 60' lang='lat' dir='ltr'>jecta</span> <span class='ocrx_word' id='word_1_382' title='bbox 361 2671 476 2714; x_wconf 80' lang='lat' dir='ltr'>terra</span> <span class='ocrx_word' id='word_1_383' title='bbox 501 2677 512 2707; x_wconf 94' lang='lat'><strong>:</strong></span> <span class='ocrx_word' id='word_1_384' title='bbox 547 2659 620 2708; x_wconf 90' lang='lat' dir='ltr'>sed</span> <span class='ocrx_word' id='word_1_385' title='bbox 652 2661 748 2721; x_wconf 81' lang='lat' dir='ltr'>ejus</span> <span class='ocrx_word' id='word_1_386' title='bbox 778 2662 975 2724; x_wconf 81' lang='lat' dir='ltr'>angulus</span> <span class='ocrx_word' id='word_1_387' title='bbox 1007 2662 1158 2712; x_wconf 86' lang='lat' dir='ltr'>lateris</span> <span class='ocrx_word' id='word_1_388' title='bbox 1181 2663 1380 2711; x_wconf 57' lang='lat' dir='ltr'>maaime</span> <span class='ocrx_word' id='word_1_389' title='bbox 1401 2663 1458 2715; x_wconf 87' lang='lat' dir='ltr'>ad</span> <span class='ocrx_word' id='word_1_390' title='bbox 1483 2660 1782 2710; x_wconf 85' lang='lat' dir='ltr'>Germaniam</span> <span class='ocrx_word' id='word_1_391' title='bbox 1810 2659 2008 2724; x_wconf 54' lang='lat' dir='ltr'>specht„</span> 
     </span>
     <span class='ocr_line' id='line_1_41' title="bbox 227 2723 1998 2791; baseline 0 -20"><span class='ocrx_word' id='word_1_392' title='bbox 227 2724 339 2771; x_wconf 92' lang='lat' dir='ltr'>Hoc</span> <span class='ocrx_word' id='word_1_393' title='bbox 360 2723 507 2771; x_wconf 84' lang='lat' dir='ltr'>millia</span> <span class='ocrx_word' id='word_1_394' title='bbox 530 2726 732 2788; x_wconf 74' lang='lat' dir='ltr'>passuum</span> <span class='ocrx_word' id='word_1_395' title='bbox 751 2725 1015 2791; x_wconf 68' lang='lat' dir='ltr'>octingenta</span> <span class='ocrx_word' id='word_1_396' title='bbox 1033 2728 1081 2775; x_wconf 92' lang='lat' dir='ltr'>in</span> <span class='ocrx_word' id='word_1_397' title='bbox 1104 2726 1442 2791; x_wconf 82' lang='lat' dir='ltr'>longitudinem</span> <span class='ocrx_word' id='word_1_398' title='bbox 1464 2727 1549 2780; x_wconf 78' lang='lat' dir='ltr'>effe</span> <span class='ocrx_word' id='word_1_399' title='bbox 1570 2726 1858 2786; x_wconf 80' lang='lat' dir='ltr'>arbitrantur.</span> <span class='ocrx_word' id='word_1_400' title='bbox 1925 2724 1998 2771; x_wconf 87' lang='lat' dir='ltr'>Ita</span> 
     </span>
     <span class='ocr_line' id='line_1_42' title="bbox 227 2787 1995 2855; baseline -0.001 -20"><span class='ocrx_word' id='word_1_401' title='bbox 227 2788 378 2835; x_wconf 88' lang='lat' dir='ltr'>omnis</span> <span class='ocrx_word' id='word_1_402' title='bbox 398 2788 543 2836; x_wconf 88' lang='lat' dir='ltr'>insula</span> <span class='ocrx_word' id='word_1_403' title='bbox 563 2790 623 2835; x_wconf 88' lang='lat' dir='ltr'>est</span> <span class='ocrx_word' id='word_1_404' title='bbox 643 2789 691 2840; x_wconf 86' lang='lat' dir='ltr'>in</span> <span class='ocrx_word' id='word_1_405' title='bbox 713 2789 909 2838; x_wconf 86' lang='lat' dir='ltr'>circuitu</span> <span class='ocrx_word' id='word_1_406' title='bbox 925 2791 1066 2838; x_wconf 88' lang='lat' dir='ltr'>vicies</span> <span class='ocrx_word' id='word_1_407' title='bbox 1091 2807 1282 2838; x_wconf 85' lang='lat' dir='ltr'>centena</span> <span class='ocrx_word' id='word_1_408' title='bbox 1303 2790 1450 2840; x_wconf 85' lang='lat' dir='ltr'>millia</span> <span class='ocrx_word' id='word_1_409' title='bbox 1470 2791 1689 2855; x_wconf 77' lang='lat' dir='ltr'>passuum.</span> <span class='ocrx_word' id='word_1_410' title='bbox 1715 2791 1785 2837; x_wconf 84' lang='lat' dir='ltr'>Ex</span> <span class='ocrx_word' id='word_1_411' title='bbox 1807 2787 1877 2840; x_wconf 81' lang='lat' dir='ltr'>his</span> <span class='ocrx_word' id='word_1_412' title='bbox 1894 2804 1995 2836; x_wconf 90' lang='lat' dir='ltr'>orn-</span> 
     </span>
     <span class='ocr_line' id='line_1_43' title="bbox 227 2851 1999 2917; baseline 0.002 -20"><span class='ocrx_word' id='word_1_413' title='bbox 227 2851 364 2899; x_wconf 85' lang='lat' dir='ltr'>nibus</span> <span class='ocrx_word' id='word_1_414' title='bbox 387 2853 528 2916; x_wconf 67' lang='lat' dir='ltr'>longe‘,</span> <span class='ocrx_word' id='word_1_415' title='bbox 561 2852 1005 2909; x_wconf 53' lang='lat' dir='ltr'>sunt-humaniflimL</span> <span class='ocrx_word' id='word_1_416' title='bbox 1035 2855 1117 2917; x_wconf 74' lang='lat' dir='ltr'>qui</span> <span class='ocrx_word' id='word_1_417' title='bbox 1150 2856 1370 2907; x_wconf 76' lang='lat' dir='ltr'>Cantium</span> <span class='ocrx_word' id='word_1_418' title='bbox 1401 2855 1628 2910; x_wconf 88' lang='lat' dir='ltr'>incolunt,</span> <span class='ocrx_word' id='word_1_419' title='bbox 1653 2870 1756 2917; x_wconf 81' lang='lat' dir='ltr'>quae</span> <span class='ocrx_word' id='word_1_420' title='bbox 1778 2852 1907 2917; x_wconf 84' lang='lat' dir='ltr'>regio</span> <span class='ocrx_word' id='word_1_421' title='bbox 1937 2853 1999 2900; x_wconf 86' lang='lat' dir='ltr'>est</span> 
     </span>
     <span class='ocr_line' id='line_1_44' title="bbox 228 2915 1997 2982; baseline 0.001 -20"><span class='ocrx_word' id='word_1_422' title='bbox 228 2915 462 2965; x_wconf 85' lang='lat' dir='ltr'>maritima</span> <span class='ocrx_word' id='word_1_423' title='bbox 495 2918 663 2974; x_wconf 85' lang='lat' dir='ltr'>omnis,</span> <span class='ocrx_word' id='word_1_424' title='bbox 705 2934 857 2982; x_wconf 81' lang='lat' dir='ltr'>neque</span> <span class='ocrx_word' id='word_1_425' title='bbox 889 2919 1088 2977; x_wconf 73' lang='lat' dir='ltr'>multum</span> <span class='ocrx_word' id='word_1_426' title='bbox 1125 2918 1151 2965; x_wconf 70' lang='lat'>32</span> <span class='ocrx_word' id='word_1_427' title='bbox 1186 2919 1371 2966; x_wconf 86' lang='lat' dir='ltr'>Gallica</span> <span class='ocrx_word' id='word_1_428' title='bbox 1403 2919 1621 2969; x_wconf 85' lang='lat' dir='ltr'>differunt</span> <span class='ocrx_word' id='word_1_429' title='bbox 1653 2916 1997 2965; x_wconf 88' lang='lat' dir='ltr'>consuetudine.</span> 
     </span>
     <span class='ocr_line' id='line_1_45' title="bbox 227 2980 1997 3045; baseline 0 -17"><span class='ocrx_word' id='word_1_430' title='bbox 227 2980 473 3040; x_wconf 66' lang='lat' dir='ltr'>inter-iores</span> <span class='ocrx_word' id='word_1_431' title='bbox 494 2981 720 3045; x_wconf 45' lang='lat' dir='ltr'>plaetrique</span> <span class='ocrx_word' id='word_1_432' title='bbox 739 2982 971 3031; x_wconf 83' lang='lat' dir='ltr'>frumenta</span> <span class='ocrx_word' id='word_1_433' title='bbox 991 3000 1081 3030; x_wconf 88' lang='lat' dir='ltr'>non</span> <span class='ocrx_word' id='word_1_434' title='bbox 1106 2984 1284 3031; x_wconf 88' lang='lat' dir='ltr'>serunt:</span> <span class='ocrx_word' id='word_1_435' title='bbox 1317 2983 1389 3030; x_wconf 81' lang='lat' dir='ltr'>sed</span> <span class='ocrx_word' id='word_1_436' title='bbox 1414 2983 1546 3037; x_wconf 59' lang='lat' dir='ltr'>laeie,</span> <span class='ocrx_word' id='word_1_437' title='bbox 1570 2988 1617 3032; x_wconf 67' lang='grc' dir='ltr'>δ(</span> <span class='ocrx_word' id='word_1_438' title='bbox 1642 2998 1775 3029; x_wconf 90' lang='lat' dir='ltr'>carne</span> <span class='ocrx_word' id='word_1_439' title='bbox 1796 2981 1959 3028; x_wconf 72' lang='lat' dir='ltr'>vivunt</span> <span class='ocrx_word' id='word_1_440' title='bbox 1977 3000 1997 3038; x_wconf 71' lang='grc' dir='ltr'>ς</span> 
     </span>
     <span class='ocr_line' id='line_1_46' title="bbox 227 3044 2016 3110; baseline 0.002 -20"><span class='ocrx_word' id='word_1_441' title='bbox 227 3044 516 3109; x_wconf 70' lang='lat' dir='ltr'>pellibusque</span> <span class='ocrx_word' id='word_1_442' title='bbox 539 3045 637 3097; x_wconf 81' lang='lat' dir='ltr'>sunt</span> <span class='ocrx_word' id='word_1_443' title='bbox 659 3045 804 3098; x_wconf 83' lang='lat' dir='ltr'>vestiti</span> <span class='ocrx_word' id='word_1_444' title='bbox 825 3064 837 3093; x_wconf 88' lang='lat'>:</span> <span class='ocrx_word' id='word_1_445' title='bbox 861 3062 1020 3094; x_wconf 85' lang='lat' dir='ltr'>omnes</span> <span class='ocrx_word' id='word_1_446' title='bbox 1040 3064 1146 3098; x_wconf 81' lang='lat' dir='ltr'>vero</span> <span class='ocrx_word' id='word_1_447' title='bbox 1168 3047 1210 3094; x_wconf 88' lang='lat' dir='ltr'>se</span> <span class='ocrx_word' id='word_1_448' title='bbox 1233 3047 1442 3106; x_wconf 78' lang='lat' dir='ltr'>Britanni</span> <span class='ocrx_word' id='word_1_449' title='bbox 1462 3048 1601 3095; x_wconf 89' lang='lat' dir='ltr'>luteo.</span> <span class='ocrx_word' id='word_1_450' title='bbox 1621 3045 1850 3101; x_wconf 83' lang='lat' dir='ltr'>inficiunt,</span> <span class='ocrx_word' id='word_1_451' title='bbox 1873 3044 2016 3110; x_wconf 75' lang='lat' dir='ltr'>quod,</span> 
     </span>
     <span class='ocr_line' id='line_1_47' title="bbox 230 3108 2000 3173; baseline 0.001 -17"><span class='ocrx_word' id='word_1_452' title='bbox 230 3110 476 3160; x_wconf 75' lang='lat' dir='ltr'>caeruleum</span> <span class='ocrx_word' id='word_1_453' title='bbox 496 3110 634 3157; x_wconf 86' lang='lat' dir='ltr'>efficit</span> <span class='ocrx_word' id='word_1_454' title='bbox 655 3112 873 3165; x_wconf 87' lang='lat' dir='ltr'>colorem,</span> <span class='ocrx_word' id='word_1_455' title='bbox 896 3125 1038 3172; x_wconf 86' lang='lat' dir='ltr'>atque</span> <span class='ocrx_word' id='word_1_456' title='bbox 1057 3111 1147 3159; x_wconf 91' lang='lat' dir='ltr'>hoc</span> <span class='ocrx_word' id='word_1_457' title='bbox 1168 3111 1459 3160; x_wconf 86' lang='lat' dir='ltr'>horribiliore</span> <span class='ocrx_word' id='word_1_458' title='bbox 1479 3112 1581 3158; x_wconf 87' lang='lat' dir='ltr'>sunt</span> <span class='ocrx_word' id='word_1_459' title='bbox 1616 3111 1664 3159; x_wconf 90' lang='lat' dir='ltr'>in</span> <span class='ocrx_word' id='word_1_460' title='bbox 1687 3126 1845 3173; x_wconf 87' lang='lat' dir='ltr'>pugna</span> <span class='ocrx_word' id='word_1_461' title='bbox 1873 3108 2000 3173; x_wconf 86' lang='lat' dir='ltr'>aspe-</span> 
     </span>
     <span class='ocr_line' id='line_1_48' title="bbox 230 3173 2002 3241; baseline 0.001 -23"><span class='ocrx_word' id='word_1_462' title='bbox 230 3173 304 3218; x_wconf 72' lang='lat' dir='ltr'>ctu</span> <span class='ocrx_word' id='word_1_463' title='bbox 327 3190 351 3228; x_wconf 35' lang='grc' dir='ltr'>ελ</span> <span class='ocrx_word' id='word_1_464' title='bbox 373 3174 633 3236; x_wconf 77' lang='lat' dir='ltr'>capilloque</span> <span class='ocrx_word' id='word_1_465' title='bbox 661 3175 768 3230; x_wconf 51' lang='lat' dir='ltr'>sunt,</span> <span class='ocrx_word' id='word_1_466' title='bbox 784 3174 1014 3238; x_wconf 73' lang='lat' dir='ltr'>promiffO,</span> <span class='ocrx_word' id='word_1_467' title='bbox 1028 3189 1167 3240; x_wconf 88' lang='lat' dir='ltr'>atque</span> <span class='ocrx_word' id='word_1_468' title='bbox 1189 3175 1317 3231; x_wconf 79' lang='lat' dir='ltr'>omni</span> <span class='ocrx_word' id='word_1_469' title='bbox 1337 3190 1465 3241; x_wconf 86' lang='lat' dir='ltr'>parte</span> <span class='ocrx_word' id='word_1_470' title='bbox 1483 3176 1686 3241; x_wconf 82' lang='lat' dir='ltr'>corporis</span> <span class='ocrx_word' id='word_1_471' title='bbox 1704 3174 1824 3228; x_wconf 62' lang='lat' dir='ltr'>rasa,</span> <span class='ocrx_word' id='word_1_472' title='bbox 1836 3188 2002 3237; x_wconf 84' lang='lat' dir='ltr'>praeter</span> 
     </span>
     <span class='ocr_line' id='line_1_49' title="bbox 229 3236 2001 3303; baseline 0.002 -23"><span class='ocrx_word' id='word_1_473' title='bbox 229 3250 386 3299; x_wconf 76' lang='lat' dir='ltr'>eaput,</span> <span class='ocrx_word' id='word_1_474' title='bbox 411 3236 649 3297; x_wconf 54' lang='lat' dir='ltr'>&amp;labrum</span> <span class='ocrx_word' id='word_1_475' title='bbox 672 3238 892 3301; x_wconf 80' lang='lat' dir='ltr'>superius.</span> <span class='ocrx_word' id='word_1_476' title='bbox 961 3240 1141 3288; x_wconf 85' lang='lat' dir='ltr'>Uxores</span> <span class='ocrx_word' id='word_1_477' title='bbox 1162 3241 1332 3288; x_wconf 86' lang='lat' dir='ltr'>habent</span> <span class='ocrx_word' id='word_1_478' title='bbox 1353 3240 1479 3297; x_wconf 78' lang='lat' dir='ltr'>deni,</span> <span class='ocrx_word' id='word_1_479' title='bbox 1502 3238 1799 3303; x_wconf 81' lang='lat' dir='ltr'>duodenique</span> <span class='ocrx_word' id='word_1_480' title='bbox 1818 3236 1938 3289; x_wconf 83' lang='lat' dir='ltr'>inter</span> <span class='ocrx_word' id='word_1_481' title='bbox 1958 3237 2001 3284; x_wconf 87' lang='lat' dir='ltr'>se</span> 
     </span>
     <span class='ocr_line' id='line_1_50' title="bbox 230 3299 2016 3367; baseline 0.002 -22"><span class='ocrx_word' id='word_1_482' title='bbox 230 3315 514 3355; x_wconf 45' lang='lat' dir='ltr'>commune&amp;</span> <span class='ocrx_word' id='word_1_483' title='bbox 536 3307 579 3357; x_wconf 22' lang='lat' dir='ltr'>&amp;v</span> <span class='ocrx_word' id='word_1_484' title='bbox 598 3303 799 3353; x_wconf 63' lang='lat' dir='ltr'>maxime</span> <span class='ocrx_word' id='word_1_485' title='bbox 820 3303 980 3356; x_wconf 60' lang='lat' dir='ltr'>fratres</span> <span class='ocrx_word' id='word_1_486' title='bbox 998 3320 1103 3352; x_wconf 88' lang='lat' dir='ltr'>cum</span> <span class='ocrx_word' id='word_1_487' title='bbox 1127 3304 1430 3361; x_wconf 63' lang='lat' dir='ltr'>fratribus‚.&amp;</span> <span class='ocrx_word' id='word_1_488' title='bbox 1456 3316 1663 3367; x_wconf 78' lang='lat' dir='ltr'>parentes</span> <span class='ocrx_word' id='word_1_489' title='bbox 1685 3318 1791 3349; x_wconf 89' lang='lat' dir='ltr'>curn</span> <span class='ocrx_word' id='word_1_490' title='bbox 1823 3299 2016 3354; x_wconf 66' lang='lat' dir='ltr'>liberis.⁴</span> 
     </span>
     <span class='ocr_line' id='line_1_51' title="bbox 232 3363 2019 3435; baseline 0.003 -26"><span class='ocrx_word' id='word_1_491' title='bbox 232 3364 347 3435; x_wconf 59' lang='lat' dir='ltr'>Sed,</span> <span class='ocrx_word' id='word_1_492' title='bbox 367 3364 398 3410; x_wconf 85' lang='lat' dir='ltr'><strong>fi</strong></span> <span class='ocrx_word' id='word_1_493' title='bbox 421 3363 501 3426; x_wconf 82' lang='lat' dir='ltr'>qui</span> <span class='ocrx_word' id='word_1_494' title='bbox 521 3365 621 3413; x_wconf 91' lang='lat' dir='ltr'>sunt</span> <span class='ocrx_word' id='word_1_495' title='bbox 644 3384 699 3415; x_wconf 80' lang='lat' dir='ltr'>ex</span> <span class='ocrx_word' id='word_1_496' title='bbox 723 3368 796 3415; x_wconf 86' lang='lat' dir='ltr'>his</span> <span class='ocrx_word' id='word_1_497' title='bbox 818 3367 933 3422; x_wconf 86' lang='lat' dir='ltr'>nati,</span> <span class='ocrx_word' id='word_1_498' title='bbox 955 3384 1114 3427; x_wconf 84' lang='lat' dir='ltr'>eorum</span> <span class='ocrx_word' id='word_1_499' title='bbox 1139 3368 1368 3424; x_wconf 79' lang='lat' dir='ltr'>habentur</span> <span class='ocrx_word' id='word_1_500' title='bbox 1386 3366 1542 3425; x_wconf 73' lang='lat' dir='ltr'>liberi,</span> <span class='ocrx_word' id='word_1_501' title='bbox 1564 3365 1593 3418; x_wconf 66' lang='grc' dir='ltr'>ἃ</span> <span class='ocrx_word' id='word_1_502' title='bbox 1609 3365 1778 3432; x_wconf 86' lang='lat' dir='ltr'>quibus</span> <span class='ocrx_word' id='word_1_503' title='bbox 1795 3364 2019 3433; x_wconf 62' lang='lat' dir='ltr'>primum,</span> 
     </span>
    </p>

    <p class='ocr_par' dir='ltr' id='par_1_5' title="bbox 188 3428 1466 3493">
     <span class='ocr_line' id='line_1_52' title="bbox 188 3428 1466 3493; baseline 0.007 -19"><span class='ocrx_word' id='word_1_504' title='bbox 188 3428 195 3436; x_wconf 61' lang='lat'><em>¹</em></span> <span class='ocrx_word' id='word_1_505' title='bbox 227 3443 430 3492; x_wconf 58' lang='lat' dir='ltr'>virginee</span> <span class='ocrx_word' id='word_1_506' title='bbox 452 3431 975 3493; x_wconf 52' lang='lat' dir='ltr'>quaejqueduclaesunt„</span> <span class='ocrx_word' id='word_1_507' title='bbox 1462 3440 1466 3443; x_wconf 85' lang='grc'><strong>’</strong></span> 
     </span>
    </p>
   </div>
   <div class='ocr_carea' id='block_1_3' title="bbox 884 3505 2019 3565">
    <p class='ocr_par' dir='ltr' id='par_1_6' title="bbox 884 3505 2019 3565">
     <span class='ocr_line' id='line_1_53' title="bbox 884 3505 2019 3565; baseline 0 -12"><span class='ocrx_word' id='word_1_508' title='bbox 884 3506 976 3553; x_wconf 87' lang='lat' dir='ltr'>-Et</span> <span class='ocrx_word' id='word_1_509' title='bbox 1023 3505 1326 3565; x_wconf 56' lang='grc' dir='ltr'><strong>ΒΝἙΚΑ.</strong></span> <span class='ocrx_word' id='word_1_510' title='bbox 1949 3505 2019 3539; x_wconf 75' lang='grc'>’-</span> 
     </span>
    </p>
   </div>
   <div class='ocr_carea' id='block_1_4' title="bbox 291 3561 2009 3643">
    <p class='ocr_par' dir='ltr' id='par_1_7' title="bbox 291 3530 2009 3643">
     <span class='ocr_line' id='line_1_54' title="bbox 291 3561 2009 3643; baseline -0.005 -23"><span class='ocrx_word' id='word_1_511' title='bbox 291 3561 373 3624; x_wconf 69' lang='grc' dir='ltr'>Α’Ῑ),</span> <span class='ocrx_word' id='word_1_512' title='bbox 388 3562 459 3622; x_wconf 61' lang='lat'>1³5⁵</span> <span class='ocrx_word' id='word_1_513' title='bbox 477 3563 846 3629; x_wconf 65' lang='lat' dir='ltr'>Q³g¹10scif2.¹²0n</span> <span class='ocrx_word' id='word_1_514' title='bbox 863 3568 1014 3643; x_wconf 50' lang='lat' dir='ltr'>long}</span> <span class='ocrx_word' id='word_1_515' title='bbox 1035 3570 1095 3626; x_wconf 67' lang='lat' dir='ltr'>ab,</span> <span class='ocrx_word' id='word_1_516' title='bbox 1114 3586 1170 3626; x_wconf 83' lang='lat' dir='ltr'>co</span> <span class='ocrx_word' id='word_1_517' title='bbox 1199 3572 1305 3627; x_wconf 86' lang='lat' dir='ltr'>loco</span> <span class='ocrx_word' id='word_1_518' title='bbox 1325 3568 1554 3640; x_wconf 70' lang='lat' dir='ltr'>oppidum</span> <span class='ocrx_word' id='word_1_519' title='bbox 1580 3565 2009 3643; x_wconf 75' lang='lat' dir='ltr'>Caffivellauniab-</span> 
     </span>
    </p>
   </div>
   <div class='ocr_carea' id='block_1_5' title="bbox 1899 3607 2022 3687">
    <p class='ocr_par' dir='ltr' id='par_1_8' title="bbox 1899 3607 2022 3687">
     <span class='ocr_line' id='line_1_55' title="bbox 1899 3607 2022 3687; baseline -0.016 0"><span class='ocrx_word' id='word_1_520' title='bbox 1899 3628 2003 3687; x_wconf 75' lang='lat' dir='ltr'>effe,</span> <span class='ocrx_word' id='word_1_521' title='bbox 2013 3607 2022 3685; x_wconf 41' lang='grc'>.’</span> 
     </span>
    </p>
   </div>
  </div>
 </body>
</html>
