2006 3858
364 159 661 227 Lrssaa
739 163 1596 229 DEthJera-nms.
1727 185 1856 251 379

88 271 206 307 rent.
273 258 383 306 Erat
406 260 442 304 is
465 259 609 311 locus,
635 260 712 307 ubi
737 260 935 307 Zeviota
958 277 1086 306 mons
1110 259 1263 307 sensim
1285 259 1332 305 in
1356 259 1598 322 planiciem
1622 260 1667 306 se·
1684 261 1867 312 demit»

87 325 166 379 tit,
188 325 393 371 modicus
423 322 631 385 quidem,
664 328 713 372 ὅτ
736 324 862 371 aditu
893 326 1080 386 angusto
1104 325 1265 371 leniter
1298 324 1503 371 declivis.
1571 325 1688 371 Eum
1712 331 1848 375 aeneis

86 389 313 435 machinis
338 388 461 433 velut
482 387 764 448 praevallant.
834 390 878 434 A
901 401 1030 451 tergo
1052 401 1179 435 erant
1210 404 1404 442 montes,
1432 388 1458 434 Ξῑ
1479 405 1673 452 quorum
1697 391 1848 438 radice

84 454 236 499 oriens
258 450 498 499 continens
520 452 650 512 palus
672 451 893 498 sinistrum
919 453 1033 499 latus
1061 453 1319 507 claudebat,
1344 454 1400 499 ad
1422 455 1657 500 dexterum
1679 452 1850 503 fluebat

87 515 243 562 Tillus
272 515 416 562 amnis
438 514 550 576 ripis
583 515 801 576 praealtis,
825 516 998 563 aditum
1034 534 1114 578 per
1134 531 1323 578 pontem
1354 534 1444 564 non
1468 519 1627 580 procul
1651 517 1677 563 a
1698 519 1846 566 castris

80 581 303 641 praebens.
374 579 516 641 Angli
546 595 650 625 cum
685 596 768 641 per
804 582 1109 640 exploratores
1139 581 1411 635 didicissent,
1434 584 1571 629 castra
1603 583 1871 641 Scotorum-

80 642 171 688 fine
191 658 309 688 certa
334 643 537 705 pernicie
554 643 668 689 adiri
691 660 782 690 non
806 645 943 703 posse,
965 643 990 688 ὲ
1013 644 1152 690 fluvio
1177 643 1261 690 iter
1282 658 1539 693 averterunt
1563 665 1577 693 ι
1630 663 1681 692 ac
1703 646 1846 709 speci·

77 721 149 752 em
167 708 406 758 dederunt,
425 720 641 770 tanquam
662 708 784 754 hoste
801 707 958 754 omisso
974 708 1230 761 Bervicum‚
1246 722 1383 772 atque
1399 710 1505 758 inde
1527 712 1648 757 recia
1668 710 1715 757 in
1739 727 1845 773 pro·-

77 770 250 819 ximam
265 772 429 817 Scotiae
448 772 683 834 regionem
704 772 841 836 longe
863 770 1173 818 fertiliffimam
1195 773 1449 828 tenderent,
1466 775 1684 834 majorem
1702 792 1843 840 quam

73 850 342 897 acceperant
374 837 549 882 cladem
580 836 780 883 relaturi.
851 837 998 883 Auxit
1030 836 1448 899 eamsuspitionem
1481 856 1639 886 rumor
1666 840 1845 903 superi-

73 899 228 945 oribus
256 901 415 946 diebus
451 901 539 947 five
563 912 732 947 temere
749 900 938 962 sparsus,
970 901 1059 948 five
1080 902 1139 947 de
1158 900 1375 948 industria
1395 902 1453 948 ab
1484 904 1841 967 Anglisconfic-

15 1018 17 1020 ‚
75 973 164 1015 tue,
205 979 253 1011 ut
275 965 419 1011 hostes
441 981 466 1010 e
489 965 603 1012 locis
634 965 936 1027 superioribus
965 964 1013 1010 in
1036 966 1225 1028 planum
1244 967 1589 1029 «protraherent.
1657 969 1712 1015 Id
1733 986 1843 1019 vero

74 1028 234 1076 Scotus
259 1046 349 1076 non
372 1031 608 1076 ferendum
633 1045 773 1083 ratus,
807 1033 856 1080 ὃς
878 1030 972 1092 ipse
985 1030 1207 1077 -incendio
1227 1030 1273 1077 in
1298 1032 1553 1086 stramenta,
1585 1032 1842 1097 casulasque

72 1094 280 1154 conjecio
299 1097 432 1141 castra
458 1108 611 1141 movet
645 1113 654 1141 :
680 1111 789 1157 quae=
807 1111 875 1141 res
898 1096 1027 1140 fumo
1050 1095 1141 1141 late
1162 1094 1349 1141 fluvium
1374 1096 1610 1158 operiente
1629 1097 1843 1160 prospect-

73 1169 172 1203 tum
191 1159 253 1203 eis
271 1161 527 1222 Anglorum
553 1160 739 1205 ademit.
808 1160 879 1205 Ita
902 1158 1050 1204 Scotis
1068 1175 1149 1220 per
1169 1171 1322 1219 aperta
1345 1159 1446 1206 loca
1469 1161 1675 1222 proxime
1706 1162 1843 1211 fluvi-

70 1237 164 1275 um,
192 1225 357 1286 Anglis
389 1241 474 1285 per
491 1224 713 1285 asperiora
734 1222 1017 1286 longiuscule
1037 1223 1168 1268 abeo
1184 1223 1466 1270 ducentibus
1484 1224 1540 1270 ad
1561 1226 1835 1274 Fluidonem

64 1287 232 1334 collem
249 1289 505 1350 praealtum,
522 1288 649 1334 alteri
669 1304 812 1350 prope
831 1288 887 1333 de
904 1285 1055 1334 alteris
1073 1285 1234 1333 incerti
1252 1300 1570 1348 pervenerunt.
1639 1289 1710 1335 lbi
1730 1292 1836 1339 cum

67 1349 161 1396 solo
193 1351 395 1414 aequiore
423 1353 519 1414 jam
556 1352 665 1401 sein
689 1351 933 1414 planiciem
957 1351 1218 1412 explicante
1252 1352 1418 1398 fluvius
1448 1369 1530 1414 per
1566 1369 1752 1415 pontem
1776 1356 1835 1402 ad

65 1414 313 1470 Tuifilum,
336 1422 376 1463 δε
398 1417 567 1464 vadum
590 1417 647 1463 ad
666 1416 956 1462 Milfordiam
973 1416 1302 1462 transmeabilis
1324 1417 1445 1470 esset,
1472 1417 1615 1481 Angli
1634 1418 1833 1480 primum
1856 1462 1863 1467 ,

63 1494 231 1542 agmen
257 1481 423 1542 jubent
455 1481 687 1528 machinas
716 1497 862 1527 aeneas
885 1497 968 1543 per
998 1493 1184 1542 pontem
1210 1483 1463 1536 traducere,
1497 1495 1681 1529 caeteros
1715 1485 1836 1531 vado

62 1544 382 1601 transmittere,
420 1559 470 1593 ut
489 1546 586 1593 acie
616 1545 829 1592 instructa
858 1561 944 1608 pro
978 1544 1070 1591 loci
1092 1544 1435 1598 commoditate,
1473 1546 1601 1593 velut
1632 1548 1833 1595 reditum

62 1608 265 1655 hostibus
284 1611 543 1673 praeclusuri
567 1610 608 1656 se
626 1609 853 1671 objiciunt
874 1628 885 1656 ε
906 1625 958 1655 ac
974 1609 1211 1672 superante
1230 1609 1544 1663 multitudine,
1569 1612 1695 1657 velut
1716 1613 1831 1659 duos

58 1674 284 1721 exercitus
303 1675 423 1722 inter
442 1676 485 1722 se
502 1674 717 1721 discretos
741 1675 805 1720 ita
826 1675 1094 1729 struxerunt,
1121 1685 1170 1719 ut
1194 1673 1359 1721 utravis
1382 1689 1485 1737 pars
1508 1691 1651 1738 prope
1671 1680 1836 1731 Scato-e

63 1753 163 1783 rum
189 1738 412 1785 universas
433 1741 587 1801 copias
610 1751 857 1800 aequarent.

121 1802 397 1849 XXXVIII.
432 1805 453 1849 Ι
459 1821 484 1849 n
509 1803 657 1866 primo
674 1802 875 1850 exercitu
889 1801 1086 1850 mediam
1101 1801 1245 1850 aciem
1261 1803 1458 1850 ducebat
1474 1803 1683 1850 Thomas
1697 1809 1832 1855 Ham

55 1877 178 1912 artus
198 1867 262 1914 rei
276 1867 518 1914 maritimae
535 1867 792 1931 praefectus,
829 1868 909 1929 qui
922 1867 1077 1929 paucis
1090 1880 1195 1915 ante
1216 1868 1380 1916 diebus
1395 1883 1497 1915 cum
1532 1869 1755 1919 classiariis
1774 1871 1833 1918 ad

7 1934 9 1936 ’
57 1947 233 1993 patrem
258 1933 523 1978 advenerat(
587 1933 843 1979 Dexterum
866 1948 1005 1979 cornu
1030 1932 1300 1979 Edmundus
1319 1934 1572 1989 Hauartus,
1607 1934 1829 1983 sinistrum
1854 1979 1857 1981 ,

58 1996 386 2042 Marmaducus
400 1995 688 2043 Constablius
706 1995 888 2060 agebat.
914 1996 1084 2043 Caeteri
1107 1998 1203 2058 post
1224 2009 1302 2043 eos
1319 1997 1446 2044 velut
1465 1997 1513 2043 in
1536 1998 1739 2047 subsidiis
1759 2003 1830 2048 lo-

56 2059 164 2114 cati,
186 2064 231 2108 8:
256 2060 338 2120 ipsa
360 2061 587 2122 tripartito
617 2059 818 2107 instruffi
843 2063 1072 2108 steterunt.
1141 2062 1321 2108 Dextro
1341 2062 1500 2109 cornui
1528 2063 1745 2121 Dacrius,
1771 2067 1828 2112 fi-

54 2123 192 2171 nistro
213 2126 454 2172 Eduardus
472 2125 717 2180 Stanlaens,
736 2126 901 2172 mediae
923 2125 1037 2175 aciei
1059 2125 1225 2172 Surriae
1246 2127 1418 2173 Comes
1437 2127 1643 2174 omnium
1668 2132 1830 2195 copia·

12 2188 17 2197 ’
54 2204 157 2235 rum
180 2189 276 2236 dux
297 2202 502 2252 praeerat.
571 2189 695 2236 Scdti
717 2206 823 2237 cum
841 2190 890 2236 in
914 2190 1106 2237 totidem
1130 2202 1279 2252 partes
1303 2190 1402 2238 suos
1425 2192 1629 2239 dividere
1651 2195 1712 2240 ob
1735 2196 1826 2242 mi·

50 2253 186 2300 litum
206 2254 484 2316 paucitatem
507 2270 598 2301 non
617 2255 810 2318 possent,
833 2253 915 2300 nisi
934 2254 1130 2302 frontem
1152 2266 1465 2311 extenuare-nt,
1485 2270 1682 2320 quatuor
1702 2262 1833 2307 acies!

53 2317 256 2365 adversas
277 2319 462 2366 modico
478 2319 722 2366 intervallo
739 2319 951 2366 distantes
973 2320 1243 2375 struxerunt,
1258 2338 1283 2367 e
1303 2321 1471 2383 quibus
1487 2332 1573 2366 tres
1596 2337 1701 2383 cum
1723 2326 1826 2371 An·

36 2382 144 2446 „glis
166 2399 225 2430 ex
243 2384 429 2430 adverso
449 2384 666 2431 stantibus
688 2395 1026 2438 concurrerent,
1045 2395 1213 2446 quarta
1227 2385 1276 2431 in
1298 2382 1505 2432 subsidiis
1525 2387 1646 2433 esset.
1715 2390 1823 2436 Me-

51 2446 174 2494 diam
198 2448 340 2495 aciem
365 2449 467 2494 Rex
483 2448 696 2495 ducebat.
733 2450 754 2495 Ι
760 2466 789 2495 n
811 2449 998 2496 dextero
1020 2464 1161 2495 cornu
1178 2448 1440 2512 imperabat
1463 2454 1478 2512 (
1497 2452 1536 2510 ι)
1559 2451 1826 2506 Alexander

50 2511 338 2567 Gordonius,
357 2512 432 2560 cui
447 2513 710 2559 Alexander
723 2512 949 2568 Humius,
968 2518 1008 2560 &
1028 2513 1250 2560 Martiani
1271 2513 1375 2561 sunt
1394 2514 1620 2562 attributi.
1652 2518 1705 2562 In
1730 2529 1822 2564 ter·
1846 2550 1849 2553 s

50 2575 116 2623 tia
136 2590 360 2638 praeerant
381 2578 629 2624 Matthaeus
653 2579 857 2624 Stuartus
891 2577 1098 2624 Leviniae
1120 2578 1308 2634 Comes,
1325 2581 1374 2628 &
1397 2579 1656 2642 Gilespicus
1676 2580 1823 2628 Cam-

48 2639 196 2687 bellus
220 2641 518 2706 Argatheliae‚
548 2642 618 2704 (z)
644 2643 850 2689 Adamus
881 2643 1131 2689 Heburnus
1152 2656 1260 2690 cum
1287 2643 1579 2709 propinquis,
1617 2651 1659 2693 δε
1683 2660 1827 2694 caete*

47 2720 97 2752 ra
113 2705 342 2754 Lothiana
361 2706 600 2753 nobilitate
621 2705 669 2753 in
692 2706 897 2754 subsidiis
916 2720 1027 2754 erat.
1090 2707 1325 2754 Gordonii
1345 2707 1463 2754 acies
1486 2710 1578 2756 acri
1600 2726 1756 2772 pugna
1778 2712 1819 2758 i·

48 2769 144 2816 nita
164 2769 292 2818 brevi
316 2771 579 2834 profligavit
599 2771 816 2818 finistrurn
832 2772 1092 2835 Anglorum
1111 2787 1270 2819 cornu.
1339 2772 1429 2819 Sed
1447 2790 1474 2819 a
1493 2773 1821 2837 persequendis

47 2833 330 2898 fugientibus
366 2836 538 2882 reversa
574 2834 771 2898 reliquas
803 2835 983 2883 suorum
1018 2836 1139 2882 acies
1173 2852 1292 2899 pene
1321 2836 1586 2900 profligatas
1622 2839 1831 2901 reperit-7-

47 2897 170 2945 Nam
192 2900 385 2947 alterum
407 2915 564 2953 cornu,
586 2901 634 2947 in
656 2916 750 2963 quo
767 2900 1004 2956 Levinius,
1023 2901 1382 2965 &Argathelius
1400 2914 1500 2949 erat
1519 2901 1819 2950 suorum-suc-

46 2963 163 3010 cess‘u
194 2964 434 3011 alacriores
467 2963 575 3011 faeti
607 2963 763 3011 solutis
799 2964 1046 3012 ordinibus
1068 2977 1237 3013 temere
1257 2965 1304 3011 in
1328 2965 1501 3012 hostem
1530 2965 1814 3018 ferebantur,

46 3025 181 3091 fignis
204 3044 230 3075 a
247 3039 379 3091 tergo
400 3029 584 3084 relictis,
621 3028 821 3077 multum
851 3031 1048 3077 Lamota
1066 3029 1222 3095 legato
1251 3029 1396 3076 Gallo
1423 3030 1715 3086 reclamante,
1742 3048 1810 3078 vac

44 3090 302 3154 praecipites
323 3093 370 3139 in
393 3092 516 3141 suam
542 3093 794 3156 perniciem
822 3093 1041 3142 remorari
1060 3107 1241 3142 conato.
1309 3094 1381 3140 Hx
1399 3109 1496 3140 non
1515 3094 1655 3140 modo
1674 3095 1733 3142 ab
1749 3112 1844 3148 ex:-

41 3153 229 3202 adverso
248 3156 419 3202 structis
441 3156 642 3219 excepti,
663 3157 737 3204 sed
767 3158 827 3205 ab
847 3158 936 3205 alia
969 3173 1157 3221 quoque
1187 3158 1446 3220 Anglorirm
1468 3173 1607 3204 manu
1627 3174 1654 3204 a
1676 3170 1816 3225 tergo

41 3218 362 3274 circumventi,
384 3236 502 3282 pene
521 3236 679 3267 omnes
700 3221 940 3269 occidione
959 3220 1093 3268 occisi
1116 3220 1260 3268 fuere.
1278 3263 1285 3267 ,
1320 3219 1457 3267 Acies
1480 3221 1645 3284 Regia,
1667 3236 1821 3287 atque*

39 3281 293 3329 Heburnus
314 3297 419 3329 cum
441 3283 681 3330 Lothianis
701 3284 1049 3345 pertinaciffime
1064 3296 1417 3347 pugnaverunt..
1467 3285 1700 3350 Utrinque
1714 3304 1816 3336 cae..

38 3346 119 3393 des
140 3345 303 3409 ingens
323 3345 464 3402 edita,
487 3347 635 3393 donec
655 3347 768 3393 feflis
788 3349 984 3412 utrisque
1003 3360 1233 3394 certamen
1251 3347 1300 3395 in
1323 3350 1510 3396 noctem
1525 3355 1809 3414 protractum

4 3466 9 3469 ν
41 3410 118 3457 est.
186 3409 408 3458 Cecidere
428 3426 486 3458 ex
505 3409 603 3458 acie
624 3410 774 3476 Regia
797 3410 886 3459 viri
904 3413 1095 3459 illustres
1118 3412 1394 3477 complures.
1436 3413 1534 3478 Qi
1560 3431 1827 3471 numer-uma

94 3527 159 3577 (1)
188 3529 276 3572 The
305 3530 379 3571 carl
398 3530 443 3572 of
463 3530 626 3582 Huntly,
645 3532 716 3572 and
734 3529 801 3572 the
818 3531 898 3571 lord
1006 3529 1067 3578 (2)
1095 3531 1183 3569 Earl
1212 3531 1259 3570 of
1281 3531 1484 3579 Bothwell,
1504 3533 1634 3576 second
1660 3537 1708 3577 of
1721 3538 1813 3581 that

45 3578 186 3625 Eume.
292 3611 299 3616 .
466 3606 470 3610 »
636 3611 640 3614 ,
950 3583 1121 3635 firname,
1141 3583 1263 3627 son-to
1275 3586 1353 3629 ear'l
1367 3585 1536 3629 Pati-iek-

826 3674 864 3724 Β
896 3670 929 3725 b
957 3673 1052 3726 b‘z
1388 3740 1391 3741 γ
1692 3674 1806 3729 cest·
