2043 3864
613 121 952 188 LrvssER·
1032 119 1399 186 Nonus.
1744 138 1872 201 227

99 224 244 273 riente
264 222 531 272 testamento
553 230 650 267 erat
670 220 847 282 populo
866 218 1234 279 commendatus)
1255 214 1468 281 publicus
1489 212 1621 262 favor
1641 216 1869 279 apparuit.
1894 223 1903 236 '

752 302 981 349 XCVIII.
1038 304 1081 349 R
1098 304 1135 349 E
1155 303 1215 349 X.

164 378 440 427 CORON
457 376 557 422 AT
574 375 658 421 10
690 373 832 437 Regis
865 373 915 419 in
949 375 1162 420 octavum
1192 374 1427 423 Calendas
1452 372 1727 422 Decembris
1762 370 1871 424 anni
1900 428 1914 438 ρ

97 442 323 508 sequentis
344 443 486 489 dilata
503 441 567 498 ‚est
600 457 610 486 :
655 451 706 485 ut
727 437 928 485 Romani
957 438 1191 485 Pontificis
1214 439 1425 502 permissu
1457 442 1529 502 (ι)
1553 439 1871 502 inungeretur,

24 503 27 509 ’
97 524 150 554 ac
173 524 289 554 nova
310 506 390 552 illa
411 503 670 552 ceremonia
693 503 816 566 apud
840 504 998 549 Scotos
1021 504 1249 565 augustior
1269 504 1538 568 ‘videreta-r„
1585 506 1752 551 Protex
1774 519 1872 550 cre·

96 585 196 618 atus
220 570 419 632 primum
441 569 651 617 omnium
670 584 834 630 pacem
858 583 966 613 cum
992 566 1152 628 Anglis
1177 568 1417 615 confirmat
1441 587 1459 614 τ
1496 568 1662 632 deinde
1684 569 1743 615 ad
1769 585 1889 616 eam;

99 634 414 682 stabiliendam
435 634 565 680 domi
585 632 843 685 conversus,
873 643 923 677 ut
945 643 1101 693 aperta
1121 631 1360 679 latrocinia
1380 634 1723 695 comprimeret,
1757 634 1876 679 vali⁴

97 700 205 746 dam
228 699 466 746 cohortem
482 699 707 758 juvenum
730 708 1007 742 armatorum
1030 695 1150 741 circa
1171 695 1213 742 se
1231 696 1405 759 semper
1426 698 1624 745 habebat
1642 698 1689 744 in
1712 714 1872 744 ornnes

99 765 359 811 occasiones
379 764 600 809 intentus.
668 759 819 824 Igitur
839 777 944 807 cum
977 761 1048 821 (z)
1070 759 1315 807 Vistonem
1348 763 1496 824 (quod
1514 762 1886 810 Gallovidiaeestq

96 828 345 891 oppidum)
371 825 673 889 proficiscenti
696 825 885 872 allatum
907 825 1030 879 effet,
1062 840 1249 871 manum
1282 826 1516 873 latronum
1546 827 1647 874 satis
1671 826 1877 874 validam

95 891 144 939 in
167 892 247 939 illa
267 891 456 955 regione
477 891 574 937 vias
591 891 813 946 obsidere,
834 905 886 936 ac
909 890 1106 936 viatores
1125 887 1316 951 spoliare
1338 889 1484 937 statim
1506 908 1564 938 ex
1584 891 1747 939 itinere
1768 891 1885 942 mis*

96 956 141 1002 sa
161 956 211 1002 in
233 972 309 1002 eos
332 955 520 1002 cohorte
544 955 617 1002 sua
634 967 792 1018 captos
815 955 874 1001 ad
897 971 1039 1001 unum
1061 954 1286 1017 supplicio
1308 954 1466 1002 affecit
1529 958 1582 1002 In
1605 958 1742 1003 caedis
1765 972 1874 1004 auc-

95 1032 215 1066 tores
238 1033 334 1067 erat
354 1019 533 1082 prorsus
554 1019 849 1067 inexorabilis
875 1037 888 1064 :
922 1019 1037 1066 adeo
1058 1031 1107 1065 ut
1129 1019 1359 1080 quendam
1382 1022 1535 1066 Roma
1549 1020 1794 1076 reversum,
1812 1027 1872 1077 δε,

94 1085 223 1146 quod
245 1102 327 1146 per
350 1084 558 1146 diploma
580 1084 815 1132 Pontificis
838 1083 1020 1130 veniam
1042 1082 1304 1129 obtinuisset
1325 1083 1548 1138 securum,
1571 1086 1875 1148 comprehen-

92 1148 142 1194 di
159 1148 523 1210 jufferit‚'culpae
549 1149 936 1196 condonationem
970 1147 1030 1193 ad
1054 1147 1344 1202 Pontificem,
1367 1148 1571 1209 corporis
1593 1165 1779 1212 poenam
1813 1150 1875 1197 ad

94 1213 274 1277 Regem
297 1215 523 1261 affirmans
557 1213 802 1277 pertinere.
871 1215 1012 1259 Furta
1035 1227 1143 1258 vero
1165 1211 1432 1274 extreliqua
1456 1212 1566 1259 belli
1596 1213 1872 1276 contagione

92 1278 242 1325 adhuc
263 1278 524 1342 frequentia
559 1291 608 1325 ut
638 1276 944 1340 compesceret
977 1277 1131 1340 legem
1163 1275 1290 1331 tulit,
1323 1288 1374 1322 ut
1404 1276 1556 1322 rustici
1575 1276 1874 1324 instrumenta

91 1343 185 1389 ruri
206 1343 401 1390 colendo
424 1355 689 1405 comparata
709 1343 757 1388 in
782 1341 900 1406 agris
920 1342 1235 1402 relinquerent
1254 1359 1266 1386 :
1291 1357 1405 1387 neve
1428 1343 1566 1388 noCtu
1588 1342 1768 1396 domos,
1793 1353 1875 1389 aut

91 1407 264 1454 stabula
283 1407 563 1455 clauderent.
632 1407 807 1454 Damni
828 1407 924 1453 dati
946 1406 977 1452 fi
999 1406 1126 1467 quod
1144 1406 1266 1459 effet,
1298 1406 1504 1467 precium
1528 1407 1684 1453 damni
1708 1405 1733 1451 a
1756 1423 1874 1468 prae-

52 1511 56 1518 l
92 1471 221 1518 fectis
239 1472 452 1532 juridicis
478 1484 686 1534 peterent
712 1490 722 1518 :
758 1470 964 1533 praefee'ti
987 1470 1014 1515 a
1035 1471 1166 1534 Rege
1188 1482 1447 1532 repeterent
1471 1489 1480 1517 :
1517 1472 1637 1534 Regi
1659 1486 1716 1518 ex
1739 1471 1872 1519 bonis

92 1536 323 1583 latronum
344 1537 733 1600 deprehensorum
751 1536 999 1582 satisfieret.
1054 1537 1181 1582 Inter
1203 1534 1301 1580 haec
1316 1535 1508 1581 ,rusticus
1533 1538 1672 1598 paulo
1695 1536 1751 1582 ad
1774 1553 1872 1582 rem

27 1619 30 1629 “
92 1601 271 1648 avidior
291 1618 396 1648 cum
419 1619 522 1648 eam
544 1601 804 1648 cautionem
841 1617 925 1663 pro
953 1616 1070 1646 vana
1091 1598 1300 1653 haberet,
1333 1599 1399 1645 sui
1431 1600 1569 1646 aratri
1598 1599 1874 1648 ferramenta

93 1665 270 1711 sublata
291 1666 544 1720 abscondit,
568 1681 622 1712 ac
643 1678 862 1726 tanquam
884 1665 1007 1711 furto
1029 1663 1258 1725 periissent
1276 1662 1304 1708 ἒ.
1320 1663 1537 1724 praefecto
1558 1665 1766 1727 precium
1789 1665 1871 1711 fla·-

93 1729 262 1791 gitavit
285 1747 295 1775 ε
331 1735 371 1776 δε
394 1729 431 1775 is
451 1729 642 1791 quidem
665 1730 812 1775 statim
836 1728 925 1774 fide
946 1727 1070 1774 bona
1089 1725 1305 1789 persolvit
1330 1743 1341 1773 :
1375 1727 1449 1773 sed
1470 1744 1577 1775 cum
1600 1728 1870 1792 diligentius

92 1792 344 1855 inquireret
366 1805 603 1854 comperto
621 1793 833 1839 rusticum
857 1792 1008 1855 ipsum
1030 1792 1142 1838 furti
1159 1793 1390 1837 auctorem
1410 1786 1553 1846 fuisse,
1574 1810 1678 1840 eum
1703 1795 1875 1856 laqueo

92 1856 360 1918 strangulari
377 1857 497 1918 juffit
522 1876 533 1904 ;
568 1858 687 1903 bons.
710 1857 813 1903 fisco
836 1856 1032 1903 addixit.
1100 1855 1312 1902 Turbam
1334 1872 1499 1918 vagam
1523 1857 1790 1911 scurrarum,
1817 1874 1870 1905 ac

89 1920 519 1983 symphoniacorum
564 1922 712 1983 poenis
753 1920 1020 1983 graviffimis
1065 1919 1305 1982 propositis
1347 1921 1620 1981 compreflit.
1689 1923 1737 1969 Si
1766 1923 1871 1986 quis

92 1986 164 2046 (3)
187 1985 366 2038 viatori,
388 1998 465 2030 aut
487 1984 566 2031 alii
585 1984 787 2031 ministro
804 1985 993 2046 publico
1010 1984 1112 2044 jure
1131 1983 1286 2045 agenti
1303 1983 1667 2038 restitiffetfeum
1683 1987 1870 2034 oecide-

87 2065 137 2094 re
158 2048 348 2110 impune
371 2049 554 2095 licebat.
622 2051 784 2112 Itaque
806 2066 911 2094 cum
936 2048 1185 2111 aliquando
1223 2048 1280 2094 ad
1303 2047 1587 2096 Halidonem
1611 2052 1764 2099 vicum
1789 2052 1869 2100 tri-

86 2114 218 2176 ginta
240 2112 422 2160 fuifi'ent
441 2117 465 2162 εὶ
487 2113 735 2161 comitibus
760 2112 951 2160 ministri
979 2113 1157 2176 publici
1190 2112 1344 2168 occifi,
1369 2113 1545 2161 caedem
1574 2117 1678 2177 jure
1701 2113 1869 2167 factam

89 2177 427 2239 pronunciavit.
504 2180 507 2181 ⁷

153 2243 213 2287 ΙΙ.
232 2243 336 2288 Nec
357 2243 417 2288 ob
440 2243 557 2289 hanc
579 2240 864 2290 severitatem
881 2242 1010 2289 domi
1033 2241 1177 2305 magis
1194 2254 1288 2289 erat
1306 2242 1586 2300 facinorosis,
1602 2246 1743 2310 quam
1759 2247 1868 2293 foris

85 2304 288 2352 hostibus
306 2305 367 2351 ob
385 2307 702 2364 tortitudinem
719 2306 1042 2354 formidabilis.
1082 2307 1230 2371 Igitur
1252 2309 1416 2370 Angli,
1437 2310 1518 2370 qui
1541 2310 1715 2357 sublato
1738 2314 1869 2376 Rege

87 2371 293 2416 Roberto
308 2370 356 2416 in
376 2370 498 2434 spem
518 2372 734 2418 vindiftae
757 2384 885 2418 erant
903 2372 954 2419 in
969 2389 1126 2420 omnes
1145 2373 1402 2418 occasiones
1421 2372 1604 2431 intenti,
1625 2392 1730 2422 cum
1753 2377 1869 2424 nihil

87 2433 135 2480 vi
159 2448 314 2497 aperta
337 2433 573 2482 Randolfo
595 2435 702 2483 vivo
718 2437 938 2483 auderent
961 2448 1201 2490 attentare,
1219 2437 1275 2481 ad
1291 2436 1501 2483 fraudem
1524 2444 1752 2487 occultam
1771 2441 1870 2488 ani-

36 2509 39 2511 ’
80 2506 216 2544 'mum
238 2499 496 2547 conferunt.
551 2500 644 2547 Via
669 2500 921 2547 breviffima
939 2500 1133 2547 tollendi
1155 2500 1333 2547 inimici
1357 2517 1533 2548 veneno
1551 2502 1644 2550 visa
1665 2505 1725 2556 est
1744 2523 1757 2552 t
1784 2523 1868 2553 nec

21 2583 23 2594 ¹
78 2563 234 2609 'defuit
252 2563 302 2609 id
325 2562 623 2610 molientibus
647 2565 850 2612 minister
869 2565 1064 2612 idoneus
1088 2565 1338 2612 monachus
1361 2583 1418 2613 ex
1439 2572 1494 2613 'eo
1514 2585 1699 2631 genere,
1716 2571 1798 2633 qui
1815 2571 1865 2618 in

84 2627 187 2673 ocio
211 2626 393 2673 educati
410 2628 603 2690 penuria
624 2629 959 2693 magistrorum,
979 2628 1061 2692 qui
1075 2631 1194 2675 refita
1217 2631 1430 2684 doceant,
1455 2631 1575 2678 bona
1598 2634 1808 2699 plaeru'nq
1815 2653 1870 2682 ue

81 2690 270 2753 ingenia
292 2693 348 2737 ad
371 2693 513 2738 malas
533 2707 649 2739 artes
676 2693 928 2756 applicant.
997 2696 1052 2741 In
1074 2710 1129 2740 eo
1161 2710 1268 2741 cum
1303 2696 1404 2741 duae
1435 2697 1694 2757 conjunctae
1726 2701 1866 2748 essent

18 2770 23 2776 ·
82 2754 374 2816 profeffiones
397 2757 712 2810 monachatus,
737 2762 789 2809 δε
812 2757 1070 2812 medicinae,
1095 2759 1237 2805 altera
1258 2758 1349 2805 visa
1370 2761 1430 2804 est
1458 2761 1516 2806 ad
1538 2764 1794 2823 parandum
1817 2782 1866 2810 a·

87 2819 259 2875 ditum,
282 2820 424 2866 altera
445 2821 501 2866 ad
522 2823 797 2883 patrandum
819 2823 961 2870 sce-lus
983 2822 1166 2869 idonea.
1193 2822 1344 2885 Igitur
1365 2839 1474 2870 cum
1493 2824 1540 2871 in
1565 2827 1765 2874 Scotiam
1787 2845 1867 2875 ve-

75 2883 230 2937 nisset,
254 2881 391 2946 seque
407 2883 602 2943 jactaret
616 2886 773 2948 passi'm
793 2903 902 2934 cum
921 2886 1071 2934 omnis
1095 2887 1336 2934 medicinae
1363 2900 1462 2938 tum
1495 2891 1683 2936 curandi
1712 2894 1866 2939 calcu-

81 2948 116 2994 li
134 2948 334 3010 peritum
356 2947 537 2994 facilem
562 2950 645 2996 stbi
666 2951 843 3002 aditum
866 2952 922 2998 ad
945 2953 1192 3014 Proregem
1216 2951 1351 2999 fecitt
1410 2953 1663 3000 Adhibitus
1681 2956 1739 3001 ad
1757 2973 1865 3004 eum

84 3013 339 3058 curandum
364 3011 608 3059 medicinae
637 3015 812 3061 lentum
841 3032 1071 3062 venenum
1111 3016 1351 3062 admiscuit
1381 3034 1397 3062 2
1441 3017 1607 3063 deinde
1642 3019 1770 3066 velut
1805 3022 1866 3078 acl

80 3075 329 3136 pharmaca
356 3078 665 3137 comparanda
684 3091 888 3141 accaepto
911 3095 1161 3141 paucorum
1185 3079 1364 3126 dlerum
1387 3094 1647 3128 commeatu
1679 3082 1724 3128 in
1762 3085 1865 3131 An-

30 3182 34 3185 .
82 3138 228 3201 gliam
249 3139 290 3185 se
311 3139 499 3202 recepit.
569 3142 642 3187 Ibi
660 3144 783 3205 apud
804 3139 1084 3192 Eduardum?
1097 3143 1228 3206 gravi
1249 3160 1359 3192 cum
1377 3144 1696 3193 asseveratione
1724 3146 1866 3216 jae'tat

137 3265 198 3316 (1)
229 3267 316 3304 The
347 3268 487 3304 custom
513 3268 560 3305 of
585 3270 781 3319 anointing
814 3270 947 3318 kings,
997 3272 1087 3320 they
1105 3284 1201 3309 were
1221 3280 1285 3309 not
1304 3272 1477 3310 anointed
1499 3287 1508 3311 z
1542 3274 1607 3312 but
1626 3275 1737 3317 other
1749 3277 1869 3329 kings
1891 3316 1896 3320 .

19 3355 22 3358 .
49 3350 53 3355 ,
84 3318 271 3356 borrowed
301 3320 398 3357 from
434 3320 499 3357 the
532 3321 670 3370 typical
707 3324 793 3360 rites
819 3323 864 3360 of
876 3324 941 3363 the
991 3325 1081 3371 ‘used
1102 3333 1168 3361 not
1187 3325 1270 3362 that
1288 3338 1498 3376 ceremony.

80 3372 219 3461 gewish
233 3373 459 3410 ceremonia!
476 3374 563 3418 law,
578 3375 651 3411 had
671 3376 762 3413 been
780 3376 864 3413 used
879 3377 941 3413 be-
1050 3378 1114 3426 (2)
1145 3378 1227 3414 Lib.
1253 3390 1312 3415 ιο.
1330 3391 1409 3428 cap.
1430 3391 1495 3417 20.
1516 3380 1712 3422 Uictonia.

100 3423 160 3461 ore
178 3425 218 3462 in
239 3427 392 3472 France,
406 3427 576 3473 England
594 3429 663 3464 and
681 3429 819 3477 Naples
835 3442 847 3476 5
869 3430 941 3466 and
1050 3431 1114 3480 (3)
1144 3429 1375 3476 Pursevants‚
1391 3432 1536 3470 heralds
1549 3436 1619 3472 and
1636 3437 1856 3485 meffengers
1885 3476 1889 3478 ,

85 3475 118 3515 it
130 3475 203 3514 had
223 3479 314 3516 been
342 3479 519 3528 objested‘
530 3492 567 3515 as
597 3492 618 3515 a
647 3481 769 3517 dese&
787 3481 832 3517 of
845 3481 946 3517 sove-
1001 3481 1046 3519 of
1061 3495 1158 3521 arms
1177 3482 1217 3520 in
1237 3482 1302 3521 the
1329 3485 1525 3524 execution
1541 3486 1585 3526 of
1597 3487 1836 3531 theiroffice.

84 3528 188 3578 reign
206 3532 364 3582 ,majesty
391 3532 431 3570 in
456 3531 522 3571 the
540 3532 698 3572 Scottistx
716 3533 843 3583 kings,
863 3533 951 3572 that.
1385 3540 1389 3544 '
1699 3552 1701 3554 ·

902 3638 937 3684 F
968 3636 995 3683 f
1018 3655 1062 3687 2.·
1735 3646 1859 3693 Rau,
