1994 3833
125 162 256 249 480
401 192 409 199 1
509 152 857 224 ‘RERUM
911 154 1608 230 Scorxcinum

122 261 231 310 tiam
256 260 446 308 futures.
514 258 694 319 Itaque,
718 257 748 302 fi
770 272 882 318 quas
908 271 1030 302 nunc
1049 271 1236 319 quoque
1257 257 1449 305 offerant
1470 259 1753 313 conditiones
1796 260 1886 315 llo·

122 328 283 382 nestas,
305 342 406 388 quae
427 322 553 385 spem
575 321 744 367 faciant
761 319 940 382 imperii
962 321 1186 382 majestate
1200 321 1399 376 salvasse
1413 323 1694 381 obedienter,
1712 333 1759 375 ὅτ
1785 345 1888 377 mo.

120 392 242 439 deste
280 386 581 452 superioribus
603 385 846 448 parituros,
871 384 1045 432 nullam
1067 383 1361 433 instaurandae
1383 387 1640 434 concordiae
1660 392 1884 441 rationem

117 454 421 502 recusabimus
444 468 454 495 :
488 466 636 511 neque
657 448 904 513 quicquam
928 448 1211 504 omittemus,
1234 449 1358 512 quod
1381 448 1703 499 ad‘utilitatem
1728 455 1882 517 publi-

121 535 219 566 cam
244 519 436 579 spectare
460 514 628 575 poterit
652 531 663 559 ε
698 529 781 560 nec
801 528 881 559 nos
906 514 1046 560 modo
1086 529 1195 574 erga
1222 530 1298 559 eos
1322 514 1409 560 hoc
1431 515 1586 561 animo
1622 515 1790 572 sumus,
1813 518 1888 566 sed

120 585 255 630 etiam
281 581 429 643 Reges
447 593 622 631 eorum,
643 578 723 640 qui
747 576 1031 624 Conchiliati
1053 577 1225 623 ordinis
1243 578 1445 639 equitem
1467 578 1700 635 illustrem,
1725 585 1772 629 ἃ
1809 598 1887 628 ec-

121 644 348 694 clesiastici
365 643 538 688 ordinis
552 642 784 688 hominem
802 641 1064 702 primarium
1089 657 1192 687 cum
1211 641 1372 696 literis,
1405 658 1457 689 ac
1481 644 1703 690 mandatis
1721 646 1884 694 eodem

121 708 422 773 spefiantibus
446 708 501 752 ad
525 723 600 752 eos
627 706 840 752 miserunt
861 724 871 752 z
905 723 1020 769 quos
1057 705 1126 752 illi
1151 718 1300 753 tamen
1325 706 1389 752 ita
1427 708 1812 770 contempserunt,
1837 722 1886 758 ut

120 790 212 823 non
236 774 374 820 modo
395 770 619 832 responso,
644 770 718 816 sed
741 787 796 816 ne
818 769 1052 817 audientia
1073 769 1261 832 quidem
1284 772 1368 816 {int
1409 770 1604 833 dignati.
1650 775 1801 835 Qam
1824 775 1889 820 ob

120 856 215 886 rem
241 836 503 900 postulabis,
524 835 826 896 &imperabis
849 851 1035 897 quoque
1054 834 1179 888 duci,
1204 841 1242 880 &
1263 833 1438 881 caeteris
1461 837 1742 896 proceribuS,
1767 837 1890 883 aliis-

121 920 210 965 que
228 902 534 962 cujuscunque
551 899 722 945 ordinis
745 898 940 953 civibus,
965 910 1013 944 ut
1043 899 1102 944 ab
1126 898 1188 944 eis
1227 898 1370 948 statim
1397 899 1662 947 discedant:
1696 902 1759 948 sin
1801 901 1889 948 mi-

121 984 224 1020 nus,
248 963 569 1026 perduellionis
592 978 667 1008 eos
691 962 836 1009 teneri
858 962 1205 1009 denunciabis.⁷'

189 1032 364 1079 XLIV.
398 1029 472 1075 Ad
517 1027 615 1073 haec
637 1027 865 1088 postridie,
895 1027 975 1089 qui
999 1027 1085 1074 fuit
1125 1043 1179 1089 23
1207 1025 1440 1082 Geminis,
1473 1043 1680 1091 proceres
1703 1029 1748 1075 in
1773 1028 1892 1081 lianc

121 1095 384 1144 sententiam
408 1093 750 1155 responderunt,
777 1101 810 1120 “
827 1092 910 1138 EX
930 1091 1094 1138 Literis
1119 1093 1224 1146 tuis,
1246 1106 1297 1138 ae
1310 1092 1534 1139 mandatis
1554 1110 1634 1156 per
1655 1092 1887 1143 foecialern

120 1160 255 1209 missis
275 1158 409 1206 facile
431 1155 758 1210 intelleximus,
783 1172 919 1219 quarn
943 1157 1277 1218 perseveranter
1295 1157 1413 1203 male
1434 1157 1632 1204 animata
1651 1159 1701 1203 sis
1724 1157 1890 1204 adver-

119 1226 189 1272 sus
216 1224 432 1286 pietatem
450 1222 498 1269 in
522 1221 694 1273 Deum,
720 1227 760 1267 &
780 1223 936 1267 nostrae
975 1222 1124 1285 gentis
1163 1219 1398 1282 publicum
1438 1221 1819 1277 emolumentum,
1842 1228 1888 1269 ἃς

119 1288 425 1336 communiter
445 1285 651 1332 omnium
670 1285 946 1332 libertatem.
1017 1287 1132 1332 Haec
1155 1297 1203 1331 ut
1225 1284 1414 1346 perinde
1436 1300 1488 1331 ac
1523 1286 1742 1333 debemus
1763 1298 1886 1333 tuea-

118 1369 239 1407 mur,
257 1369 338 1399 nos
364 1353 545 1414 Regum
565 1350 812 1396 nostrorum
830 1349 1016 1396 nomine
1039 1349 1370 1410 praefe&uram‚
1396 1361 1473 1395 aut
1496 1365 1772 1413 quocunque
1796 1351 1889 1404 alio

118 1417 303 1479 imperii
326 1415 460 1462 titulo
478 1413 707 1476 publicam
724 1413 1156 1460 administrationem
1177 1414 1256 1459 sub
1268 1413 1475 1476 Regibus
1497 1414 1891 1477 usurpas,suspen·

119 1482 290 1535 dimus,
311 1497 362 1526 ac
384 1480 646 1526 inhibemus
669 1495 681 1524 :
716 1491 764 1523 ut
781 1479 859 1542 qui
878 1495 959 1539 pro
980 1490 1104 1538 certo
1119 1478 1383 1531 habeamus,
1407 1494 1509 1540 quae
1533 1494 1652 1525 nunc
1674 1479 1702 1524 a
1724 1490 1766 1525 te
1800 1496 1884 1542 ge-

119 1560 297 1600 runtur,
322 1562 375 1591 ea
393 1560 497 1590 cum
518 1558 677 1589 eorum
700 1557 919 1604 perpetua
941 1543 1176 1588 voluntate
1197 1558 1306 1604 erga
1328 1542 1558 1604 publicam
1586 1542 1718 1603 hujus
1756 1544 1906 1606 regni'

118 1609 484 1658 incolumitatem
530 1622 766 1668 pugnare:
801 1611 850 1653 ὃς
891 1607 1282 1675 quemadmodum
1327 1618 1375 1650 tu
1398 1621 1477 1651 nos
1500 1606 1734 1669 legitimos
1751 1607 1884 1668 liujus

118 1674 269 1738 regni,
285 1676 331 1721 &
348 1673 530 1735 Regum
545 1671 665 1717 cives
686 1668 768 1733 pro
782 1663 1022 1723 senatus&
1043 1664 1229 1716 confilio
1246 1670 1430 1732 publico
1443 1685 1533 1716 non
1543 1671 1681 1716 habes
1704 1687 1714 1715 ε
1738 1686 1888 1732 neque

119 1755 201 1786 nos
218 1752 260 1785 te
278 1740 550 1800 Regentem‚
574 1734 1142 1797 autmagistratusupgemo
1159 1736 1423 1798 iii-*gentem
1449 1734 1746 1796 agnoscimw.
1771 1735 1894 1783 Cum

118 1803 365 1866 praesertim
391 1800 651 1864 imperium,
678 1799 707 1844 si
727 1800 848 1861 quod
874 1796 1012 1845 habes
1031 1799 1271 1862 aRegibus
1290 1797 1889 1861 commiffum,graviffimis,
1934 1813 1957 1848 ,“

113 1866 442 1931 justiflimisque
465 1867 522 1912 de
544 1865 682 1911 causis
698 1863 784 1908 fita
808 1863 938 1910 nobis
960 1862 1208 1910 inhibitum
1230 1879 1241 1907 z
1274 1863 1416 1926 idque
1437 1865 1684 1910 eorundem
1705 1865 1890 1927 Regum

120 1931 325 1984 nomine,
350 1946 544 1992 quorum
569 1944 650 1975 nos
671 1928 948 1974 consultores
971 1927 1066 1973 nati
1079 1927 1247 1983 sumus,
1273 1926 1517 1989 praesertim
1540 1926 1587 1973 in
1606 1927 1757 1982 rebus,
1782 1943 1888 1990 quae

119 1996 178 2043 ad
199 1995 407 2042 omnium
430 1994 616 2040 salutem
638 1992 853 2054 speciant.
920 1994 1196 2053 Qanquam
1221 2004 1370 2039 autem
1407 1991 1539 2038 nobis
1557 1992 1617 2037 est
1635 1992 1889 2049 decretum,

114 2061 297 2107 ‘nullum
321 2057 631 2119 subterfugere
668 2056 769 2102 vitae
791 2055 1030 2102 discrimen
1074 2057 1120 2102 in
1144 2073 1199 2102 eo
1221 2055 1397 2117 oppido
1436 2055 1690 2111 liberandO,
1724 2057 1770 2103 in
1793 2074 1891 2119 quo

119 2136 171 2171 tu
192 2137 353 2171 contra
376 2139 456 2169 nos
480 2121 777 2168 mercenarios
802 2119 1064 2182 peregrinos
1076 2120 1303 2166 collocasti
1329 2137 1339 2166 :
1374 2132 1523 2166 tamen
1547 2136 1631 2182 pro
1652 2136 1720 2174 ea,
1744 2138 1885 2184 quam
1953 2122 1964 2130 ”

118 2188 223 2243 tibi,
245 2202 295 2234 ut
313 2186 504 2249 Reginae
518 2186 673 2231 nostrae
689 2186 821 2230 matri
836 2184 1055 2230 debemus
1077 2184 1345 2237 reverentia,
1367 2188 1414 2230 ὅτ
1434 2200 1572 2246 opera
1595 2184 1736 2238 fideli,
1757 2201 1890 2249 mag·

118 2269 291 2314 nopere
311 2264 358 2298 ut
379 2251 555 2298 secedas
579 2265 778 2303 oramus,
801 2249 910 2294 dum
936 2263 1017 2294 nos
1043 2247 1249 2295 utilitatis
1271 2247 1471 2310 publicae
1507 2247 1623 2293 ratio
1656 2248 1781 2310 cogit
1803 2265 1889 2313 op-

117 2317 282 2379 pidum
321 2316 437 2362 istud
461 2330 581 2360 nunc
619 2312 754 2359 armis
777 2324 997 2375 repetere,
1036 2313 1161 2373 quod
1181 2313 1293 2375 saepe
1315 2323 1448 2358 antea
1461 2310 1675 2374 precibus
1697 2314 1889 2361 liberare

119 2381 268 2428 sumus
288 2380 457 2426 conati.
525 2378 635 2425 Illos
659 2390 875 2440 praeterea
892 2393 1048 2440 rogam
1059 2393 1123 2429 us,
1144 2388 1193 2422 ut
1213 2392 1301 2422 una
1323 2388 1472 2422 tecum
1495 2376 1662 2422 educas
1684 2376 1802 2424 intra
1827 2395 1887 2445 24

117 2445 269 2498 horas,
291 2445 320 2491 si
342 2445 423 2507 qui
438 2445 553 2496 sunt,
578 2444 658 2503 qui
679 2454 757 2487 aut
777 2442 1030 2504 legatorum
1048 2441 1105 2486 ad
1127 2441 1450 2487 controversias
1467 2439 1889 2503 disceptanda5‚aut

118 2510 175 2555 ad
200 2526 265 2555 res
284 2509 505 2573 gerendas
529 2522 693 2558 nomen
728 2505 810 2552 fibi
829 2504 1090 2558 vendicant,
1125 2505 1348 2568 quicquid
1370 2503 1480 2551 item
1507 2505 1889 2554 mercenariorum

117 2568 321 2621 militum
345 2573 388 2619 in
406 2572 567 2619 eodem
591 2571 652 2616 est
673 2570 866 2633 oppido,
883 2585 1079 2630 quorum
1096 2586 1178 2615 nos
1200 2568 1407 2632 sanguini
1425 2569 1620 2615 libenter
1641 2569 1889 2631 parcimus,

121 2642 164 2684 δι
185 2635 495 2683 incolumitati
515 2636 736 2686 favemus,
759 2647 947 2696 propter
967 2646 1184 2688 veterem,
1205 2649 1309 2696 quae
1333 2643 1400 2679 tot
1420 2631 1592 2678 saeculis
1615 2632 1732 2679 inter
1776 2635 1886 2680 Sco-

119 2715 208 2755 tos,
233 2705 282 2750 &
303 2702 500 2747 Francos
522 2698 625 2753 fuit,
641 2697 920 2745 amicitiam:
941 2715 1078 2760 quam
1103 2698 1165 2743 ob
1186 2698 1343 2744 nostrae
1361 2696 1554 2759 Reginae
1575 2711 1679 2744 cum
1703 2697 1890 2746 illoruni
1956 2753 1960 2771 ἱ
1987 2742 1991 2747 .

119 2765 251 2828 Rege
269 2763 611 2810 matrimonium
635 2761 788 2823 potius
808 2762 980 2823 augeri,
1004 2777 1142 2825 quam
1159 2759 1375 2809 imminui
1396 2763 1457 2807 est
1479 2763 1717 2823 aequum.’'

106 2864 110 2867 -
183 2829 333 2877 XLV.
367 2828 542 2874 Eodem
565 2841 751 2888 quoque
773 2826 848 2872 die
870 2825 994 2872 idem
1032 2823 1226 2872 foecialis
1247 2825 1420 2878 retulit,
1466 2824 1614 2887 pridie
1647 2825 1772 2872 illius
1794 2824 1891 2883 diei
1915 2845 1917 2848 ¹
1952 2833 1961 2847 ³

118 2890 381 2956 procerum,
405 2891 689 2952 aliorumque
711 2888 882 2936 civium
925 2888 1282 2952 frequentiflimo
1303 2889 1492 2935 consilio
1528 2888 1779 2952 persuasum
1802 2891 1891 2937 effe
1939 2910 1945 2929 :

117 2958 275 3004 omnia
291 2955 513 3020 Regentis
531 2954 667 3009 dicia,
692 2951 826 3008 facta,
849 2954 1129 3014 consiliaque
1152 2968 1320 3000 meram
1359 2952 1556 3016 speciare
1579 2954 1884 3015 tyrannidem.

116 3021 269 3085 Igitur
291 3022 523 3068 decretum
559 3018 728 3064 facturn
749 3017 808 3065 de
829 3018 1096 3081 abrogando
1115 3017 1160 3065 ei
1194 3017 1470 3081 magistratu,
1505 3016 1582 3065 cui
1605 3017 1794 3065 universi
1837 3031 1891 3066 ut
1945 3024 1961 3081 η’,

111 3085 346 3147 justissimo
387 3082 738 3146 subscripserunt
761 3099 773 3130 :
809 3083 1183 3147 legationemque
1211 3079 1253 3128 ei
1283 3097 1311 3128 a
1330 3097 1518 3145 genero,
1548 3087 1591 3132 &
1616 3081 1713 3138 filia
1731 3082 1888 3130 datam
1906 3117 1916 3125 i
1958 3135 1959 3139 Ἰ

117 3150 434 3203 inhibuerunt,
456 3153 651 3210 eamque
672 3161 756 3209 pro
795 3146 991 3210 imperio
1032 3145 1280 3209 quicquam
1311 3161 1446 3210 agere
1467 3157 1726 3200 vetuerunt,
1749 3145 1901 3208 usque,
1968 3158 1971 3162 '

117 3215 176 3259 ad
199 3214 458 3276 generalem
481 3212 696 3263 ordinum
720 3221 997 3259 conventum
1027 3211 1086 3258 ab
1105 3209 1212 3284 ipsis
1234 3208 1316 3257 ubi
1338 3209 1637 3258 commodum
1659 3209 1778 3257 foret
1815 3210 1894 3256 iri-²
1950 3263 1981 3269 ,-

117 3277 382 3324 dicendum.
410 3293 465 3341 25
491 3288 644 3324 autem
685 3274 762 3331 die
796 3291 1005 3338 proceres
1038 3271 1271 3334 foecialetn
1301 3273 1517 3322 miserunt
1552 3273 1767 3328 Letham,
1805 3271 1890 3338 qni¹
1947 3279 1949 3286 '

117 3340 331 3387 omnibus
359 3341 508 3388 Scotis
528 3339 844 3394 denunciaret,
869 3351 920 3388 ut
940 3339 1060 3387 intra
1080 3337 1271 3402 spatium
1295 3355 1356 3401 24
1372 3338 1587 3385 horarum
1627 3353 1686 3384 ex
1707 3336 1896 3401 oppido*

117 3402 417 3458 discederent,
433 3404 565 3467 seque
586 3403 646 3451 ab
662 3403 942 3451 eversoribus
959 3402 1182 3451 libertatis
1199 3399 1724 3467 publicae‘segregarenti
1780 3399 1884 3449 Post
1950 3411 1963 3433 '·
1979 3388 1989 3394 ’

118 3466 199 3512 has
239 3469 620 3516 comminationes
655 3467 1002 3516 excurrentibus
1040 3467 1254 3530 utrinque
1272 3464 1529 3530 equ-itibus,
1554 3465 1745 3520 bellum,
1769 3463 1885 3510 citra
1946 3470 1966 3494 ·'

118 3542 273 3578 tamen
308 3544 523 3592 magnam
563 3531 738 3578 caedem
774 3531 1059 3579 commifl'um
1076 3531 1152 3578 est.
1219 3531 1276 3578 In
1293 3530 1382 3577 hoc
1403 3546 1552 3578 rerum
1577 3527 1881 3593 gerendarum

116 3593 253 3641 initio
267 3603 418 3640 tantus
440 3592 490 3639 in
511 3595 650 3640 castra
668 3594 905 3642 vindicum
927 3595 1153 3642 libertatis
1173 3606 1361 3658 repente
1383 3606 1524 3641 terror
1545 3589 1723 3643 incidit,
1759 3599 1808 3635 ut
1828 3591 1883 3638 &-
1954 3639 1958 3643 ,

116 3656 385 3724 praeseutem
405 3655 569 3706 statum
588 3655 883 3711 vehementer
917 3658 1221 3724 perturbaret,
1243 3663 1286 3706 δε
1317 3656 1442 3723 spem
1461 3669 1647 3705 omnem
1667 3652 1886 3724 successus
1934 3717 1935 3721 Ἰ

1834 3730 1886 3763 m
