2006 3858
292 128 586 193 Lmen
660 129 1588 196 DECIMUSSEPTIMUS.
1688 147 1824 208 517

69 225 159 274 {ica
179 225 511 277 exutus‚etiarn
537 242 593 270 ne
616 227 825 272 molestus
848 241 996 271 rerum
1020 224 1288 270 secretarum
1326 222 1491 269 arbiter
1512 224 1633 276 esset,
1672 222 1825 273 hieme

72 288 310 351 aspezrima
332 288 540 335 Peblium
563 290 765 336 detrusus
785 291 860 343 est,
886 289 1055 352 exiguo
1073 290 1340 343 admodum,
1365 300 1501 350 atque
1517 287 1637 333 intra
1675 289 1828 349 priva-

71 367 220 400 mrum
241 352 544 412 complurium
568 353 837 414 dignitatem
867 353 1085 399 comitatu
1108 352 1154 398 in
1178 353 1377 415 praedam
1400 352 1567 406 verim,
1587 369 1723 414 quam
1748 371 1832 400 au-

72 417 276 479 cupium.
310 417 486 463 Eisdem
513 417 673 462 diebus
699 432 821 463 tanta
837 419 905 462 vis
928 416 1043 463 nivis
1066 417 1092 463 ὲ
1111 420 1226 463 coelo
1249 416 1437 471 decidit,
1464 429 1512 462 ut
1533 416 1577 462 in
1603 416 1713 462 Iocis
1735 435 1831 465 non

71 483 318 527 admodum
343 481 552 543 copiosis,
578 487 619 526 &
643 495 858 542 praeterea
876 482 1114 527 latrocinio
1135 482 1303 527 infestis
1326 482 1468 528 homo
1483 481 1661 544 semper
1682 481 1729 526 in
1751 499 1833 528 au·

74 547 119 591 la
140 550 374 599 educatus,
395 552 434 590 δε
456 545 597 590 victui
637 545 885 591 liberaliori
907 546 1092 591 assuetus
1120 547 1180 590 ob
1200 550 1345 591 rerum
1371 546 1708 592 necessariarum
1730 563 1840 607 poe.

74 608 250 656 nariam
276 610 529 671 periculum
554 609 733 663 adiffet,
752 609 830 655 nifi
849 609 970 655 casus
1001 611 1057 654 eo
1081 610 1384 655 Orcadensem
1405 610 1630 656 detulifl'et
1653 611 1838 674 Episco-

1 670 4 673 ’
74 689 202 736 pum.
245 675 289 720 Is
320 676 522 720 locorum
548 690 735 736 gnaruS,
752 673 848 720 vini
871 672 1100 728 nonnihil,
1124 685 1258 735 atque
1280 675 1474 720 aliorum
1498 688 1848 724 commeatuum·

74 739 122 784 in
145 738 270 783 suum
295 738 417 784 usum
442 740 667 784 attulerat.

139 803 244 848 LV.
279 803 382 848 Nec
421 803 506 848 hac
528 803 703 848 ratione
727 813 904 847 tantum
928 802 1109 864 Regina
1144 801 1372 848 Davidem
1398 802 1423 849 ὲ
1446 803 1531 850 suae
1553 804 1842 853 obscuritatis

71 865 258 913 latebris
281 868 549 928 producere,
571 871 614 915 ἃ
642 867 860 913 ostentare
881 868 1053 928 populo
1094 871 1311 912 contenta
1330 866 1464 913 aliam
1487 870 1606 915 viam
1641 886 1745 914 eum
1766 888 1844 916 or-

23 952 26 953 ’
75 930 427 978 ιιᾶηάὶνὴοηοῑε
464 932 712 976 domestico
745 932 806 977 est
856 942 1131 976 commenta.
1200 933 1321 977 Cum
1353 931 1450 989 jam
1493 947 1625 978 antea
1660 934 1841 996 Regina.

78 1011 160 1057 per
182 994 361 1057 aliquot
381 996 548 1041 menses
571 995 702 1041 solito
718 998 866 1058 plures
880 996 935 1041 ad
952 996 1145 1042 mensam
1169 996 1289 1041 suam
1311 995 1564 1051 adhiberet,
1591 1013 1639 1045 ut
1657 999 1702 1044 in
1725 1000 1846 1045 mul-

76 1059 273 1106 titudine
288 1061 439 1106 saltem
465 1061 590 1105 locus
615 1059 787 1107 Davidi
812 1060 960 1105 minus
979 1060 1227 1105 invidiosus
1242 1061 1346 1121 esset
1371 1079 1383 1107 ε
1414 1063 1502 1106 -hac
1524 1063 1847 1124 popularitatis

76 1123 229 1186 specie
243 1136 338 1169 rata
356 1125 414 1170 est
438 1124 554 1178 fure,
581 1138 628 1169 ut
646 1124 886 1170 insolentia
907 1124 1147 1185 speEtaculi
1170 1125 1485 1170 convicto-rum
1529 1127 1844 1183 multitudine,

80 1195 120 1233 ὅσ
139 1187 408 1250 quotidiana
427 1189 754 1236 consuetudine
779 1190 1015 1250 paululum
1039 1190 1280 1242 levaretur,
1305 1196 1346 1235 δε
1370 1191 1583 1235 stomachi
1604 1192 1845 1238 hominum

79 1251 233 1298 sensim
255 1253 561 1307 assuescerent,
589 1253 842 1314 utrquidvis
864 1253 963 1314 pati
1001 1254 1192 1314 possent.
1221 1285 1223 1287 .
1261 1254 1473 1300 Tandem
1497 1257 1554 1301 eo
1575 1270 1845 1317 perventum

79 1318 158 1371 est,
186 1316 329 1367 utille
352 1333 453 1363 cum
478 1333 584 1370 ωηο,
611 1328 748 1378 atque
771 1319 912 1362 altero
934 1316 1230 1378 quotidianus
1244 1319 1610 1365 convifiloress‘et.
1680 1322 1748 1367 Ut
1765 1338 1849 1367 aua

41 1406 46 1409 »
80 1395 171 1427 tem
198 1381 503 1443 lociangustia
525 1381 634 1427 saeli
652 1381 850 1442 quadam
874 1398 930 1426 ex
953 1395 1079 1443 parte
1095 1381 1320 1429 minueret
1351 1382 1595 1438 invidiam,
1635 1401 1850 1432 nonnun-

81 1462 218 1508 quam
242 1446 289 1492 in
313 1447 480 1492 cellula
501 1446 686 1508 exigua,
711 1446 940 1492 interdum
964 1447 1085 1507 apud
1109 1446 1254 1508 ipsum
1280 1447 1511 1493 Davidem
1534 1450 1683 1511 epulae
1706 1467 1849 1512 appa-

77 1513 309 1559 rabantur.
379 1510 467 1556 Sed
487 1510 582 1555 haec
604 1510 791 1556 invidiae
815 1510 1079 1556 minuendae
1099 1511 1301 1558 remedia
1321 1511 1561 1559 infamiam
1600 1517 1848 1577 augebant,

78 1573 349 1636 suspiciones
391 1574 593 1629 alebant,
634 1580 673 1620 δι
716 1574 894 1620 sinistris
913 1575 1194 1633 sermonibus
1229 1575 1464 1624 materiam
1484 1577 1850 1640 suppeditabant.

83 1638 277 1685 Acceffit
298 1640 356 1685 ad
378 1639 731 1699 hominumjam
768 1639 816 1685 in
835 1640 964 1701 pejus
987 1640 1216 1701 proclives
1234 1642 1537 1705 cogitationes
1559 1642 1852 1692 inflamman-

83 1703 181 1757 das,
202 1704 330 1764 quod
351 1703 637 1764 supellectili,
661 1705 786 1749 cultu
806 1703 1027 1765 corporiS,
1046 1721 1272 1765 equorum
1295 1712 1342 1755 &
1366 1723 1551 1768 genere,
1593 1714 1633 1753 δε
1660 1725 1856 1758 numero

80 1768 223 1829 longe
246 1769 423 1830 Regem
439 1766 692 1826 superabat.
764 1769 969 1829 Qae-res
993 1770 1049 1815 eo
1070 1768 1312 1817 videbatur
1333 1770 1588 1834 indignior,
1610 1774 1732 1834 quod
1757 1791 1851 1823 non

84 1832 251 1878 faciem
277 1835 346 1892 (r)
371 1831 652 1885 honestabat,
688 1831 762 1877 sed
786 1831 924 1877 facies
962 1833 1140 1879 cultum
1163 1835 1434 1882 destruebat.
1504 1837 1654 1899 Igitur
1674 1839 1855 1900 Regina

81 1911 190 1941 cum
214 1910 387 1941 naturae
408 1895 521 1941 vitia
535 1912 629 1942 non
663 1898 804 1958 posset
821 1897 1080 1951 emendare,
1105 1898 1299 1954 divitiis,
1323 1902 1371 1947 δε
1395 1900 1645 1948 honoribus
1689 1919 1853 1950 cumu-

85 1959 234 2006 landis
260 1963 330 2021 (z)
372 1960 419 2005 in
439 1960 703 2022 supremum
721 1960 931 2007 ordinem
952 1979 1058 2007 eum
1081 1962 1242 2010 nititur
1262 1965 1545 2026 protrahere,
1571 1979 1620 2012 ut
1643 1968 1858 2016 nascendi

82 2023 415 2087 humilitatem,
440 2028 481 2069 ἃ
512 2024 714 2086 corporis
737 2024 850 2071 vitia
873 2025 1072 2072 fortuitae
1095 2028 1314 2075 claritatis
1336 2028 1529 2076 obtentu
1552 2042 1680 2093 tegat-
1702 2050 1713 2078 ε
1747 2048 1855 2080 cum

87 2091 149 2135 ob
168 2088 273 2143 alia,
298 2102 393 2135 turn
420 2089 618 2135 maxime
661 2102 710 2136 ut
736 2090 811 2149 jus
829 2089 1031 2153 suffragii
1051 2090 1099 2136 in
1119 2107 1349 2140 conventu
1386 2095 1576 2156 publico
1609 2099 1784 2152 naclus,
1807 2097 1858 2145 id

29 2184 34 2188 ,
87 2154 324 2200 confilium
360 2153 415 2200 ad
452 2153 647 2216 Reginae
669 2167 830 2201 nutum
855 2154 1167 2219 circumagere
1185 2161 1342 2219 poffet.
1413 2160 1501 2206 Sed
1530 2177 1637 2207 curn
1652 2178 1730 2223 per
1753 2180 1859 2226 gra„

88 2219 173 2265 dus
196 2219 301 2264 effet
319 2219 682 2280 promovendus,
712 2220 769 2265 ne
799 2220 951 2281 inopS‚
986 2225 1026 2266 δε
1070 2223 1375 2269 mercenarius
1397 2223 1573 2271 senator
1609 2226 1858 2283 videretur,

87 2282 264 2346 primus
285 2282 332 2328 in
349 2299 510 2346 agrum
534 2283 822 2348 Edimburgo
839 2285 1043 2331 vicinum
1065 2285 1266 2348 impetus
1289 2290 1350 2334 est
1371 2288 1531 2335 faetus.
1576 2291 1862 2340 Malvillium

91 2347 221 2394 Scoti
241 2360 421 2406 vocant.
489 2347 722 2394 Dominus
746 2349 862 2411 agri,
887 2355 926 2395 δι
949 2351 1020 2411 (3)
1041 2350 1220 2398 domini
1256 2352 1396 2408 socer,
1421 2354 1593 2417 aliique
1614 2356 1696 2418 qui
1718 2358 1863 2418 pluri-

19 2417 38 2435 *
90 2427 220 2458 mum
244 2413 366 2473 apud
388 2427 493 2458 eum
516 2425 744 2474 poterant,
765 2412 899 2459 amici
922 2428 1249 2463 convocantur.
1317 2420 1439 2464 Cum
1479 2418 1671 2465 domino
1693 2422 1795 2484 agri*
1813 2440 1865 2472 a-

89 2476 160 2540 git
182 2476 379 2540 Regina,
405 2488 454 2523 ut
476 2477 651 2538 praedio
671 2479 855 2524 cederet
879 2496 891 2524 :
924 2493 1030 2524 cum
1052 2479 1222 2535 socero,
1250 2485 1299 2531 ὃς
1322 2482 1500 2538 amicis,
1527 2496 1575 2530 ut
1614 2485 1643 2529 d
1670 2486 1863 2534 domino

26 2594 30 2601 Ι
91 2540 427 2604 persuaderent.
497 2541 586 2588 Sed
608 2557 712 2588 cum
758 2559 917 2604 parum
941 2559 997 2589 ex
1018 2542 1241 2592 sententia
1272 2563 1342 2593 res
1372 2550 1656 2610 procederet,
1681 2552 1864 2614 Regina

27 2641 30 2643 -
90 2621 191 2652 eam
215 2605 438 2668 repulsam
460 2605 508 2651 in
529 2605 651 2652 suam
687 2608 1015 2654 contumeliam
1044 2607 1432 2674 interpretabatur
1455 2630 1466 2659 :
1503 2619 1544 2662 δε
1565 2615 1695 2676 quod
1717 2617 1864 2681 magis

24 2701 27 2705 -
93 2682 190 2729 erat
211 2669 412 2724 exitiale,
445 2669 596 2717 David
618 2670 672 2718 id
690 2671 875 2718 moleste
897 2672 1019 2719 tulit.

148 2735 289 2782 LVI.
323 2735 506 2797 Vulgus
527 2738 702 2798 (neque
724 2737 846 2783 enim
870 2737 1057 2785 obscure
1079 2741 1179 2788 haec
1193 2742 1512 2806 agitabantur)
1529 2743 1766 2806 praesentia
1786 2745 1867 2793 de-

93 2799 289 2863 plorare,
313 2798 471 2861 pejora
491 2799 571 2846 ind
592 2816 638 2846 es
658 2801 873 2857 ominari,
897 2804 926 2848 ss
949 2804 1002 2849 ad
1027 2806 1163 2868 egeni
1185 2808 1424 2855 nebulonis
1449 2807 1691 2854 libidinem
1713 2809 1870 2858 homi-

94 2881 172 2912 nes
197 2864 386 2926 antiqua
418 2864 679 2921 nobilitate„
702 2872 741 2912 δι
765 2866 887 2913 fama
910 2868 1098 2917 illustres
1123 2872 1348 2933 majorum
1370 2872 1548 2918 sedibus
1571 2874 1869 2923 extruderen-

93 2940 187 2976 tur.
255 2927 400 2975 Multi
433 2929 570 2976 etiam
610 2934 635 2977 e
656 2929 905 2978 senioribus
936 2934 1160 2982 memoria
1189 2938 1475 2998 repetebant,
1514 2940 1565 2986 &
1586 2938 1869 2986 sermonibus

93 2992 387 3064 celebrabant
422 2992 472 3040 id
495 3007 692 3056 tempus,
717 2997 1160 3054 cumcocheranus,
1204 3000 1349 3064 Regis
1368 3001 1506 3047 fratre
1530 3018 1610 3063 per
1642 3001 1869 3052 summum

28 3097 31 3100 .
59 3112 66 3115 J
92 3057 235 3104 {celus
273 3056 438 3112 occiso,
481 3057 506 3104 ἐ
550 3066 720 3106 latomo
743 3062 912 3109 Comes
935 3063 1122 3110 Marriae
1155 3064 1298 3112 faElus
1323 3065 1433 3111 belli
1453 3065 1602 3112 civilis
1624 3081 1679 3112 ea
1699 3068 1888 3116 excita-n

94 3122 165 3168 vit
186 3121 415 3177 incendia,
454 3139 558 3186 quae
594 3137 741 3171 morte
764 3126 924 3189 Regis,
960 3134 1000 3173 δι
1018 3144 1137 3190 pene
1158 3128 1291 3191 regni
1311 3129 1499 3176 interitu
1522 3129 1623 3177 sunt
1642 3131 1869 3181 restincta.

15 3233 21 3240 ,
93 3185 218 3235 Haec
235 3200 340 3235 cum
358 3186 511 3252 palam
534 3187 708 3242 fierent,
729 3191 973 3252 multoque
991 3193 1125 3254 plura
1143 3192 1444 3239 clandestinus
1465 3210 1621 3241 rumor
1641 3196 1779 3257 (utin
1799 3215 1871 3246 re-

156 3313 217 3361 (1)
245 3313 393 3373 Vocem
427 3316 550 3353 cultus
584 3318 786 3359 addendam
833 3319 957 3359 censet
1064 3321 1127 3370 (2)
1148 3321 1209 3359 To
1222 3322 1338 3360 make
1351 3322 1434 3361 him
1447 3336 1467 3360 a
1482 3324 1559 3363 lord
1575 3325 1869 3377 osparliament.

100 3366 204 3406 Cras.
233 3366 291 3404 sed
309 3375 432 3415 potius
448 3380 556 3405 voces
587 3383 630 3404 ea
664 3384 718 3407 res
744 3371 955 3410 subintelli-
1065 3375 1126 3424 (3)
1155 3376 1251 3413 Lord
1269 3375 1363 3413 Ross
1381 3377 1426 3414 of
1443 3379 1597 3416 Hacket
1613 3380 1687 3419 had
1698 3386 1866 3422 ‘married

103 3423 247 3473 gendae,
301 3420 329 3456 i.
367 3432 400 3456 e.
458 3422 577 3458 cultus
611 3424 699 3459 adeo
733 3424 954 3473 splendidus,
1010 3425 1075 3464 the
1095 3428 1179 3464 heir
1196 3429 1234 3466 of
1251 3430 1328 3467 tuis
1349 3430 1485 3480 barony
1503 3433 1548 3469 of
1561 3433 1731 3482 Melviu,
1758 3436 1870 3486 being

101 3470 335 3520 magnificus,
354 3472 598 3522 sumptuosus.
633 3476 760 3515 Facies
777 3477 956 3527 fignificat
1007 3480 1055 3518 of
1068 3480 1132 3522 the
1153 3480 1252 3521 same
1269 3482 1424 3522 fir‘uame
1441 3484 1484 3523 of
1498 3485 1669 3526 Melvssh

27 3527 33 3533 ’
61 3536 63 3538 ’
98 3527 214 3570 {otius
233 3525 390 3579 corporis
406 3526 601 3569 formam„

1793 3595 1876 3644 bus
1922 3653 1924 3655 ‚
