2068 3868
417 155 742 226 Lrsstn
816 149 1497 227 ΠΝΞΞΕΟΞΜΠ3
1695 170 1827 247 305

56 264 118 314 ta,
146 257 192 304 in
237 254 527 304 familiarium
563 273 751 304 numero
782 276 887 305 eum
916 259 1119 313 haberet,
1144 256 1399 318 secretaque
1420 269 1523 301 cum
1554 268 1609 299 co
1634 254 1825 300 confina

61 325 432 369 communicaret.
477 323 644 367 Comes
668 336 818 368 autern
842 322 1057 383 obsequio
1076 326 1269 385 Regem,
1289 318 1561 367 liberalitate
1580 316 1820 365 ministros*

57 402 130 432 co.
133 387 291 460 niente,
313 393 352 433 &
375 386 589 431 modestia
609 389 791 442 cunctos
816 386 939 433 bret
928 403 943 430 1
962 388 1029 433 ita
1051 387 1129 434 fibi
1148 363 1369 438 devinxit,
1387 396 1435 430 ut
1452 383 1593 445 vulgo
1616 380 1818 427 mansue-

63 451 98 496 ti
117 452 256 497 animi
275 452 411 512 spem,
435 467 486 510 pr
492 439 804 496 udentioribus
826 462 998 497 metum
1023 451 1208 506 faceret,
1232 467 1324 513 quo
1348 459 1439 495 tam
1457 423 1697 510 repentina
1719 462 1822 491 mo·

60 531 160 560 rum
185 516 394 561 evaderet
419 514 625 559 mutrtio.

126 578 227 650 XX.
265 580 317 624 Iu
347 577 507 639 primis
537 572 798 632 Alexander
833 566 1129 633 levistonius,
1163 582 1209 626 St
1235 576 1496 624 Gulielmus
1524 569 1819 622 Ciichtonius

57 642 181 687 omni
188 660 212 687 a
229 643 323 703 eJ‘us
342 641 558 688 confilia
546 660 594 687 in
617 633 739 688 suam
761 641 804 703 s}
790 645 955 687 e6ta1e
977 642 1217 704 pernitiem
1239 643 1343 696 rati,
1365 638 1680 703 procuratione
1703 642 1821 701 pub·-

56 706 249 751 ficorum
281 723 517 752 munerum
543 707 743 758 deoofita
773 707 974 752 diverll
964 699 1145 758 iheum,
1182 707 1441 762 ΑΞεΧΞηᾲε(
1464 722 1507 750 m
1533 703 1606 761 sua
1631 721 1752 765 pre
1726 705 1819 757 lia,

58 770 135 815 G
127 769 356 816 lielmus
346 787 390 816 in
415 787 563 816 arcem
587 764 672 816 Edi
660 771 1012 833 mbulhgensem,
1041 772 1167 817 velut
1197 759 1496 832 Duglaffiane
1525 767 1821 826 simulationis

50 847 263 880 eventum
289 829 573 896 speculaturi.
643 835 746 881 Nec
768 831 931 880 fefellit
951 835 1155 881 homines
1158 834 1448 897 perspicaces
1471 845 1696 894 praecepta
1719 831 1825 894 opi-

54 897 149 943 nio.
195 885 318 944 Nani
345 896 542 961 Duglas7⁶
506 916 600 944 nus
624 896 818 962 Regem,
849 905 888 945 «St
911 901 971 945 ob
997 900 1116 945 aetati
1122 920 1138 945 s
1158 889 1348 947 infirmit
1353 911 1472 944 atem
1496 895 1676 942 adhuc
1665 903 1824 942 incau-

52 963 692 1012 tum.&1eniorumconfflio
710 965 817 1010 desti
806 976 969 1010 tutum
990 958 1161 1019 nanus,
1183 976 1372 1024 tempus
1383 963 1526 1008 adesse
1545 975 1663 1006 ratus
1690 951 1823 1007 ulcis-

49 1019 185 1072 cendi
215 1041 402 1072 mortem
423 1041 520 1089 cati
528 1031 596 1074 uel
601 1030 712 1082 ium,
731 1020 863 1076 facile
878 1025 998 1092 Regi
1022 1046 1100 1090 per
1083 1028 1271 1080 suadet,
1290 1041 1336 1072 ut
1352 1026 1639 1072 Gulrelrnum
1657 1021 1825 1071 Crich-

49 1091 145 1136 toni
153 1107 247 1145 um,
269 1097 308 1138 δε
329 1073 639 1139 Aleitandrux‘n
660 1095 753 1139 Lev
758 1093 965 1139 istonium
985 1109 1087 1137 cum
1104 1092 1281 1137 duobus
1303 1091 1398 1151 ejus
1419 1090 1521 1136 filiis
1539 1090 1821 1145 Alexandro,

51 1158 101 1202 ὅ(
125 1157 293 1201 [acobo
327 1155 466 1218 inJ'us
499 1158 553 1203 ad
588 1157 628 1203 se
663 1172 811 1230 vocet,
851 1168 896 1202 ut
933 1157 1154 1202 rationem
1180 1155 1266 1200 suae
1300 1150 1693 1200 administrationi
1717 1154 1823 1200 red}-

50 1211 226 1266 derent.
294 1221 362 1266 Εὸ
392 1221 652 1282 Γρεξὶεὼειη(
678 1222 772 1281 ejus
799 1214 999 1283 consilia,
1035 1232 1082 1280 ut
1108 1220 1136 1265 ΓΞ
1159 1218 1424 1265 accederent
1451 1219 1501 1263 ad
1533 1218 1699 1272 aulam,
1729 1217 1818 1264 suae

53 1281 261 1330 fastionis
284 1277 446 1347 opibus
466 1299 540 1331 eos
563 1287 869 1347 opprimeret:
893 1278 954 1331 sin
978 1284 1132 1331 venire
1155 1284 1421 1343 abnuerent,
1445 1273 1588 1328 hostes
1611 1283 1825 1344 publicos

55 1346 305 1395 declaratos
336 1349 473 1412 Regii
504 1351 701 1396 nominis
725 1350 988 1398 annositate
1017 1349 1102 1395 suis
1125 1340 1289 1411 opibus
1312 1351 1550 1410 praetenta,
1586 1354 1661 1392 eos
1685 1346 1826 1394 facile

53 1426 126 1457 om
137 1413 265 1459 nibus
285 1414 414 1460 bonis
434 1428 669 1461 everteret.
722 1414 865 1461 Citati
889 1431 970 1476 per
989 1414 1141 1460 literas
1163 1412 1505 1475 responderunt,
1530 1408 1572 1456 se
1594 1409 1708 1456 nihil
1736 1429 1820 1458 un-

52 1493 189 1537 quam
208 1477 346 1541 Regis
353 1477 593 1542 ,regnique
613 1479 751 1526 salute
768 1479 967 1525 habuisse
982 1476 1241 1540 antiquius:
1260 1474 1569 1538 magistratus
1556 1487 1619 1521 lta
1636 1464 1823 1538 gestisse,

0 1546 11 1558 '
53 1553 101 1586 ut
122 1542 234 1588 nihil
250 1543 407 1603 optabi
413 1545 498 1589 lius
518 1545 625 1606 ipsis
644 1545 727 1590 effe
739 1545 895 1606 posset,
915 1560 1052 1606 quam
1078 1556 1128 1588 ut
1150 1541 1596 1588 rationesredderent
1613 1542 1731 1602 apud
1760 1558 1822 1587 ae-

53 1622 168 1665 quos
193 1607 389 1680 judices.
466 1609 675 1654 Verum
664 1626 710 1654 m
735 1609 968 1679 praesentia
989 1624 1092 1653 cum
1122 1606 1347 1659 omnium,
1378 1604 1720 1667 quijudicaturi
1746 1605 1821 1652 fo-

50 1683 168 1723 rent,
191 1671 331 1717 animi
355 1671 472 1718 fint
461 1672 753 1733 inimicorum
777 1684 888 1734 grat:
884 1688 937 1726 a,
956 1675 1004 1721 δε
1028 1669 1349 1734 largitionibus
1373 1669 1696 1731 praeoccupati,
1718 1685 1822 1716 om·-

49 1750 132 1778 nes
156 1735 304 1782 aditus
338 1736 518 1781 armatis
542 1736 732 1807 obsepti,
766 1736 944 1782 veniam
971 1736 1051 1782 fibi
1073 1735 1287 1786 dandam,
1321 1750 1413 1780 non
1435 1733 1560 1797 qubd
1589 1733 1822 1794 judicium

54 1797 343 1860 defugerent,
368 1799 441 1846 fed
466 1799 656 1846 hostium
677 1800 936 1862 capitalium
958 1800 1190 1846 violentiae
1210 1794 1250 1844 se
1274 1799 1496 1845 subtrahe
1498 1811 1600 1851 ent,
1618 1815 1668 1844 ac
1687 1798 1823 1845 meli-

47 1862 207 1907 oribus
229 1864 510 1925 temporibus
534 1864 673 1912 vitam
697 1865 801 1912 suan
804 1883 817 1910 Ξ
841 1858 1128 1920 reservarent,
1150 1865 1259 1910 dum
1284 1857 1460 1924 pulsis
1443 1880 1468 1907 a
1491 1863 1628 1908 latere
1651 1862 1824 1923 princi-

50 1925 123 1985 pis
143 1926 369 1973 latronum
390 1928 600 1982 ducibus,
621 1931 744 1991 quod
764 1929 877 1989 saepe
896 1928 1046 1975 dubiis
1066 1928 1347 1990 temporibus
1366 1940 1496 1973 antea
1514 1919 1731 1981 fecissent,
1749 1927 1823 1974 su-

52 2005 127 2035 am
148 1990 457 2038 innocentiam
480 1994 617 2054 Regi,
642 1992 942 2056 omnibusque
967 1993 1095 2039 bonis
1119 1986 1439 2055 approbarent.
1506 1984 1613 2037 Hoc
1635 1991 1821 2054 respon-

53 2052 100 2099 so
124 2068 341 2113 accaepto,
367 2047 625 2120 Duglallius
654 2070 899 2112 conventu,
924 2058 1004 2120 qui
1027 2058 1083 2103 ad
1108 2056 1390 2104 Sterlinum
1378 2074 1426 2103 1n
1458 2064 1672 2118 quartum
1697 2056 1823 2103 diem

55 2118 334 2166 Novembris
366 2102 562 2168 Ξῃὰίξὶυε
585 2135 679 2168 erat
701 2123 859 2169 habito
889 2134 1033 2177 curat,
1069 2135 1116 2168 ut
1136 2121 1206 2168 illi
1229 2122 1370 2168 hostes
1394 2119 1569 2183 publici
1600 2112 1823 2168 denunci-

49 2196 200 2238 entur,
226 2185 434 2247 bonaque
456 2187 762 2258 publicentur.
807 2188 1026 2233 Ioannem
1051 2179 1318 2234 Frostarium
1339 2184 1728 2235 Cristorfinianum
1748 2186 1821 2233 su-

51 2265 127 2294 um
159 2249 373 2296 clientem
402 2251 457 2297 ad
481 2268 639 2312 corum
661 2268 792 2314 agros
819 2252 1185 2323 depopulando-s,
1209 2250 1454 2312 bonaque
1443 2266 1489 2295 m
1514 2249 1666 2295 fiscum
1693 2250 1820 2297 redi-

48 2314 200 2384 genda
221 2329 327 2371 cum
344 2315 487 2377 copiis
507 2317 608 2362 mit
614 2315 664 2362 it.
700 2318 742 2362 Is
767 2332 888 2362 arces
909 2332 987 2378 per
1008 2315 1292 2362 deditionem
1314 2322 1527 2376 recaeptas
1546 2314 1713 2374 partim
1735 2316 1819 2361 de·

52 2377 256 2432 molitur,
290 2380 476 2453 partim'
483 2381 612 2427 novis
641 2378 854 2443 praefidiis
877 2392 1087 2443 occupat.
1155 2376 1455 2443 Populatione
1477 2378 1568 2425 late
1589 2378 1686 2425 susa
1708 2385 1818 2427 cum

52 2457 188 2488 nemo
207 2445 374 2490 resistet
359 2457 439 2498 et,
464 2444 697 2508 ingentem
723 2446 918 2507 praedam
944 2444 1106 2490 aufert.

117 2505 378 2555 XX1.Vix
400 2509 679 2571 Duglassiani
698 2509 737 2555 se
761 2520 1039 2571 receperant,
1059 2525 1164 2554 cum
1188 2504 1427 2554 Crichtoni
1435 2516 1485 2554 us
1503 2524 1558 2554 ex
1580 2507 1757 2560 amicis.
1776 2514 1819 2557 Sc

48 2571 293 2619 clientibus
316 2574 523 2620 omnium
544 2574 618 2636 spe
642 2573 829 2620 celerius
855 2573 1063 2619 confecto
1085 2572 1284 2619 exercitu
1310 2563 1532 2626 Frostarii‚
1558 2565 1818 2640 Duglaffia-

47 2653 308 2698 morumque
341 2654 472 2701 agros
511 2639 749 2698 percurrit,
784 2639 842 2684 ad
868 2638 1198 2692 Cristorfinum,
1226 2641 1296 2700 (1)
1334 2630 1735 2701 Strabroci'imque,
1755 2644 1815 2696 ¹&

52 2703 124 2764 (2)
150 2702 484 2779 Abercornum‚
504 2703 880 2766 Blaenessumque
903 2702 1094 2748 aedificia
1112 2701 1332 2756 incendit,
1345 2703 1574 2748 frumenta
1587 2702 1815 2765 corrupit,

48 2768 102 2816 ὃς
126 2783 265 2828 quam
300 2764 546 2813 maximam
579 2767 728 2829 potuit
748 2784 895 2814 omnis
917 2766 1097 2831 generis
1119 2766 1375 2829 praedam,
1361 2784 1408 2812 1n
1441 2783 1497 2812 ea
1513 2766 1741 2813 nobilium
1761 2784 1812 2813 e-

39 2846 239 2893 quarum
262 2848 447 2895 gregem
469 2831 654 2895 abegit:
679 2849 731 2878 ac
750 2833 894 2878 multo
918 2832 1089 2893 majora
1105 2848 1242 2893 quam
1265 2836 1531 2893 accaepera't,
1546 2824 1660 2877 hosti
1682 2833 1815 2879 dam-

49 2910 111 2940 na
146 2894 370 2956 rependit.
439 2896 758 2971 Duglaffius0
731 2914 895 2942 onarus
931 2895 1262 2944 Crichtonium
1292 2896 1452 2943 alienis
1482 2895 1645 2958 magis,
1669 2912 1812 2958 quam

49 2959 246 3021 propriis
265 2959 434 3006 viribus
453 2957 666 3015 fretum,
650 2973 697 3008 m
715 2938 884 3007 aomicos
901 2961 998 3022 ejus
1015 2956 1128 3006 iram
1148 2960 1302 3015 vertit,
1317 2978 1344 3006 a
1360 2960 1525 3022 quibus
1545 2962 1666 3004 clam
1683 2963 1812 3019 (nam

50 3024 204 3085 palam
227 3023 361 3086 pauci
380 3023 629 3085 audebant)
652 3025 777 3072 missa
793 3024 982 3073 senserat
1003 3019 1189 3072 auxilia.
1255 3021 1480 3087 Praecipui
1500 3034 1627 3069 erant
1643 3025 1713 3085 (3)
1734 3019 1814 3071 Ia·

109 3150 169 3199 (1)
197 3149 325 3188 There
342 3165 416 3189 was
433 3165 502 3190 one
521 3148 565 3191 {ir
581 3148 705 3205 James
732 3153 900 3202 Duglass,
955 3155 1082 3191 ΟΞὉΓς
1086 3167 1101 3191 3
1121 3140 1343 3204 patrimony,
1374 3151 1499 3189 before
1524 3150 1573 3188 he
1591 3156 1694 3192 came
1712 3161 1750 3192 to
1770 3154 1816 3193 be

52 3207 134 3245 lord
152 3204 197 3242 of
209 3205 408 3242 Strabrock
422 3206 555 3243 alittle
566 3206 689 3245 before
704 3206 779 3244 this
787 3207 899 3245 time:
954 3209 1029 3244 earl
1049 3207 1093 3244 of
1106 3208 1186 3244 Duo
1170 3207 1274 3254 lass.

47 3259 104 3297 he
123 3271 196 3296 was
206 3257 408 3294 descended
425 3258 470 3295 of
477 3272 497 3294 a
507 3256 642 3295 second
661 3259 723 3296 son
739 3253 784 3297 of
799 3260 903 3297 Wil-
1009 3260 1069 3308 (3)
1098 3261 1312 3296 November
1342 3271 1404 3306 17,
1435 3267 1571 3305 1444.
1608 3257 1735 3297 letters
1770 3260 1817 3299 of

54 3313 148 3350 liam
174 3311 248 3347 first
268 3311 354 3347 lord
378 3310 538 3357 Duglass
568 3311 608 3348 in
648 3311 713 3354 the
746 3313 840 3361 days
863 3312 909 3349 of
955 3310 1161 3348 inhibition
1189 3312 1287 3348 from
1312 3311 1377 3348 the
1402 3308 1630 3348 convention
1657 3315 1728 3350 and
1747 3313 1808 3351 bi·-

54 3363 240 3402 Malcolm
265 3364 490 3408 Canemore,
514 3364 631 3402 called
660 3363 706 3400 fir
722 3364 898 3401 william
951 3363 1037 3412 stiop
1049 3364 1093 3400 of
1101 3365 1156 3401 St.
1174 3365 1356 3401 Andrews
1369 3376 1463 3401 were
1475 3361 1663 3412 presented
1680 3375 1720 3404 to
1735 3366 1804 3406 the

13 3458 17 3461 ,
46 3418 101 3456 ιοΓ
115 3415 372 3464 Glendinning
398 3429 407 3452 :
449 3416 494 3453 of
509 3416 592 3453 him
612 3418 805 3453 deicended
833 3417 899 3452 the
952 3415 1176 3463 magistrates
1209 3417 1255 3453 of
1282 3417 1492 3461 Aberdeen,
1525 3415 1569 3464 by
1593 3417 1671 3455 Mr.
1694 3419 1806 3467 Tho-

54 3470 245 3518 Duglasses
262 3469 308 3507 of
318 3469 465 3515 Calder,
496 3470 620 3516 Cleer,
639 3468 904 3518 Pompherston
957 3481 1036 3505 mas
1047 3469 1091 3505 of
1100 3469 1327 3518 Wynhame,
1341 3469 1434 3508 that
1435 3482 1484 3506 no
1496 3480 1671 3517 payment
1682 3463 1810 3511 should

53 3525 124 3561 and
140 3524 308 3571 Muri-ay.
961 3521 1003 3567 be
1034 3523 1139 3559 made
1170 3523 1215 3559 of
1236 3536 1305 3571 any
1333 3534 1508 3560 revenues
1536 3524 1744 3584 pertaining
1769 3529 1810 3564 to

111 3575 172 3626 (2)
216 3575 409 3616 Abereorn
442 3588 517 3616 was
561 3576 637 3614 carl
673 3575 799 3627 James
840 3574 906 3613 the
958 3572 1024 3612 the
1040 3574 1134 3625 king
1163 3584 1202 3615 to
1216 3575 1321 3615 these
1337 3575 1482 3627 persons
1512 3575 1595 3615 that
1612 3581 1697 3616 now‘
1716 3578 1812 3616 have

870 3652 980 3721 Qq
1747 3670 1830 3705 co-
