2025 3833
196 100 328 186 356
526 103 882 172 RERUM
971 100 1655 184 Sco-ricantia

198 215 354 256 natus,
370 216 462 248 non
492 210 642 247 tamen
675 216 727 244 ea
758 198 939 246 fortuna
971 210 1210 245 contentus
1239 199 1503 262 impetravit
1522 202 1737 258 edictum,
1760 220 1816 252 ne
1843 206 1946 270 quis

197 277 368 329 ,praeter
384 264 442 318 se,
464 263 645 324 suosque
663 262 851 308 comites
872 261 921 307 in
937 261 1002 307 eis
1026 261 1154 317 locis,
1178 262 1225 308 in
1247 264 1414 324 quibus
1436 264 1536 310 Rex
1551 263 1856 323 diversaretur,
1877 285 1950 316 ar-

203 341 283 375 ma
298 327 446 375 ferret.
461 327 529 374 Ut
547 325 715 373 icilicet
736 324 820 373 hac
838 325 1011 371 ratione
1034 321 1310 388 se,suamque
1328 324 1568 373 factionem
1587 326 1790 375 adversus
1812 331 1949 382 nobi-

208 391 383 440 litatem
401 387 700 436 communiret
721 405 732 434 ;
761 404 864 450 quae
887 394 926 434 &
946 387 1204 450 frequentes
1226 390 1413 436 {eorsum
1433 389 1652 437 coitiones
1678 390 1887 448 faciebat,
1907 400 1948 441 δε

208 470 436 502 armorum
458 465 623 497 terrore
643 450 1144 514 stipata'obambulabat
1162 471 1172 498 :
1198 451 1270 498 sed
1287 452 1335 499 id
1357 452 1556 499 edictum
1577 454 1714 516 longe
1731 454 1959 503 Ramisaeo

208 519 313 590 plus
336 516 443 576 odii.
471 513 605 575 quam
639 515 819 561 terroris
846 514 1107 562 conciliavit
1130 532 1141 560 τ
1177 520 1216 561 &
1234 515 1330 576 jam
1371 518 1440 578 (1)
1465 516 1708 563 manifestae
1730 516 1955 577 servitutis

209 595 365 639 imago
386 577 591 623 omnium
614 578 758 624 oculis
780 578 1112 625 obversabatur.
1975 597 1984 601 ·

273 643 401 690 LV1.
437 642 538 687 Rex
553 641 725 688 interea
745 640 859 688 nihil
878 641 1001 688 aliud
1023 642 1312 703 moliebatur,
1350 643 1488 706 quam
1513 655 1563 691 ut
1579 643 1780 692 animum
1799 645 1980 708 exple·-

208 698 280 756 ref
300 721 454 752 eorum
468 705 700 766 sanguine,
721 704 801 768 qui
818 705 1067 752 rebellandi
1089 707 1290 753 auftores
1322 707 1635 755 credebantur.
1702 710 1756 754 Id
1779 710 1881 755 cum
1909 709 1969 758 v'r

208 782 366 831 aperta
384 769 591 815 obtinere
612 785 702 817 non
726 769 882 831 poss‘et,
899 786 975 815 eos
998 782 1091 817 arte
1123 785 1281 832 capere
1301 770 1553 826 contendit,
1576 788 1681 819 cum
1705 771 1803 819 aliis
1823 784 1962 848 atque

207 833 310 881 aliis
330 832 371 881 se
387 830 727 880 reconciliatum
748 832 956 879 simulans
973 833 1181 889 comiter,
1199 850 1251 881 ac
1265 836 1401 896 paulo
1414 834 1551 882 etiam
1571 835 1800 890 blandius,
1816 852 1957 897 quam

207 897 465 961 principem
503 899 700 949 deceret,
739 896 1006 960 accipiebat.
1075 897 1222 953 Alios,
1256 914 1453 959 quorum
1486 898 1690 961 potentia
1711 899 1992 956 eminebat‚.

207 960 428 1024 praemiis,
453 965 492 1007 δι
514 960 762 1007 honoribus
785 960 1152 1022 prosequebatur.
1223 965 1292 1023 (2)
1317 962 1545 1009 Davidem
1570 962 1828 1010 Lindefium
1847 964 1961 1012 Cra-

210 1024 369 1072 fordiae
395 1023 622 1071 Comitem
644 1024 804 1070 ducem
822 1024 998 1071 Montis
1018 1026 1214 1072 rosarum
1228 1026 1445 1089 appellat,
1463 1025 1697 1073 hominem
1717 1026 1892 1090 magnis
1910 1044 1963 1077 o-

210 1088 346 1151 pibus
371 1099 696 1152 praepotentem
721 1086 802 1135 fibi
818 1088 1066 1153 adjungere
1089 1089 1284 1138 studens.
1353 1092 1423 1152 (3)
1458 1090 1716 1154 Georgium
1751 1091 1972 1154 Angufiat

210 1153 443 1201 Comitem
473 1154 593 1213 apud
615 1153 656 1199 se
693 1151 977 1212 frequentem
1000 1152 1211 1208 habebat,
1256 1160 1295 1199 δι
1326 1170 1430 1200 cum
1459 1170 1514 1200 eo
1543 1156 1670 1200 velut
1702 1154 1882 1216 penitus
1909 1154 1962 1214 in

208 1215 403 1281 gratiam
427 1228 608 1278 recepto
621 1215 785 1262 secreta
800 1216 985 1265 consilia
1000 1216 1382 1265 communicabat.
1448 1218 1552 1266 Nec
1575 1231 1726 1264 tamen
1742 1217 1963 1281 praemiis,

211 1295 298 1327 nec
320 1279 550 1326 blanditiis
572 1280 786 1343 cuiquam
810 1279 965 1326 sinceri
988 1280 1129 1327 animi
1152 1280 1288 1327 sidem
1311 1279 1519 1328 faciebat.
1587 1282 1709 1329 Nam
1732 1282 1812 1345 qui
1834 1282 1965 1345 inge·

209 1345 341 1391 nium
364 1345 458 1396 eius
482 1357 714 1397 noverant,
754 1359 842 1390 non
873 1342 1143 1392 dubitabant
1163 1346 1219 1392 eo
1256 1344 1449 1407 spectare
1470 1345 1596 1392 illam
1636 1344 1965 1402 benevolentiae

214 1397 564 1461 fimulat‘ionem,
597 1407 668 1453 vel
694 1420 741 1453 ut
762 1407 952 1454 seorsum
975 1408 1106 1462 alios,
1141 1424 1194 1455 ac
1222 1409 1388 1455 deinde
1410 1409 1521 1456 alios
1542 1409 1966 1472 comprehenderet,

210 1472 284 1517 vel
313 1487 517 1533 proceres
539 1470 656 1516 inter
677 1471 717 1517 se
739 1471 1046 1518 committeret
1070 1489 1081 1518 ε
1128 1474 1253 1534 ‘quod
1282 1472 1438 1533 utique
1461 1473 1710 1520 nobilitatis
1733 1473 1965 1536 principes

211 1534 486 1596 Edimburgi
510 1537 662 1580 nactus
680 1534 824 1597 magis
847 1534 1132 1596 perspicuum
1156 1534 1279 1581 fecit.
1347 1536 1580 1600 Duglaffio
1601 1536 1722 1582 enim
1744 1537 1789 1584 in
1812 1536 1977 1584 arcem'

212 1602 269 1646 ad
292 1599 333 1644 se
355 1609 531 1652 vocat0,
557 1597 874 1644 demonstravit
893 1598 1124 1661 egregiam
1148 1598 1229 1645 fibi
1245 1598 1291 1644 in
1312 1599 1547 1661 praesentia
1564 1599 1761 1646 oblatam
1786 1600 1965 1647 sumen·

212 1662 284 1708 dae
308 1660 493 1708 ultionis
516 1661 810 1707 occasionem.
895 1661 1242 1723 Comprehenfis
1275 1662 1397 1708 enim
1424 1662 1630 1709 factionis
1668 1662 1879 1717 ducibus,
1914 1679 1970 1720 ac

212 1725 437 1788 supplicio
459 1724 627 1771 affeflis
661 1737 845 1772 caeteros
867 1726 1205 1788 conquieturos.
1273 1726 1410 1773 Hanc
1437 1726 1824 1789 opportunitatem
1848 1729 1974 1787 ultro

215 1791 258 1837 se
281 1791 543 1837 offerentem
571 1790 600 1835 fi
624 1789 822 1842 omittat.
850 1789 1038 1835 similem
1058 1790 1207 1852 postea
1224 1788 1263 1835 se
1286 1806 1518 1852 nunquam
1540 1785 1728 1853 sperare.

279 1854 433 1900 LVll.
466 1853 738 1916 Duglassius,
782 1851 860 1915 qui
902 1853 1103 1900 animum
1128 1853 1267 1916 Regis
1294 1852 1439 1900 nihilo
1474 1853 1570 1907 fibi,
1609 1853 1748 1918 quam
1779 1854 1859 1902 reli
1899 1853 1991 1908 uis,

215 1917 509 1981 placatiorem
534 1915 715 1971 lciebat,
738 1915 972 1963 confilium
997 1931 1088 1965 tam
1111 1918 1309 1972 crudele,
1335 1922 1373 1963 δε
1395 1933 1593 1981 praeceps
1616 1918 1780 1968 callide
1806 1872 1990 1977 digus—¹

217 1982 287 2035 fir,
312 1981 600 2028 ratiocinatus
622 1980 761 2052 qu‘am
787 1993 933 2042 turpe,
957 1984 1007 2031 &
1037 1980 1308 2053 flagitiosum
1342 1981 1390 2027 id
1413 1981 1592 2029 facinus
1614 1982 1965 2045 omnesjudicae

217 2046 307 2091 turi
330 2046 482 2100 essent,
509 2046 537 2090 fi
560 2045 730 2091 indicta
751 2043 880 2090 causa
898 2056 965 2090 tot
986 2045 1192 2092 homines
1214 2045 1551 2108 claros‚quibus
1574 2045 1783 2108 promissa
1806 2058 1969 2118 praete-

216 2109 410 2156 ritorum
434 2109 565 2155 venia
584 2108 851 2154 conciliatus
873 2108 976 2154 esset
998 2125 1087 2155 nou
1110 2107 1172 2154 ita
1194 2108 1390 2170 pridem,
1430 2125 1551 2156 nunc
1580 2110 1668 2157 fide
1726 2110 1873 2158 ubhca
1893 2127 1969 2159 ac-

219 2187 351 2234 cepta
373 2173 545 2219 securos
563 2185 747 2234 repente
765 2172 819 2216 au
843 2171 1111 2235 supplicium
1143 2185 1333 2235 raperet.
1402 2173 1511 2219 Non
1533 2174 1654 2220 enim
1697 2190 1847 2221 croces
1870 2174 1970 2223 hofi-
1992 2205 1993 2209 =

216 2236 333 2283 tium
348 2237 519 2282 animos
540 2236 725 2282 interitu
745 2251 989 2296 paucorum
1014 2235 1202 2282 fractum
1218 2235 1289 2291 iri,
1310 2235 1383 2282 sed
1405 2236 1573 2283 violata
1593 2237 1725 2284 semel
1741 2237 1828 2284 fide
1846 2237 1972 2303 spem

216 2316 400 2347 omnem
426 2300 679 2346 concordia:
703 2299 978 2346 sublaturum
1002 2318 1012 2346 :
1045 2299 1366 2363 desperataque
1396 2299 1526 2348 semel
1546 2301 1678 2348 venia
1697 2302 1809 2348 iram
1834 2302 1880 2349 in
1899 2319 1970 2355 ra·

219 2363 341 2411 biem
363 2364 536 2412 versum
557 2362 629 2409 iri.
664 2362 777 2409 Inde
801 2363 1014 2425 majorem
1039 2363 1404 2418 obstinationem,
1427 2367 1474 2414 δι
1494 2364 1652 2428 Regiae
1674 2365 1977 2427 auctoritatis,

221 2433 262 2474 δε
288 2428 392 2475 vitae
415 2428 612 2491 propria:
631 2440 945 2489 contemptum
969 2428 1238 2474 secuturum.
1284 2427 1407 2474 Mihi
1427 2443 1534 2475 vero
1555 2429 1586 2475 si
1609 2427 1773 2483 credis,
1796 2427 1972 2493 inquit,
2002 2474 2003 2477 ,

220 2492 442 2538 rationem
463 2491 702 2553 inibo,qua
725 2491 841 2538 salva
859 2490 1005 2555 Regia
1021 2490 1246 2554 dignitate
1269 2491 1404 2541 etiam
1422 2490 1633 2539 vindietae
1654 2490 1973 2555 prospiciatur..
2007 2491 2010 2493 Δ

221 2556 326 2618 Ego
343 2555 463 2603 enim
487 2554 746 2601 convocatis
765 2554 940 2610 amicis,
957 2561 994 2602 Sc
1018 2555 1260 2603 clientibus
1280 2556 1336 2601 de
1358 2555 1448 2610 die,
1469 2561 1508 2603 δι
1522 2557 1672 2619 palam
1689 2555 1853 2617 injec'ta
1874 2572 1976 2612 mar

222 2635 303 2672 nu,
327 2635 419 2682 quo
441 2619 582 2674 voles,
605 2618 649 2664 in
669 2618 742 2678 jus
766 2619 960 2674 traham,
980 2623 1027 2669 ὃς
1049 2619 1204 2695 legum
1228 2635 1385 2682 poenas
1405 2633 1630 2680 expetam.
1698 2621 1753 2667 Id
1775 2635 1863 2667 non
1887 2621 1986 2674 he.-

223 2682 385 2728 nestius
409 2683 564 2735 modo,
590 2681 661 2728 sed
683 2688 720 2728 δι
746 2682 887 2728 tutius
910 2682 1013 2736 erit,
1035 2699 1174 2745 quam
1199 2683 1227 2731 fi
1253 2684 1368 2731 clam
1392 2683 1450 2733 de
1471 2686 1600 2731 nofte
1623 2685 1748 2731 velut
1785 2682 1810 2731 ὲ
1833 2684 1970 2746 latrq-
1990 2699 1995 2705 “

222 2746 356 2794 nibus
386 2745 574 2820 oppreffi
596 2744 894 2795 trucidentur.
961 2747 1061 2794 Rex
1092 2747 1323 2795 Comitem
1353 2764 1409 2804 ex
1445 2746 1599 2795 animo
1625 2747 1757 2812 loqui
1786 2747 1989 2810 creden&

223 2812 337 2870 (non
357 2826 477 2856 enim
502 2808 758 2872 ignorabat,
787 2826 890 2871 quae
914 2809 1204 2872 polliceretur
1224 2811 1343 2874 poss‘e
1365 2811 1585 2874 praestare)
1604 2810 1760 2876 gratiis
1782 2810 1826 2863 ei
1842 2809 1971 2875 affin,
2005 2807 2012 2812 “

221 2873 380 2921 multis
402 2873 616 2935 promiffis
634 2885 869 2919 oneratum
893 2872 1099 2920 dimittit.
1148 2873 1234 2921 Ille
1251 2873 1496 2925 admonitis
1513 2874 1793 2938 proceribus,
1815 2887 1867 2923 ut
1885 2872 1974 2938 im-
2000 2930 2003 2934 ,

222 2936 639 2999 ωἱηειιιῑρετίευὶο
661 2936 702 2982 se
719 2935 1044 2992 subtraherent,
1065 2936 1157 2999 ipse
1175 2953 1361 3001 quoque
1381 2937 1422 2985 se
1444 2938 1589 2987 statim
1609 2937 1841 2989 subduxit.

290 3002 398 3048 LV1
411 3002 468 3048 ΙΙ.
502 3001 578 3048 Ab
595 3017 650 3046 eo
668 2999 746 3052 'die
761 3001 860 3047 Rex
879 3001 974 3063 post
996 3002 1175 3048 occulta
1194 3001 1378 3049 consilia
1394 3001 1632 3066 patefaCta‚
1651 3001 1826 3051 nemini
1843 3000 1998 3063 deiri-2

224 3064 281 3111 de
306 3066 445 3111 fidens
463 3081 565 3112 cum
589 3065 646 3111 ad
670 3076 847 3127 tempus
863 3063 912 3110 in
933 3078 1033 3121 arce
1047 3064 1393 3130 Edimburgenfi
1412 3065 1452 3114 se
1468 3064 1769 3121 continuisset,
1786 3082 1902 3126 nave
1920 3081 1990 3132 ψ

220 3128 430 3194 regiones
464 3127 834 3195 transforthanas,
864 3144 968 3192 qua:
997 3128 1207 3180 adhucei
1228 3130 1466 3193 parebant,
1487 3132 1640 3178 vectus
1670 3129 1796 3194 brevi
1823 3129 2003 3196 firmas

275 3254 338 3303 (ι)
368 3256 459 3294 MS.
488 3256 692 3295 manifesta.
1119 3266 1188 3305 ter,
1208 3258 1273 3296 lib.
1300 3270 1362 3310 13.
1381 3273 1460 3310 cap.
1482 3271 1543 3312 35.
1562 3258 1621 3298 his
1639 3257 1700 3297 son
1720 3259 1865 3312 George
1881 3247 1970 3314 ψ’*
1993 3297 1996 3311 A

278 3309 341 3356 (2)
370 3311 429 3345 He
447 3309 522 3347 had
537 3323 583 3348 no
603 3310 697 3356 sonS,
719 3310 783 3349 but
801 3310 906 3350 three
923 3311 1063 3360 daugh·
1118 3313 1187 3349 ster
1203 3312 1384 3360 ofAngus
1403 3326 1475 3350 was
1492 3311 1611 3353 killed
1626 3320 1663 3349 at
1678 3313 1869 3358 Frowdon,
1880 3296 1975 3349 ἢὸ.

224 3367 310 3404 tem,
331 3360 365 3397 so
383 3362 441 3398 his
470 3363 617 3400 brother
633 3363 821 3402 succeeded
840 3365 928 3415 only
945 3375 983 3403 to
1000 3365 1065 3403 the
1090 3402 1094 3406 ,
1118 3364 1242 3413 might
1269 3365 1361 3402 have
1381 3365 1471 3403 been
1489 3366 1605 3403 called
1632 3366 1782 3416 Comes,
1802 3378 1839 3416 as
1856 3363 1966 3415 being

223 3412 310 3450 title
326 3413 370 3448 of
381 3415 469 3450 earl.
1122 3416 1398 3467 heir-apparent
1434 3430 1444 3452 τ
1487 3416 1546 3454 his
1570 3415 1748 3466 grandson
1773 3409 1988 3461 &cab-ald,

278 3461 296 3511 (
303 3463 344 3514 3)
372 3465 478 3502 Some
491 3468 612 3513 would
624 3468 719 3506 have
735 3483 777 3507 us
794 3471 878 3507 read
891 3469 1068 3507 Arcibal-
1121 3470 1278 3512 married
1293 3483 1411 3523 queen
1428 3469 1630 3521 Margaret.
1706 3477 1711 3487 ’
1787 3468 1806 3507 .'
1949 3473 1959 3483 ”

222 3516 328 3565 dum,
346 3517 558 3559 mentioned
577 3520 713 3571 before,
740 3535 819 3576 cap.
837 3534 905 3574 41,
924 3524 995 3569 and
1009 3522 1070 3562 af.-
1945 3525 1965 3545 ⁴

1813 3564 1992 3635 copias-.-
