2006 3858
309 148 611 213 Lrssen
668 144 1565 213 DecimusocrAvUS.
1715 149 1840 234 ²543

65 242 242 302 '³Yentia,
268 249 307 290 δε
329 243 376 288 in
400 242 625 303 posterum
650 243 1062 304 pollicitationibus
1085 260 1160 290 eos
1183 241 1528 295 confirmassent,
1553 241 1634 304 qui
1652 245 1722 289 vel
1748 263 1857 294 aue-

80 323 222 364 tores,
262 309 336 354 vel
375 303 542 352 conscii
585 307 744 367 Regiae
783 308 918 353 caedis
942 321 1086 362 erant,
1123 306 1486 368 conjurationem
1512 307 1692 367 majoris
1717 312 1859 370 partis

65 389 324 437 ⁴*procerum
344 371 545 417 facerent
570 387 581 415 :
616 372 782 431 quibus
806 370 910 420 freti
931 371 1127 433 reliquos
1152 371 1284 417 facile
1306 382 1652 421 contemnerent
1677 391 1687 418 :
1725 387 1802 419 aut
1824 375 1856 421 fi

84 436 412 500 pertinaciores
435 432 602 488 forent,
627 435 856 481 tollerent.
909 436 1061 498 Igitur
1082 434 1344 482 convocatis
1366 434 1698 496 compluribus,
1718 436 1859 499 scrip-

86 516 186 548 tum
209 502 271 548 eis
296 507 576 562 proponunt,
602 497 648 543 in
671 515 763 560 quo
787 499 936 559 capita
958 499 1136 545 inerant
1156 499 1358 551 foederis,
1397 498 1445 544 in
1470 499 1595 560 quod
1613 499 1819 561 jurarent
1845 522 1857 551 :

76 566 214 626 cujus
250 564 342 610 fere
361 562 536 609 summa
557 574 668 616 erat,
705 574 755 607 ut
794 562 1038 625 Reginam,
1082 569 1121 610 &
1148 562 1459 615 Bothuelium,
1486 562 1677 625 asiaque
1700 582 1862 614 eorum

85 629 243 675 omnia
266 638 499 674 tuerentur
526 641 536 668 :
579 626 743 688 illique
767 626 965 672 invicem
992 626 1317 672 foederatorum
1340 626 1489 681 saluti,
1531 631 1578 674 &
1603 631 1860 677 commodis

85 694 240 756 quoad
264 693 453 754 possent,
480 689 699 743 faverent,
728 696 765 736 &
790 691 1091 737 consulerent.
1162 690 1256 754 Qi
1281 692 1520 752 praesentes
1544 705 1670 739 erant
1693 711 1861 755 magna

86 774 190 821 pars
208 757 305 817 jam
327 768 459 802 antea
482 754 668 816 persuasi
692 753 995 802 subscribunt.
1024 755 1209 816 Reliqui
1233 769 1337 800 cum
1359 754 1632 818 flagitiosum
1652 754 1862 807 viderent

84 823 339 883 conjurare,
366 817 667 878 periculosum
693 820 908 873 abnuere,
930 823 979 868 ὃς
1002 819 1082 879 ipsi
1109 818 1414 872 subscripsere.
1471 822 1726 869 Accerl-itur
1750 825 1860 871 Mo-

80 887 254 938 raviu3‚
296 897 345 931 ut
366 884 462 944 ejus
486 883 725 931 auftoritas
768 887 893 944 (quae
917 883 977 928 ob
999 883 1214 929 virtutem
1248 882 1420 929 summa
1452 887 1568 943 erat)
1607 889 1859 937 accederet.

70 947 129 997 *Is
152 949 201 997 in
223 949 386 996 itinere
411 950 610 995 monitus
634 948 690 994 ab
714 947 890 1002 amiciS,
918 960 966 992 ut
989 948 1068 993 fibi
1093 947 1362 1001 consuleret,
1394 964 1507 994 neve
1532 949 1775 999 in'Setonii
1800 973 1862 999 εε-

81 1014 236 1067 dibus,
263 1014 310 1060 in
334 1013 503 1076 quibus
528 1011 724 1076 Regina,
750 1016 797 1062 ὃς
826 1012 1168 1073 conjuratorum
1201 1012 1430 1073 principes
1452 1027 1596 1068 erant,
1623 1020 1860 1077 pernot‘ta-

81 1091 187 1126 ret:
220 1078 294 1125 sed
334 1078 390 1132 ad
414 1074 722 1141 propinquam
745 1076 940 1136 alicujus
976 1077 1112 1122 amici
1145 1076 1299 1122 villam
1325 1075 1585 1124 diz'ferteret.
1654 1081 1862 1144 Respon-

77 1142 170 1196 dit,
194 1143 243 1188 id
267 1143 316 1188 in
359 1142 434 1188 sua
456 1144 673 1203 potestate
706 1158 796 1188 non
819 1139 933 1188 fore.
1001 1142 1178 1186 Verum
1219 1153 1451 1202 utcunque
1481 1159 1549 1188 res
1572 1144 1770 1198 caderet,
1818 1147 1861 1194 se

83 1208 206 1254 nulli
229 1223 426 1268 unquam
448 1207 626 1270 flagitio
649 1205 916 1252 assensurum
942 1221 952 1249 :
988 1220 1151 1251 caetera
1172 1205 1277 1250 Deo
1302 1204 1632 1264 permiffurum.
1678 1208 1752 1256 De
1775 1211 1867 1256 foe..-

83 1272 193 1318 dere
210 1285 395 1334 rogatus
419 1272 476 1317 ab
499 1269 675 1325 aulicis,
701 1270 867 1331 quibus
890 1269 938 1314 id
962 1268 1141 1331 Regina
1159 1269 1345 1314 dederat
1364 1271 1606 1332 negotium
1635 1289 1646 1318 :
1678 1274 1863 1326 respon·
1938 1290 1942 1294 ·

92 1336 162 1382 dit
181 1335 221 1382 se
241 1335 468 1395 necjuste,
495 1352 577 1381 nec
597 1334 778 1380 honeste
797 1349 903 1379 cum
920 1333 1100 1396 Regina
1122 1331 1216 1392 (cui
1237 1332 1284 1377 in
1301 1333 1432 1379 rebus
1448 1335 1661 1381 omnibus
1680 1329 1863 1385 obtem-

82 1417 241 1463 perare
263 1401 446 1458 debeat)
469 1398 619 1446 foedus
643 1399 763 1460 poffe
786 1397 949 1444 facere.
1019 1398 1138 1444 Cum
1165 1397 1410 1445 Bothuelio
1448 1398 1508 1451 se,
1541 1400 1721 1464 Regina
1754 1419 1864 1450 auc-

70 1476 185 1511 ‘tore
208 1463 502 1511 conciliatum
532 1482 542 1509 :
580 1462 803 1525 quicquid
823 1474 923 1509 ⁴tum
950 1461 1214 1524 promisisset
1251 1461 1308 1508 ad
1340 1479 1541 1525 unguem
1565 1463 1861 1516 servaturum.

85 1529 190 1576 Nec
215 1545 318 1575 cum
338 1544 415 1578 eo,
442 1544 524 1574 nec
548 1543 654 1574 curn
677 1528 768 1573 alio
791 1542 1026 1589 quoquam
1051 1526 1219 1576 foedus,
1252 1537 1329 1572 aut
1351 1527 1714 1589 conjurationem
1741 1531 1864 1578 face-

84 1611 132 1640 re
148 1594 194 1644 se,
214 1592 545 1655 aequum‚aute
571 1590 808 1654 republica
828 1591 1094 1637 existimare.
1118 1591 1238 1637 Cum
1261 1588 1343 1652 per
1364 1591 1543 1653 aliquot
1565 1593 1660 1640 dies
1683 1596 1868 1659 Regina

86 1658 218 1704 solito
242 1658 454 1703 blandius
477 1673 582 1703 eum
605 1657 932 1718 alloqueretur,
957 1671 1008 1701 ac
1032 1654 1073 1700 se
1095 1654 1388 1717 polliceretur
1411 1657 1467 1702 de
1490 1659 1704 1705 omnibus
1729 1661 1863 1708 rebus

82 1721 208 1768 suam
232 1720 498 1768 sententiam
522 1720 869 1782 explicaturam‚
910 1735 994 1766 nec
1027 1720 1178 1781 pudor
1200 1730 1353 1765 tamen
1375 1721 1531 1784 eloqui
1565 1724 1741 1777 flueret,
1784 1742 1865 1786 per

85 1785 335 1832 familiares
358 1785 561 1831 animum
587 1785 682 1846 ejus
700 1800 968 1847 oppugnare
988 1783 1197 1829 tentavit.
1249 1784 1318 1830 Hi
1342 1801 1528 1848 quoque
1550 1787 1644 1847 ejus
1669 1788 1714 1834 in
1739 1793 1862 1836 reeto

87 1851 381 1898 constantiam
402 1849 609 1902 reveriti,
626 1849 737 1911 quid
763 1860 970 1910 peterent
990 1849 1143 1909 palam
1167 1847 1373 1909 fateri(1)
1398 1867 1408 1895 ε
1431 1865 1538 1897 cum
1560 1852 1862 1901 nihil'tetlius

83 1915 267 1976 agendo
293 1913 579 1976 proficerent,
602 1913 786 1960 tandem
811 1912 1079 1959 Bothuelius
1098 1929 1202 1958 eum
1222 1914 1469 1976 aggressus,
1510 1915 1636 1962 vario
1659 1917 1864 1965 sermone

83 1980 146 2025 eo
168 1980 228 2025 est
251 1979 521 2042 progressus,
562 1991 614 2023 ut
648 1978 820 2023 diceret
841 1977 881 2023 se
906 1976 1080 2022 facinus
1106 1976 1225 2022 illud
1249 1993 1330 2023 nec
1347 1985 1349 1988 '
1365 1977 1540 2039 sponte,
1567 1996 1650 2028 nec
1674 1981 1753 2028 fibi
1779 1983 1860 2029 soli

93 2042 260 2090 feciffe.
300 2043 416 2089 Eam
440 2058 600 2089 vocem
619 2043 722 2088 cum
743 2042 870 2088 vultu
894 2042 1006 2098 alter
1029 2041 1356 2103 aspernaretur,
1377 2044 1645 2091 Bothuelius
1664 2046 1867 2095 sermone
1897 2078 1899 2081 .

88 2108 283 2171 gravi,&
304 2106 536 2154 interdum
554 2106 769 2155 convitiis
793 2105 1150 2169 propioromnia
1164 2105 1383 2153 versando
1406 2124 1510 2154 cum
1533 2109 1863 2160 discordiarum

80 2173 238 2220 'causas
261 2171 558 2227 intersereret,
584 2187 772 2233 remque
795 2171 851 2217 ad
874 2170 1216 2217 altercationem
1241 2173 1505 2232 protrahere
1528 2188 1786 2230 conaretur,
1806 2177 1867 2223 il-

86 2238 133 2286 le
155 2235 315 2283 contra
340 2237 573 2283 moderate
597 2235 910 2298 respondendo
934 2236 1107 2281 nullam
1149 2235 1242 2282 litis
1277 2236 1560 2284 occasionem
1583 2238 1708 2295 dare,
1748 2258 1800 2288 ac
1822 2241 1866 2289 se

91 2303 263 2349 tenum
287 2312 458 2356 tenere,
483 2317 568 2347 nec
591 2318 616 2345 a
642 2301 876 2362 proposito
899 2312 1052 2346 tamen
1075 2299 1320 2346 discedere.
1846 2323 1850 2326 ·

155 2367 258 2413 XI„
292 2366 412 2412 Cum
433 2365 486 2411 in
509 2365 579 2411 his
619 2364 833 2427 angustiis
855 2364 1033 2427 aliquot
1075 2363 1171 2411 dies
1209 2364 1406 2411 versatus
1440 2365 1588 2413 fuiffet
1609 2369 1864 2427 Moravius,

25 2429 28 2431 Δ
88 2431 279 2478 tandem
301 2445 326 2475 a
349 2429 531 2494 Regina
553 2430 734 2476 veniam
761 2428 894 2487 petiit
918 2446 929 2474 z
966 2440 1015 2474 ut
1035 2427 1222 2490 quando
1245 2429 1309 2475 sui
1333 2445 1424 2475 non
1446 2447 1666 2493 magn-um
1690 2434 1869 2483 videret

89 2495 223 2542 usum
246 2494 292 2540 in
318 2495 438 2549 aula,
464 2494 521 2541 ad
545 2496 719 2540 Fanum
743 2493 956 2548 Andreae,
987 2493 1061 2538 vel
1098 2491 1144 2538 in
1169 2493 1432 2540 Moraviam
1463 2495 1602 2559 usque
1623 2497 1866 2548 secederet.

90 2562 137 2608 A
159 2557 403 2621 suspitione
425 2557 552 2604 enim
589 2571 815 2610 motuum,
840 2574 956 2620 quos
978 2557 1173 2603 orituros
1196 2557 1497 2620 praevidebat,
1537 2563 1698 2623 procul
1722 2564 1868 2611 abeffe

88 2623 322 2686 cupiebat.
349 2624 404 2670 ld
421 2639 528 2670 cum
551 2639 644 2669 non
665 2622 949 2683 impetraret,
975 2638 1058 2668 nec
1078 2621 1124 2668 in
1147 2624 1250 2668 aula
1272 2623 1362 2669 fine
1383 2623 1620 2680 summm&
1641 2640 1765 2674 certo
1788 2646 1870 2690 pe-

82 2688 237 2739 riculo
259 2689 342 2734 effe
367 2688 522 2751 posset,
547 2688 733 2734 tandem
760 2687 830 2747 (2)
856 2687 1045 2733 liberam
1064 2686 1345 2749 legationem
1367 2690 1651 2753 expugnavit
1675 2710 1686 2737 ε
1724 2691 1795 2739 sed
1816 2709 1871 2741 ea

89 2752 213 2817 lege,
241 2770 298 2799 ne
320 2752 366 2799 in
394 2751 568 2814 Anglia
588 2751 849 2805 subsisteret,
873 2750 946 2798 sed
970 2769 1050 2813 per
1072 2751 1333 2798 Flandriam
1353 2752 1400 2798 in
1425 2754 1745 2810 Germaniam,
1790 2770 1871 2804 aut

39 2823 43 2827 “
85 2817 124 2864 -fi
148 2819 243 2879 quo
281 2815 372 2864 alio
393 2817 549 2871 vellet,
590 2814 864 2863 ascenderet.
933 2817 1108 2863 Verum
1133 2832 1237 2862 cum
1266 2818 1526 2865 Flandriam
1550 2832 1707 2881 petere
1746 2820 1867 2868 nihil

86 2881 219 2934 aliud
241 2883 363 2937 esset,
396 2897 536 2944 quam
559 2880 607 2928 in
631 2893 837 2943 apertum
873 2880 1114 2928 discrimen
1136 2880 1178 2926 se
1191 2881 1503 2944 praecipitare,
1539 2884 1722 2930 tandem
1749 2901 1871 2948 aegre

86 2940 259 3000 (tenuit,
294 2958 342 2992 ut
375 2962 458 3008 per
480 2944 699 3009 Angliam
721 2944 771 2992 in
794 2945 992 3002 Gallias,
1016 2945 1184 2993 deinde
1205 2946 1336 2992 illinc
1357 2948 1452 3008 quo
1475 2949 1776 2996 commodum
1797 2951 1870 2997 vi-

85 3009 293 3065 deretur,
317 3010 358 3056 se
382 3011 627 3056 conferret.

154 3073 283 3122 XLI.
319 3074 523 3122 Homine
545 3074 709 3131 libero,
735 3076 786 3124 &
807 3074 1021 3138 populari
1042 3073 1235 3122 liberata
1255 3074 1453 3139 Regina,
1478 3087 1642 3124 caetera
1666 3078 1873 3140 tyranni·

0 3246 1 3251 ¹
84 3204 165 3254 ple,
186 3210 223 3240 to
241 3202 358 3240 think
377 3216 414 3239 as
432 3203 520 3240 well
540 3203 585 3240 of
604 3203 674 3241 her
690 3217 727 3241 as
745 3216 818 3240 was
836 3204 947 3253 poffi-
1000 3203 1153 3240 written
1172 3203 1220 3252 by
1237 3202 1302 3240 the
1324 3204 1434 3243 abbot
1455 3204 1502 3242 of
1514 3205 1705 3254 Pignerol,
1742 3211 1778 3246 δε
1795 3223 1869 3248 was

16 3273 26 3276 ·
88 3256 177 3304 ble3
208 3257 272 3292 but
290 3255 425 3304 chiefly
443 3269 579 3302 among
596 3255 701 3294 those
718 3256 763 3293 of
783 3256 867 3293 that
888 3271 944 3294 re·
1000 3256 1147 3305 printed
1168 3264 1203 3292 at
1234 3256 1400 3306 Bologna
1419 3258 1460 3294 in
1479 3258 1544 3296 the
1562 3273 1648 3309 year
1669 3273 1784 3314 1599,
1821 3275 1868 3300 12

10 3327 13 3330 ⁴
87 3308 208 3354 ligion
227 3322 238 3345 ε
270 3307 306 3344 so
319 3307 428 3353 that,
448 3307 539 3356 ,says
559 3309 624 3344 Dr.
665 3308 808 3346 Burnet
826 3310 942 3355 (Hist.
998 3321 1100 3356 years
1119 3308 1215 3346 after
1228 3323 1346 3358 queen
1365 3311 1478 3360 Mary
1492 3311 1564 3349 had
1579 3313 1734 3352 suffered
1752 3316 1865 3354 death

90 3360 205 3411 Res.)
236 3361 255 3396 1
281 3360 402 3404 know,
420 3372 470 3397 no
487 3360 645 3397 relation
664 3361 710 3398 of
735 3360 820 3404 that
837 3361 944 3399 affair
1000 3361 1045 3409 by
1059 3361 1124 3398 the
1142 3361 1260 3400 hands
1274 3363 1319 3400 of
1332 3376 1378 3400 an
1392 3365 1641 3414 executioner‚
1652 3377 1691 3406 at
1709 3368 1776 3407 the
1791 3372 1862 3408 end

20 3431 30 3437 „
89 3412 174 3460 that
191 3411 259 3451 can
280 3413 324 3459 be
341 3412 378 3450 so
396 3412 575 3461 certainly
592 3415 776 3462 depended
790 3412 946 3460 on(ma-
1001 3414 1047 3450 of
1065 3414 1109 3451 18
1131 3428 1233 3463 years
1251 3416 1552 3466 imprisonment.

34 3480 47 3483 r
81 3466 185 3514 king
204 3466 279 3503 still
300 3465 399 3502 some
415 3466 634 3504 allowanees
653 3467 710 3503 for
723 3466 786 3503 the
808 3466 945 3504 soften-
1054 3466 1119 3516 (1)
1138 3468 1175 3505 ri.
1198 3482 1231 3506 e.
1260 3482 1347 3506 cum
1366 3473 1483 3520 pudor
1499 3486 1575 3511 non
1594 3474 1739 3513 fineret.

84 3519 171 3567 ings
182 3519 229 3556 of
242 3532 262 3555 a
281 3519 412 3568 partial
433 3519 577 3569 writer)
595 3531 632 3555 as
651 3519 733 3556 that
747 3519 872 3559 which
890 3533 944 3556 we
1055 3520 1114 3571 (1)
1136 3521 1246 3560 With
1259 3531 1360 3574 great
1371 3523 1555 3578 difficulty
1571 3529 1742 3568 obtained
1757 3530 1862 3567 leave

83 3571 166 3612 ind
191 3573 234 3612 in
248 3571 337 3612 that
360 3572 556 3611 cardinal’s
590 3572 673 3621 life,
711 3572 838 3612 which
866 3586 944 3612 was
998 3581 1037 3614 to
1061 3575 1194 3615 travel,

1798 3631 1876 3682 dis
