2106 3838
181 196 275 256 32.-
491 175 847 239 RERUM
939 167 1703 241 SCOTICARUM,

198 314 202 318 .
246 277 327 322 LI.
359 273 520 322 Victus
541 274 658 321 ratio
672 265 997 320 Hethlandicis
1020 266 1197 320 eadem,
1215 284 1319 331 quae
1333 268 1669 316 Orcadensibus
1695 282 1708 314 ·.
1730 267 1812 318 nisi
1831 271 1958 335 quod

176 342 311 402 juxta
329 339 485 402 copias
509 336 772 384 domesticas
807 333 944 394 paulo
974 331 1188 394 asperior.
1243 332 1508 380 Vestiuntur
1542 333 1825 380 Germanico
1849 335 1959 389 ritu,

184 404 258 451 sed
275 404 410 465 juxta
430 403 665 450 facultates
695 416 787 444 non
809 396 1039 442 indecore.
1073 397 1326 443 Proventus
1344 397 1435 444 illis
1457 399 1517 444 est
1539 414 1594 444 ex
1617 413 1771 461 panno
1793 398 1858 444 sui
1880 416 1961 462 ge-

183 468 303 515 neris
325 469 479 520 crasso,
503 482 640 529 quem
670 459 900 522 Norvegis
937 460 1144 506 vendunt
1170 477 1180 506 :
1228 475 1285 505 ex
1321 461 1426 508 oleo
1464 461 1490 508 ἐ
1523 461 1712 524 piscium
1741 462 1962 509 intestinis

183 532 411 586 consedio,
431 532 456 578 ὲ
475 530 645 583 butiro,
671 528 694 573 ὲ
718 525 902 587 piscatu.
955 523 1186 571 Piscantur
1206 521 1432 570 naviculis
1453 525 1647 572 duorum
1672 527 1960 578 scalmorum,

183 614 300 660 quos
324 597 463 642 faetos
482 596 507 641 ὲ
543 589 772 652 Norvegis
795 590 1029 635 coe'munt.
1098 589 1230 648 Qios
1265 587 1484 650 caeperint
1506 589 1648 650 psces
1686 590 1850 654 partim
1875 591 1964 637 saie

185 661 426 713 condiunt,
451 657 615 721 partim
639 666 776 700 vento
794 653 976 700 siccant.
1043 654 1113 699 Ex
1134 653 1189 699 iis
1214 652 1308 699 fere
1331 652 1464 699 rebus
1503 652 1750 701 divenditis
1774 655 1968 717 pecuni-

187 742 262 772 am
287 723 554 773 conficiunt,
581 719 701 765 unde
730 716 974 781 vectigalia
1002 716 1180 763 solvunt
1217 736 1226 763 :
1281 718 1443 764 domos
1465 716 1512 763 in
1535 717 1704 780 quibus
1737 719 1964 773 habitent,

185 787 540 851 suppellectilem
568 782 840 834 universam,
873 797 926 827 ac
948 797 1162 844 magnam
1186 781 1332 829 victus
1362 794 1535 845 partem
1558 796 1734 843 parant.
1805 784 1857 828 ln
1882 782 1964 828 do·
2021 796 2028 824 ·.

187 853 371 899 mellico
394 851 690 896 instrumento
720 847 798 908 qui
832 847 1076 908 elegantiae
1111 845 1305 900 student,
1332 845 1540 893 nonnihil
1576 846 1754 909 argenti
1777 846 1963 893 habent.

187 912 664 967 Mensurismumeris,
683 927 736 958 ac
760 910 961 972 pondere
984 911 1038 955 ad
1065 925 1238 955 morem
1253 910 1587 956 Germanicum
1611 925 1819 957 utuntur.
1845 911 1966 957 Ger-

186 979 391 1027 manicus
407 977 565 1032 etiarn,
581 989 658 1022 aut
678 992 793 1038 pene
812 987 942 1020 vetus
957 974 1188 1020 Gothicus
1209 975 1268 1019 est
1287 973 1378 1020 illis
1391 974 1550 1019 sermo·
1595 975 1874 1021 Ebrietatem
1895 975 1966 1037 ig-

183 1058 366 1095 norant,
407 1043 486 1088 nisi
510 1040 637 1104 quod
662 1039 845 1102 finpulis
883 1039 1107 1085 mensibus
1132 1039 1173 1084 se
1197 1050 1356 1084 mutuo
1379 1038 1577 1084 invitant
1608 1057 1619 1084 ε
1665 1038 1832 1100 eosque
1874 1039 1971 1085 dies

182 1109 345 1164 hilare,
362 1113 402 1156 δι
417 1105 681 1168 simpliciter
703 1106 793 1151 sine
815 1103 942 1158 rixis,
960 1108 998 1150 8ι
1014 1103 1210 1158 caeteris,
1230 1120 1332 1165 quae
1357 1102 1443 1149 fert
1469 1102 1681 1157 ebrietas,
1701 1103 1825 1149 vitiis
1846 1115 1968 1149 tran-·

186 1173 338 1237 figunt
363 1192 374 1219 z
407 1187 602 1232 eamque
640 1168 1014 1216 consuetudinem
1052 1169 1108 1214 ad
1145 1182 1351 1214 mutuam
1388 1166 1641 1213 amicitiam
1681 1167 1968 1214 retinendam

185 1236 336 1284 facere
367 1236 449 1283 fibi
483 1235 770 1297 persuadent.
840 1232 1126 1279 Salubritatis
1162 1232 1398 1278 firmitudo
1422 1231 1468 1278 in
1493 1232 1742 1278 Laurentio
1765 1232 1969 1294 quodam

185 1303 334 1350 nostra
374 1312 505 1347 aetate
535 1297 764 1362 apparuit,
801 1297 880 1360 qui
916 1300 1010 1360 post
1044 1297 1337 1347 centesimum
1375 1313 1544 1342 annum
1584 1311 1774 1342 uxorem
1818 1295 1967 1343 duxit.

187 1366 499 1413 Centcfimum
522 1364 920 1428 quadragesimum
939 1379 1107 1408 annum
1132 1379 1271 1424 agens
1291 1361 1521 1407 saeviffimo
1545 1361 1655 1406 mari
1682 1360 1726 1406 in
1748 1360 1823 1406 sua
1843 1359 1968 1406 navi·

187 1432 292 1478 cula
314 1431 535 1494 piscatum
561 1428 774 1492 prodibat
801 1446 811 1472 :
866 1442 917 1474 ac
941 1443 1085 1490 nuper
1108 1427 1233 1473 nulla
1270 1426 1318 1471 vi
1339 1425 1561 1489 gravioris
1585 1425 1735 1472 morbi
1766 1425 1968 1472 labefac-

186 1506 327 1551 tatus,
352 1495 426 1542 sed
448 1494 571 1541 senio
592 1493 763 1540 solutus
785 1491 981 1538 decessit.

298 1648 754 1756 aaa-es
775 1645 1945 1754 aassaa÷aaaasaaaal

363 1869 814 1940 RERUM
915 1866 1801 1935 SCOTICARUM

367 2231 584 2282 Aufilore
643 2228 1020 2280 Gaonoio
1081 2225 1584 2279 Bucmmmo
1641 2226 1804 2281 Scoto.

608 2353 912 2401 LIBER
990 2350 1563 2399 SECUNDUS.

335 2452 668 2500 EPETENTI
702 2449 817 2498 mihi
853 2466 1004 2497 rerum
1029 2447 1395 2496 Britannicarum
1426 2448 1694 2496 memoriam
1728 2447 1858 2510 supra
1889 2450 1983 2496 duo

197 2458 330 2614 R
365 2517 512 2564 millia
528 2533 769 2569 annorum,
786 2517 889 2562 cum
909 2514 1052 2562 multa
1071 2513 1112 2560 se
1131 2512 1463 2576 impedimenta
1480 2512 1724 2574 objiciunt,
1744 2526 1842 2560 tum
1865 2513 1981 2562 illud

365 2581 412 2628 in
437 2580 614 2642 primis,
638 2582 765 2643 quod
788 2580 834 2626 in
860 2579 922 2625 eis
942 2578 1229 2642 regionibus,
1253 2578 1371 2626 unde
1395 2577 1554 2624 nostrae
1575 2577 1766 2642 originis
1784 2580 1985 2626 eruenda

199 2645 262 2701 est
279 2644 504 2709 cognitio,
521 2645 600 2692 diu
616 2647 757 2692 litera:
777 2645 916 2691 nullae
941 2644 1125 2690 suerunt
1147 2660 1158 2688 t
1185 2647 1223 2689 δι
1240 2657 1345 2689 cum
1369 2641 1464 2688 sero
1483 2642 1665 2690 tandem
1685 2642 1981 2696 advenissent,

200 2707 250 2756 in
274 2708 372 2772 ipso
395 2726 538 2773 prope
559 2722 660 2756 ortu
686 2709 971 2756 interierunt.
1041 2708 1218 2753 Omnes
1249 2706 1372 2753 enim
1414 2705 1638 2762 nationes,
1675 2722 1780 2770 quae
1812 2706 1859 2754 in
1883 2707 1984 2755 Bri-

199 2772 358 2820 tannia
378 2774 501 2820 sedes
526 2775 581 2821 ad
618 2775 739 2820 hunc
775 2773 912 2836 usque
935 2771 1058 2819 diem
1082 2772 1388 2823 collocarunt,
1407 2770 1509 2832 jure
1540 2769 1655 2817 mihi
1684 2768 1846 2817 videor
1866 2772 1983 2818 affir-

202 2854 326 2886 mare
343 2840 465 2901 poss‘e
486 2837 512 2883 ὲ
534 2838 720 2891 Galliis,
749 2836 1005 2901 Hispaniis,
1030 2840 1071 2882 &
1096 2834 1347 2881 Germania
1369 2835 1417 2881 in
1439 2834 1556 2881 hanc
1574 2833 1766 2881 insulam
1789 2834 1983 2882 commi-

200 2903 358 2965 grass'e.
398 2901 530 2950 Galli
550 2903 748 2965 primum
773 2903 1051 2948 charaeteres
1075 2898 1307 2946 literarum
1335 2900 1405 2960 (ι)
1432 2914 1458 2944 a
1482 2897 1829 2945 Maffilienfibus
1849 2898 1985 2947 Grae·

123 2976 125 2978 ’
202 2966 266 3013 cis
289 2982 524 3031 accepere,
548 2966 714 3030 quibus
736 2967 970 3013 uterentur
988 2965 1045 3012 ad
1069 2962 1265 3011 rationes
1289 2961 1611 3019 conficiendas,
1634 2970 1673 3012 δι
1697 2964 1850 3012 literas
1869 2962 1988 3011 inter

202 3029 245 3077 se
258 3031 555 3078 miffitandas:
573 3031 751 3078 Graecis
775 3030 964 3094 quidem
985 3028 1144 3094 figuris
1158 3029 1509 3082 elementorum,
1525 3026 1599 3075 sed
1617 3028 1820 3076 sermone
1833 3027 1986 3076 Galli-

205 3109 277 3141 co.
299 3096 446 3158 Leges
459 3108 630 3149 autem,
644 3100 688 3144 &
704 3095 927 3142 sacrorum
948 3093 1060 3148 ritus
1081 3109 1144 3139 ne
1163 3092 1273 3155 julii
1288 3091 1477 3156 quidem
1491 3092 1679 3140 Caesaris
1700 3103 1832 3138 aetate
1843 3092 1989 3139 literis

206 3160 557 3206 committebant
579 3176 592 3204 t
616 3177 684 3206 res
709 3176 817 3207 vero
836 3160 980 3221 gestas
1001 3158 1148 3205 multo
1173 3156 1340 3211 minus,
1365 3171 1477 3220 quas
1496 3169 1646 3204 tamen
1667 3155 1910 3204 verisimile
1926 3158 1989 3203 est

204 3220 334 3269 fuiffe
357 3224 504 3270 multo
525 3223 764 3270 maximas.
836 3220 907 3285 (z)
933 3224 1052 3285 Qiae
1074 3221 1123 3267 in
1150 3220 1302 3277 Italia,
1327 3221 1598 3275 Germania,
1622 3219 1844 3274 Thracia,
1866 3220 1987 3266 ‘Ma-

205 3285 414 3350 cedonia,
441 3286 641 3335 Graecia.
664 3293 702 3334 δε
725 3288 830 3335 Asia
851 3288 921 3335 vel
944 3286 1170 3340 fecerunt,
1193 3287 1266 3333 vel
1283 3284 1388 3348 passi
1412 3286 1530 3340 sunt,
1554 3285 1599 3333 in
1623 3284 1783 3333 eadem
1806 3283 1990 3331 fuissent

205 3351 326 3414 apud
348 3351 547 3414 posteros
564 3350 819 3407 oblivione,
836 3351 919 3400 nisi
940 3348 1086 3400 exteri
1103 3349 1340 3414 scriptores
1355 3367 1409 3398 ea
1427 3349 1659 3401 memoriae
1672 3348 1988 3412 prodidissent.

224 3454 231 3508 ⁴>
263 3480 326 3530 (i)
354 3479 443 3517 The
473 3478 704 3516 inhabitants
729 3453 777 3517 'of
789 3481 999 3520 Marseilles
1016 3493 1065 3518 on
1185 3480 1249 3529 (2)
1277 3481 1366 3519 The
1385 3466 1532 3519 antient
1546 3476 1707 3515 warlilte
1735 3477 1856 3516 Gauls
1883 3490 1991 3516 over-

166 3532 173 3538 “
206 3531 274 3571 the
292 3533 518 3571 south-coast
544 3532 590 3569 os
617 3533 771 3578 france,
806 3534 851 3570 of
863 3536 939 3580 old,
960 3546 1067 3573 came
1131 3546 1196 3573 rau
1214 3534 1264 3571 all
1285 3531 1593 3573 these-countrics
1611 3529 1705 3569 with
1720 3532 1873 3569 annia.

206 3594 271 3626 out
290 3586 334 3625 of
346 3587 504 3632 (mene,
523 3586 594 3634 and
613 3584 710 3622 built
729 3585 814 3624 that
832 3587 922 3636 city.
967 3623 974 3628 ,
1012 3624 1015 3627 ,

1806 3667 1902 3751 ’(ι)
1936 3650 1990 3734 ῐιὲ
