2043 3864
540 147 883 215 Lmen
970 145 1341 214 Nonus.
1703 169 1830 232 253

68 271 171 308 tum
190 254 310 302 vires
331 252 557 314 frangere,
596 260 646 294 ut
666 245 714 293 in
739 247 907 292 multos
929 247 1026 308 post
1056 263 1198 293 annos
1219 245 1479 306 exercitum.
1493 245 1715 294 conficere
1739 266 1834 296 non

69 320 263 392 possent.
315 319 540 380 Magnam
561 324 780 375 praeterea
800 311 977 356 classem
1010 323 1114 358 cum
1137 311 1468 360 commeatibus
1492 311 1706 358 Fortham
1730 312 1839 361 suba

69 401 140 433 ire
161 384 296 446 jubet
331 401 342 430 :
389 378 514 443 quod
541 376 674 423 sciret
703 391 802 422 eam
828 374 993 420 Scotiae
1015 388 1209 437 partem,
1254 393 1393 440 quam
1413 376 1686 439 ingressurus
1720 390 1835 432 erat„

69 449 205 496 bellis
226 443 454 494 continuis
477 444 558 505 per
577 442 747 488 multos
767 445 909 488 annos
932 439 1191 486 exhaustam
1217 459 1228 488 ε
1263 449 1321 496 &,
1348 441 1377 488 fi
1395 441 1509 505 quid
1529 440 1697 502 reliqui
1714 442 1836 493 esset,

69 513 243 560 incolas
265 510 314 556 id
333 509 381 555 in
411 507 622 569 regiones
647 504 874 568 proximas
896 516 1276 566 comportat-uros.
1326 508 1518 553 Securus
1543 517 1763 568 praeterea
1782 505 1840 551 de

76 577 219 624 Gallo
238 585 349 629 erat,
370 588 509 636 quern
528 570 695 617 sciebat
716 567 919 616 hibernis
956 568 1293 630 tempestatibus
1311 570 1353 618 se
1372 586 1460 618 non
1482 570 1838 617 commissurum⁰

74 642 198 687 Cux'n
219 638 311 684 illis
333 637 478 700 copiis
499 634 700 683 Scotiam
718 633 937 696 ingressus
956 632 1072 678 nulli
1093 634 1215 689 loco,
1236 651 1383 697 neque
1402 636 1542 690 sacr0,
1567 651 1717 698 neque
1734 651 1844 696 pro„

71 705 198 759 fano,
225 704 337 750 nulli
364 700 560 756 homini,
585 699 667 762 qui
689 699 831 745 modo
855 696 1043 744 militari
1065 698 1172 744 esset
1194 709 1342 755 aetate,
1367 699 1597 760 parcebat.
1656 700 1848 747 {nterea

70 769 269 816 Ioannes
291 765 580 823 ViennensiS,
611 762 694 825 qui
710 761 873 825 'magis
896 762 1010 824 quid
1030 763 1132 811 Rex
1166 762 1266 810 suus
1305 763 1556 811 discedenti
1579 763 1844 820 mandasset,

76 832 220 896 quam
240 832 353 895 quid
367 833 610 877 Scotorum
633 844 701 875 res
724 827 976 891 poscerent,
997 826 1283 882 meminisset,
1303 845 1408 876 cum
1427 828 1663 892 Duglaffio
1681 827 1847 876 assidue

76 898 263 961 agebat,
291 908 339 941 ut
361 893 522 958 praelio
545 893 824 940 decerneret.
876 892 961 938 Ille
980 891 1217 954 cumsaepe
1240 892 1550 955 respondisset,
1576 894 1735 940 Scotos
1754 909 1847 941 non

76 963 137 1008 ob
161 958 303 1006 animi
325 959 528 1023 aliquam
550 974 657 1023 erg³r
682 957 847 1005 Gallos
862 955 1212 1012 alienationem,
1248 956 1321 1005 sed
1363 957 1424 1003 ob
1454 955 1736 1004 infirmitatis
1760 958 1851 1005 suae

75 1023 397 1072 conscientiam
420 1023 634 1085 praelium
656 1023 924 1076 detrectare,
945 1038 1051 1068 eum
1073 1022 1258 1068 tandem
1276 1022 1325 1069 in
1347 1022 1504 1068 locum
1526 1023 1739 1078 arduum,
1766 1040 1851 1070 un-

76 1090 135 1136 de
158 1102 257 1135 tuto
277 1088 496 1152 speculari
518 1088 660 1150 posset
681 1086 876 1134 hostium
899 1102 1085 1150 agmen,
1105 1085 1336 1133 subduxit.
1391 1086 1464 1132 Ibi
1486 1087 1592 1134 cum
1607 1087 1759 1151 ,longo
1776 1103 1850 1134 or-

76 1153 186 1200 dine
209 1153 487 1200 transeuntes
511 1152 773 1215 Anglorum
796 1150 950 1212 copias
974 1149 1119 1197 oculis
1142 1151 1455 1212 perlustrasset,
1488 1149 1622 1197 facile
1643 1151 1691 1198 in
1715 1152 1852 1216 Dug-

77 1218 189 1265 laffii
212 1217 479 1272 sententiam
502 1215 751 1264 descendit.
820 1214 1090 1262 Proximum
1112 1214 1177 1261 eis
1201 1214 1346 1260 visum
1367 1216 1446 1270 est,
1484 1228 1533 1261 ut
1553 1232 1646 1278 qua
1668 1215 1759 1262 sola
1780 1235 1855 1263 ra,

17 1316 19 1318 ·
80 1282 208 1329 tione
231 1282 347 1329 hosti
368 1299 532 1330 nocere
554 1282 745 1344 possent,
768 1280 852 1343 ipfi
872 1295 956 1343 pro
982 1291 1189 1342 tempore
1212 1278 1432 1326 confenis
1455 1280 1601 1341 copiis
1632 1281 1853 1346 Angliam

34 1349 37 1352 ’
79 1347 383 1395 adorirentur.
417 1347 603 1412 Ingreffi
626 1343 915 1393 diverfiffimo
939 1343 967 1390 a
987 1345 1131 1408 Regis
1154 1344 1359 1391 exercitu
1376 1343 1538 1392 itinere
1562 1345 1855 1400 Cumbriam,

81 1411 384 1476 regionesque
401 1413 445 1458 ei
463 1414 745 1474 propinquas
768 1408 926 1474 longe,
951 1408 1136 1472 lateque
1158 1409 1455 1472 populantur.

147 1477 203 1523 L.
241 1477 386 1541 Angli
407 1476 637 1524 Lothiana
670 1475 888 1522 omnibus
920 1473 1051 1520 malis
1088 1475 1253 1520 afflicta
1290 1479 1418 1535 (nam
1440 1491 1497 1521 ne
1521 1474 1857 1523 commeatibus
1906 1505 1909 1507 -

83 1541 401 1597 deficerentur,
429 1557 520 1588 non
536 1541 768 1588 audebant
788 1533 1018 1603 longius'a
1035 1539 1112 1585 sua
1129 1540 1259 1586 classe
1274 1538 1521 1599 discedere)
1545 1555 1650 1587 cum
1669 1540 1767 1601 jam
1785 1541 1860 1588 in·

83 1606 224 1652 stante
248 1605 398 1654 hieme
434 1607 491 1653 de
512 1606 664 1652 reditu
680 1603 1002 1657 consultarent,
1026 1616 1172 1658 erant,
1203 1604 1285 1666 qui
1307 1604 1547 1651 Scotorum
1567 1605 1766 1669 vestigiis
1787 1606 1862 1653 in-

87 1670 345 1726 sistendum,
371 1676 411 1718 &
431 1672 479 1716 in
502 1670 653 1716 reditu
675 1671 732 1716 ad
754 1682 984 1723 certamen
1005 1667 1168 1722 velint,
1193 1669 1343 1734 nolint
1361 1669 1686 1730 pertrahendos
1709 1669 1861 1717 existi-

86 1745 280 1780 marent.
348 1736 394 1782 V
398 1733 543 1781 iarum
563 1733 698 1796 periti
728 1749 784 1779 ex
806 1731 992 1779 adverso
1014 1733 1254 1795 ostendunt
1275 1732 1493 1779 itinerum
1526 1751 1608 1797 per
1628 1734 1860 1796 palustria,

88 1804 131 1845 Sc
154 1797 360 1847 montosa
378 1793 714 1853 difficultatem,
749 1803 790 1844 &
824 1798 1092 1860 plaerunque
1115 1797 1359 1860 angustias,
1383 1798 1685 1862 omniumque
1707 1815 1879 1846 rerum?

92 1875 266 1909 tantam
289 1862 513 1927 inopiam,
540 1876 591 1910 ut
611 1862 689 1908 vix
710 1862 921 1909 transitus
945 1863 1051 1908 esset
1072 1861 1247 1923 paucis,
1272 1867 1312 1908 &
1335 1862 1580 1924 expeditis,
1605 1862 1687 1925 qui
1710 1864 1882 1911 secum>

92 1939 376 1974 commeatus
395 1928 441 1974 in
462 1927 642 1991 aliquot
664 1928 804 1973 modo
826 1926 924 1972 dies
947 1938 1289 1988 comportarent
1314 1945 1324 1971 :
1362 1926 1530 1973 deinde
1554 1926 1770 1990 superatis
1793 1929 1863 1976 vi-

90 2007 221 2037 arum
252 1990 597 2038 difficultatibus
633 1992 887 2054 proximam
912 2006 1017 2051 quae
1039 2006 1115 2036 eos
1150 1991 1383 2054 exciperet
1403 1991 1642 2054 regionem
1666 2008 1759 2038 non
1781 1994 1863 2041 ad·

91 2055 285 2102 modum
301 2070 462 2102 natura
480 2055 696 2111 fertilem,
715 2061 758 2102 ’δε
777 2057 834 2102 ab
846 2055 1046 2102 hostibus
1069 2056 1283 2102 vastatam
1305 2073 1316 2102 :
1344 2061 1391 2104 ὅτ
1411 2057 1493 2102 ubi
1514 2056 1585 2103 his
1605 2057 1736 2104 malis
1760 2075 1865 2121 per·

44 2151 49 2158 ·
92 2118 239 2166 funffl
267 2120 453 2176 fuerint,
488 2137 593 2168 cum
629 2121 751 2167 hoste
773 2119 881 2174 levi,
913 2125 960 2171 a&
997 2120 1308 2183 procursatore
1330 2137 1426 2167 rem
1459 2120 1681 2178 futuram,
1723 2140 1865 2186 quem

92 2183 322 2231 difficilius
345 2187 451 2232 esset
469 2184 696 2240 invenire,
720 2184 878 2248 quam,
905 2184 935 2230 fi
958 2185 1119 2246 praelio
1137 2185 1178 2231 se
1199 2185 1476 2240 committat,
1498 2187 1686 2234 vincere
1716 2207 1727 2235 :
1760 2188 1866 2251 qui·
1896 2197 1900 2200 ’
1953 2242 1957 2251 ¹

90 2265 182 2312 que
203 2249 434 2306 inventus,
460 2250 541 2297 nisi
563 2249 649 2297 suis
672 2251 784 2297 locis
804 2250 910 2313 cogi
933 2251 990 2295 ad
1010 2250 1313 2313 pugnandum
1332 2266 1423 2297 non
1443 2253 1602 2313 posset.
1669 2252 1778 2313 Ejus
1796 2253 1869 2300 rei

91 2312 348 2376 periculum
368 2315 425 2361 ab
445 2315 662 2362 Eduardo
680 2314 816 2361 tertio
834 2315 929 2376 ejus
948 2330 1033 2360 avo
1052 2314 1222 2361 fastum
1239 2330 1346 2361 cum
1365 2316 1629 2378 Anglorum
1642 2318 1865 2373 maximo,

96 2377 225 2424 nullo
248 2379 490 2426 Scotorum
512 2380 823 2426 incommodo.
896 2378 985 2426 His
1009 2379 1195 2433 auditis,
1219 2385 1269 2428 ὃς
1292 2381 1500 2426 omnium
1524 2380 1679 2428 animo
1701 2383 1867 2430 obver-

94 2441 295 2490 santibus
315 2443 433 2499 aliis,
457 2460 563 2506 quae
585 2444 673 2491 fert
694 2444 840 2490 hiems
862 2442 910 2489 in
934 2443 1027 2489 solo
1051 2443 1224 2508 frigido
1249 2445 1398 2499 malis,
1437 2451 1477 2492 Sc
1499 2445 1736 2502 subeunte,
1760 2463 1868 2510 quae

0 2503 3 2546 ἐ
36 2530 42 2536 -
98 2505 268 2570 cuique
290 2508 419 2555 domi
439 2508 541 2554 sunt
559 2523 662 2555 cara
683 2509 930 2572 pignorum
953 2509 1177 2556 memoria
1194 2508 1328 2556 facile
1350 2510 1407 2556 de
1423 2510 1647 2558 vsententia
1664 2511 1868 2559 discesse-

0 2587 6 2600 f
98 2583 208 2617 runt
227 2589 255 2618 2v
276 2578 316 2619 δε
343 2589 436 2635 qua
463 2585 697 2629 venerant,
722 2575 843 2620 recia
863 2573 1026 2620 domos
1051 2574 1265 2636 pergunt.
1340 2576 1412 2621 Ita
1442 2576 1626 2639 utrique
1650 2576 1794 2625 libere
1815 2579 1866 2624 in

96 2634 270 2681 hostico
292 2637 483 2698 praedati
502 2637 720 2701 nusquam
744 2638 866 2684 hoste
887 2637 1127 2700 conspecto
1150 2638 1208 2684 acl
1225 2638 1300 2703 sua
1317 2638 1419 2686 sunt
1440 2641 1618 2688 reversi.

162 2699 244 2746 LI.
283 2700 406 2747 Scoti
429 2717 534 2747 cum
559 2719 643 2764 pro
666 2714 791 2749 certo
829 2702 1051 2751 haberent
1071 2704 1254 2766 Anglos
1280 2704 1416 2768 usquc
1438 2707 1495 2751 ad
1519 2706 1780 2767 proximam
1805 2724 1867 2754 ae-

96 2762 255 2810 statem
282 2763 328 2811 in
350 2765 692 2828 expeditionem
715 2783 807 2816 non
829 2766 1091 2829 prodituros
1121 2769 1409 2833 Rosburgum
1433 2770 1625 2833 aggredi
1653 2772 1870 2819 decreve-

99 2841 223 2883 runt,
259 2829 490 2891 oppidum>
507 2831 839 2895 propinquum,
864 2835 914 2882 &
935 2831 1076 2895 longe
1104 2833 1325 2895 proximis
1353 2835 1620 2898 regionibus
1647 2834 1870 2883 infestiffia

4 2938 6 2942 .
98 2907 243 2940 mum.
309 2895 379 2942 Εὸ
402 2911 507 2941 cum
530 2896 791 2959 frequentes
814 2895 1137 2952 conven‘iffent,
1174 2900 1232 2944 de
1262 2899 1436 2962 oppido
1459 2900 1665 2946 nondum
1688 2917 1867 2965 expug-

102 2970 210 3004 nato
231 2957 459 3005 diffidium
481 2960 601 3006 inter
618 2963 795 3015 Scotos,
821 2966 860 3007 &
883 2963 1077 3008 Francos
1097 2963 1156 3008 est
1175 2976 1344 3024 ortum.
1394 2964 1526 3009 Galli
1547 2964 1669 3010 enim
1695 2980 1800 3010 cum
1819 2967 1890 3018 in„

64 3062 78 3074 ,
101 3024 528 3085 oppugnationibus
552 3025 735 3072 urbium
758 3025 904 3079 Scotis
926 3028 1064 3073 effe-nt
1084 3043 1142 3073 ex
1165 3028 1311 3074 multo
1340 3027 1418 3073 usu
1443 3028 1668 3074 bellorum
1691 3029 1891 3075 domes*
1963 3063 1965 3067 Α

101 3083 300 3132 ‘cicorum
321 3087 579 3148 peritioreS,
620 3090 899 3153 magnosque
921 3091 1124 3152 sumptus
1159 3091 1205 3136 in
1238 3092 1287 3137 id
1319 3092 1490 3137 bellurn
1526 3091 1867 3153 impendissent,

88 3149 346 3211 ¹oppidum,
369 3151 400 3197 fi
422 3165 677 3214 caperetur,
704 3171 889 3217 aequum
912 3156 1153 3201 censebant
1191 3155 1257 3202 sui
1282 3155 1414 3216 juris,
1440 3162 1480 3200 δε
1505 3153 1704 3226 Gallicae
1727 3157 1870 3204 ditio.

100 3213 171 3258 nis
201 3214 302 3268 effe,
328 3215 453 3261 Scoti
470 3229 629 3264 contra
648 3218 860 3281 iniquum
879 3220 963 3265 esse
978 3219 1334 3273 contendebant,
1359 3234 1407 3266 ut
1424 3219 1666 3282 praemium
1687 3221 1870 3269 univera

0 3273 13 3320 ἒ
63 3310 65 3312 -
104 3275 135 3324 fi
157 3277 268 3323 belli
287 3293 426 3340 penes
448 3280 710 3327 auxiliarios
732 3283 837 3328 esset
859 3299 870 3328 z
904 3299 1019 3344 quos
1043 3295 1197 3328 autem
1220 3283 1422 3345 sumptus
1447 3284 1656 3339 fecerint,
1680 3301 1756 3332 eos
1775 3303 1871 3334 non

0 3336 24 3384 ’ὦ
83 3339 272 3402 scotis,
299 3342 386 3389 ‘sed
408 3344 490 3390 sibi
513 3345 706 3392 Gallum
739 3345 1023 3408 impendiffe,
1064 3359 1113 3392 ut
1142 3347 1337 3393 hostium
1375 3348 1492 3394 vires
1514 3349 1793 3404 distraheret,
1828 3358 1870 3400 ἅτ

0 3419 12 3447 r
103 3418 280 3466 partem
304 3405 415 3453 belli
436 3421 658 3455 averteret
680 3409 706 3454 a
729 3408 887 3457 Gallia
911 3428 922 3455 ε
959 3412 1087 3472 quod
1110 3413 1140 3457 sl
1165 3412 1223 3458 ad
1246 3409 1446 3458 calculos
1469 3415 1667 3476 placeret
1684 3432 1874 3464 revoca-

0 3471 34 3531 ⁸.
104 3483 155 3514 re¹
175 3469 424 3517 amicorum
447 3472 770 3534 officiajustius
795 3475 953 3522 Scotos
977 3477 1003 3519 a
1026 3475 1178 3522 Gallis
1200 3476 1339 3525 totius
1366 3476 1474 3523 belli
1496 3479 1720 3542 impensas
1749 3482 1874 3543 posse

0 3542 16 3572 ³
43 3547 47 3550 ·
108 3545 329 3594 repetere,
354 3535 493 3598 qnam
512 3553 588 3584 eos
607 3537 767 3589 auxilii
782 3537 862 3584 lati
880 3540 1068 3599 praemia
1085 3541 1324 3602 postu-lare,
1350 3557 1402 3587 ac
1423 3541 1643 3602 ejusmodi
1662 3545 1872 3607 praemia,
1899 3602 1903 3603 ⁷

0 3604 21 3661 ξ
110 3609 213 3661 quie
233 3599 361 3648 nulla
382 3600 602 3649 memoria
623 3602 695 3650 vel
717 3603 841 3657 data,
865 3603 938 3649 vel
958 3603 1103 3671 petita
1122 3605 1178 3652 ab
1201 3605 1359 3653 amicis
1384 3610 1457 3656 vel
1478 3608 1774 3665 audientum,
1798 3611 1876 3657 vel

1815 3675 1905 3724 lem.

3 3783 21 3824 s,

4 3829 26 3864 A
