2006 3858
464 116 793 181 Lintea
861 109 1490 184 ‘an's‘tmus
1718 139 1845 204 599

156 212 382 262 XXXVI.
415 214 594 261 Interea
610 214 801 261 rebelles
824 231 904 274 per
925 214 1106 263 fratrem
1133 216 1333 280 praesciti
1367 215 1480 263 arcis
1513 213 1856 278 Edimburgen.

86 275 148 326 2333
171 278 346 342 aliquid
370 279 662 340 pecuniarum
688 296 712 324 a
747 279 889 325 Gallo
911 280 1215 329 corraserant:
1253 285 1302 331 ὅς
1327 279 1589 327 Mortonius
1612 280 1637 327 ἐ
1662 280 1855 342 legatio-

93 358 154 390 ne
178 345 375 395 Anglica
396 342 591 389 reversus
611 344 1140 392 conventu-nobiliorum
1177 345 1361 393 Sterlini
1390 345 1600 392 exhibito
1634 344 1854 390 summam

92 408 340 470 'legationis
362 406 447 452 suae
470 407 642 460 retulit,
665 407 709 452 in
731 408 849 453 hanc
872 410 1068 455 maxime
1091 410 1455 457 senten'tiam.'*“
1481 407 1630 457 CUM
1654 409 1710 454 ad
1732 409 1860 454 deci-

97 488 216 518 mam
243 472 468 517 Calendas
493 471 653 517 Martii
679 471 943 518 Londinum
968 474 1253 529 veniffemus‚
1297 493 1323 521 a
1355 474 1536 538 Regina
1557 473 1614 519 ad
1636 473 1804 536 septem
1830 472 1857 519 ὲ

90 535 283 582 consilio
306 536 469 581 elefitos
495 537 644 581 sumus
668 535 842 582 remissi.
913 538 989 583 Ab
1012 539 1075 584 eis
1100 541 1194 600 post
1218 541 1385 586 variam
1408 538 1762 600 disputationem
1783 538 1856 597 (x)

88 600 190 645 duo
212 598 360 660 capita
383 599 512 645 nobis
548 600 775 661 proposita
798 601 995 648 fuerunt.
1068 603 1290 658 Primum,
1312 617 1360 650 ut
1383 620 1533 650 rerum
1556 620 1580 648 a
1604 601 1735 649 nobis
1761 603 1862 664 ges-

86 675 242 709 tarum
271 663 478 724 proxime
499 664 802 726 superioribus
828 666 1109 728 temporibus
1130 669 1279 714 causas
1304 668 1482 714 anobis
1514 668 1671 714 allatas
1694 679 1785 713 tam
1809 683 1859 712 e-

90 728 353 774 videntibus
392 728 672 790 argumentis
707 730 1095 786 confirmaremus,
1134 746 1182 779 ut
1206 750 1278 778 eas
1303 733 1436 794 plane
1468 731 1741 793 fuissejustas
1763 730 1859 793 ipsa

91 791 545 855 persuasumfhabean
572 798 611 839 Se
634 791 736 838 aliis
760 794 983 841 rationem
1006 796 1357 858 reposcentibus*
1384 797 1565 842 honeste
1588 795 1858 858 respondere

89 857 247 919 poffet.
316 858 368 902 ld
396 857 422 902 fi
450 857 597 903 minus
629 858 869 918 posteram,
907 871 1058 906 tamen
1087 861 1315 924 Reginam
1338 860 1452 907 nihil
1476 861 1650 923 prorsus
1674 860 1860 906 omissu-

86 921 333 983 fam,quod
356 921 410 967 ad
427 919 791 983 incolumitatem
815 925 1007 969 nostram
1033 925 1179 972 facere
1201 938 1352 987 queat.
1378 925 1464 970 His
1489 926 1548 971 de
1571 925 1702 970 rebus
1730 940 1858 970 com-

91 985 337 1031 mentarIus
357 1002 382 1031 a
405 986 535 1032 nobis
561 987 653 1033 fere
675 986 721 1031 in
747 987 862 1033 hanc
885 989 1150 1036 sententiam
1173 992 1231 1036 est
1251 989 1497 1036 exhibitus.
1536 990 1854 1043 CRIMINA,

78 1050 259 1111 =·quibus
281 1049 414 1096 initio
439 1050 578 1114 Regis
603 1051 736 1097 nostri
760 1066 903 1098 mater
936 1052 976 1099 se
1000 1054 1109 1100 fal-so
1132 1055 1311 1117 gravari
1333 1054 1622 1117 querebatur,
1648 1054 1762 1100 adeo
1784 1053 1858 1099 di-

85 1113 242 1160 lucide
266 1113 449 1160 fuerunt
467 1133 491 1160 a
516 1115 700 1161 Comite
725 1116 965 1171 Moraviae‚
983 1119 1273 1180 ejusdemque
1292 1118 1533 1180 legationis
1557 1118 1685 1164 sociis
1708 1118 1858 1179 expli-

79 1189 208 1230 cata,
236 1191 284 1223 ut
307 1194 389 1224 nec
415 1181 640 1242 Reginam
655 1180 856 1242 Angliae,
872 1182 1147 1245 caeterosque
1169 1185 1226 1229 ab
1249 1200 1301 1228 ea
1320 1185 1375 1230 ad
1397 1199 1552 1229 earum
1573 1198 1722 1227 rerum
1746 1197 1858 1244 cog-

85 1241 312 1288 nitionem
334 1243 562 1290 adhibitos
583 1243 741 1307 Regiae
762 1246 895 1290 caedis
916 1250 1069 1292 anaor
1084 1252 1198 1308 (quo
1218 1263 1274 1292 ex
1292 1247 1419 1292 fonte
1434 1259 1597 1292 caetera
1616 1248 1732 1292 mala
1754 1263 1860 1306 pro-

88 1308 350 1366 manarunt)
374 1309 510 1360 latere
535 1310 688 1370 poffesst.
758 1309 823 1354 Ea
845 1322 995 1357 autem
1017 1324 1218 1371 repetere
1241 1312 1359 1371 apud
1387 1311 1634 1373 Reginam,
1667 1310 1740 1355 cui
1762 1326 1853 1355 non

76 1368 349 1418 dubitamus
373 1372 555 1428 abunde
577 1372 623 1418 in
661 1373 746 1418 hac
769 1385 895 1433 parte
914 1375 1190 1437 jampridem
1216 1377 1301 1421 effe
1323 1375 1423 1422 satis
1448 1375 1635 1429 fastum,
1675 1391 1768 1420 non
1798 1374 1858 1420 est

88 1437 258 1481 necesse
285 1455 296 1482 :
333 1452 417 1482 nec
441 1453 539 1490 nos,
560 1436 640 1499 qui
663 1435 794 1490 inviti
819 1437 864 1484 in
889 1456 988 1485 eam
1014 1456 1194 1486 arenam
1218 1439 1389 1486 fuimus
1411 1438 1642 1502 protratfti,
1668 1454 1789 1484 nunc
1811 1456 1861 1484 e-

83 1499 200 1545 tiam
224 1500 419 1546 libenter
442 1502 706 1547 memoriam
729 1512 962 1551 'tantorum
980 1504 1193 1551 scelerum
1224 1504 1554 1567 usurpabimus.
1613 1506 1675 1549 At
1699 1503 1779 1564 qui
1801 1503 1860 1549 il-

80 1561 132 1609 ''sla
155 1568 319 1626 negare
343 1582 433 1611 non
463 1564 641 1627 poffunt
662 1565 921 1621 crudeliter,
948 1576 991 1617 ὥς
1019 1569 1239 1632 flagitiose
1268 1584 1540 1632 perpetrata,
1564 1567 1692 1630 regni
1717 1568 1857 1628 ejera-

81 1627 278 1683 tionem,
320 1630 451 1689 &jus
475 1646 612 1676 omne
631 1631 889 1692 imperandi
912 1649 938 1678 a
962 1649 1104 1679 matre
1130 1635 1176 1680 in
1201 1634 1344 1680 filium
1376 1634 1654 1685 transsatum,
1690 1645 1738 1679 ut
1761 1647 1856 1678 rem

87 1709 270 1747 novam,
297 1695 523 1747 acerbam,
550 1700 589 1740 &
610 1695 655 1740 vi
680 1696 924 1757 expressam
949 1698 1300 1745 calumniantur.
1346 1699 1568 1751 Primum,
1595 1698 1761 1742 fastum
1787 1698 1858 1758 ip-

83 1755 184 1802 *sum
213 1774 294 1802 nec
317 1759 710 1806 animadvertendi
733 1762 778 1807 in
805 1762 953 1823 Reges
978 1776 1106 1809 vetus
1131 1764 1354 1823 majorum
1384 1762 1662 1808 coniuctudo
1686 1776 1858 1807 novum

85 1820 235 1867 videri
261 1822 377 1876 finit,
404 1838 487 1869 nec
514 1825 766 1870 moderatio
790 1842 938 1887 poenae
961 1826 1252 1874 invidiosum.
1304 1827 1428 1875 Nam
1455 1840 1522 1873 tot
1545 1828 1693 1889 Reges
1717 1826 1858 1871 anos-

85 1884 167 1931 tris
193 1887 438 1947 majoribus
463 1901 625 1942 morte,
667 1888 877 1944 vinculiS,
913 1891 1052 1937 exilio
1077 1893 1258 1953 punitos
1295 1908 1559 1938 enumerare
1585 1891 1699 1937 nihil
1722 1891 1782 1936 est
1804 1907 1858 1936 o-

77 1960 190 2011 ‘puffi
259 1950 468 1997 Externis
501 1965 651 1998 autem
687 1955 908 2015 exemplis
934 1957 1183 2002 nostrorum
1213 1957 1380 2002 fafitum
1420 1956 1686 2002 confirmare
1709 1956 1854 2001 multo

88 2014 238 2060 minus
266 2032 277 2063 :
313 2017 416 2063 cum
438 2025 511 2063 'tot
533 2017 811 2081 ex‘antiquis
846 2020 1132 2068 historiarum
1156 2021 1466 2068 monumentis
1487 2020 1607 2067 ultro
1630 2020 1717 2068 sese
1746 2020 1860 2067 offe-

88 2094 207 2125 rant.

154 2144 406 2192 XXXVII.
442 2153 476 2175 “
495 2146 624 2192 Gens
648 2145 769 2193 enim
798 2148 1036 2196 Scotorum
1053 2151 1154 2197 curn
1177 2150 1381 2198 abinitio
1401 2151 1544 2199 libera
1557 2151 1679 2206 effet,
1708 2151 1859 2213 Reges

23 2234 27 2238 «
83 2224 143 2254 eo
166 2208 270 2269 jure
306 2210 386 2255 fibi
419 2211 605 2265 creavit,
644 2222 691 2257 ut
724 2211 977 2275 imperium
1012 2216 1174 2278 populi
1212 2217 1433 2280 suffragiis
1469 2217 1533 2264 eis
1573 2217 1857 2267 mandatum,

79 2273 119 2319 'ii
145 2289 211 2320 res
235 2273 452 2335 posceret,
477 2275 642 2322 eisdem
683 2275 901 2341 suffragiis
926 2279 1126 2327 adimere
1167 2283 1356 2343 possent.
1424 2282 1534 2342 Ejus
1574 2279 1689 2344 legis
1716 2279 1861 2326 multa

85 2336 146 2383 ad
186 2339 377 2385 nostram
425 2340 560 2401 usque
596 2352 774 2387 aetatem
798 2344 1106 2391 remanserunt
1144 2345 1346 2409 vestigia.
1411 2347 1555 2399 Nam,
1601 2351 1648 2392 ἃ
1686 2344 1739 2391 in
1771 2343 1860 2389 cir—

23 2418 27 2422 ·
85 2401 321 2462 cum-jectis
363 2403 536 2458 insulis,
568 2407 617 2453 δε
662 2405 705 2452 in
737 2407 975 2471 piaerisque
1009 2409 1284 2457 continentis
1323 2410 1454 2465 locis,
1489 2410 1534 2456 in
1562 2409 1728 2472 quibus
1772 2408 1861 2453 ser-

78 2479 164 2512 ‘mo
187 2467 373 2530 priscus,
408 2472 458 2517 &
500 2468 701 2515 instituta
741 2472 982 2528 haeserunt‚
1026 2474 1064 2520 is
1107 2491 1205 2521 mos
1250 2474 1297 2520 in
1348 2475 1612 2538 phylarchis
1654 2473 1860 2520 creandis

78 2531 238 2577 -adhue
260 2532 473 2579 servatur.
542 2533 695 2592 Hujus
739 2551 926 2599 quoque
962 2539 1078 2599 juris
1119 2541 1366 2602 expressam
1389 2540 1560 2586 habent
1588 2539 1859 2602 imaginem,

76 2611 190 2657 quae
213 2597 259 2642 in
282 2614 427 2660 regno
464 2595 677 2661 ⁴ineundo
702 2600 970 2662 usurpantur
1012 2605 1281 2661 ceremoniae
1305 2621 1317 2650 :
1358 2621 1414 2650 ex
1432 2605 1599 2668 quibus
1624 2603 1758 2651 facile
1780 2619 1861 2664 ap-

34 2707 45 2710 s
83 2673 230 2722 paret,
252 2677 444 2724 regnum
470 2661 587 2708 nihil
630 2661 755 2710 aliud
779 2666 879 2720 effe,
919 2684 1058 2729 quam
1082 2663 1288 2716 mutuam
1329 2669 1448 2716 inter
1470 2669 1683 2732 populos»,
1706 2674 1744 2715 &
1768 2669 1863 2715 Res-

85 2740 167 2787 ges
188 2725 541 2787 stipulationem.
611 2727 739 2774 Idem
760 2745 870 2775 vero
890 2732 1159 2794 apertiffime
1181 2735 1325 2797 potest
1341 2734 1541 2798 intelligi
1562 2750 1620 2780 ex
1641 2731 1863 2780 inoffenso

83 2789 250 2836 veteris
264 2790 380 2852 juris
397 2802 631 2847 tenore‚ex
651 2809 745 2856 quo
763 2796 887 2857 apud
903 2797 1061 2843 Scotos
1079 2799 1261 2862 regnari
1283 2812 1485 2859 coeptum
1501 2800 1562 2845 est
1583 2798 1642 2845 ad
1665 2792 1860 2844 n'ostram

78 2853 222 2918 ¹usque
246 2856 512 2903 memoriam
537 2856 726 2913 servato,
764 2873 867 2918 curn
893 2878 1028 2908 nemo
1050 2862 1224 2910 interea
1245 2863 1334 2911 hoe
1349 2864 1423 2924 jus
1447 2879 1538 2910 non
1564 2863 1703 2909 modo
1725 2863 1861 2914 abro-

81 2933 209 2983 gare,
235 2919 310 2966 sed
332 2937 414 2968 nec
439 2922 713 2978 convellere,
734 2935 813 2971 aut
836 2923 928 2973 ulla
949 2927 997 2973 in
1019 2939 1148 2990 parte
1168 2926 1444 2975 imminuere
1469 2927 1667 2974 tentarit.
1735 2926 1860 2992 Cum

77 2992 153 3029 ‘tot
172 2984 341 3047 Reges,
366 3001 481 3049 quos
505 3002 772 3034 enumerare
804 2989 996 3054 longum
1021 2993 1144 3048 effer,
1182 2992 1374 3053 majores
1397 2991 1534 3039 nostri
1555 3006 1699 3053 regno
1720 3006 1863 3039 exue·-

72 3044 190 3104 rint,
210 3048 354 3096 exilio
368 3051 653 3108 damnarint,
678 3053 933 3102 carceribus
955 3056 1258 3112 coercuerint,
1283 3055 1508 3120 supplicio
1528 3055 1728 3119 denique
1744 3056 1863 3105 affe-

134 3176 199 3227 (κ)
211 3177 312 3216 Here
324 3193 392 3218 our
401 3180 624 3231 author(but
638 3180 668 3220 it
685 3183 943 3232 ought'rather
996 3184 1063 3223 but
1090 3185 1179 3236 they
1196 3185 1356 3235 refusing
1378 3187 1467 3235 said,
1501 3186 1586 3225 that
1613 3185 1702 3239 they
1719 3187 1793 3227 had
1812 3191 1867 3228 nb·

23 3235 26 3238 ’
70 3237 120 3273 ¹to
139 3231 183 3269 be
201 3232 265 3269 the
277 3238 418 3282 penner
433 3234 479 3272 of
503 3234 568 3272 the
602 3238 748 3284 record)
770 3237 799 3274 is
820 3238 942 3275 blam·
996 3240 1228 3277 commiflion
1248 3249 1287 3278 to
1321 3241 1433 3288 speak
1468 3242 1513 3279 of
1543 3253 1615 3291 any
1631 3241 1743 3291 thing
1775 3241 1862 3280 that

17 3311 27 3326 ,,
70 3285 125 3321 -ed
145 3285 189 3334 by
208 3285 305 3322 some
325 3285 386 3323 for
403 3295 504 3324 want
521 3287 567 3325 of
578 3288 778 3336 manen,
798 3290 838 3326 in
857 3303 941 3338 pro·
994 3292 1120 3341 'might
1138 3294 1307 3340 derogare
1325 3293 1423 3332 srom
1458 3294 1524 3333 the
1542 3294 1670 3344 king's
1688 3296 1861 3334 authori&

78 3337 284 3385 -pofing‘and
302 3338 494 3386 discuffing
508 3339 662 3386 butsone
676 3341 795 3390 point,
816 3342 942 3381 before
995 3351 1035 3393 ty
1052 3358 1063 3392 ;
1094 3347 1165 3383 and
1183 3346 1219 3383 if
1232 3346 1321 3385 such
1342 3360 1362 3383 a
1404 3348 1638 3386 commiffion
1673 3348 1745 3387 had
1766 3350 1861 3387 been

10 3412 15 3423 ι
75 3387 129 3426 he
148 3402 254 3427 corne
272 3397 309 3426 to
330 3392 395 3428 the
416 3391 557 3438 second,
593 3393 705 3430 about
724 3394 854 3432 which
875 3396 940 3433 the
994 3397 1102 3445 given
1121 3398 1243 3445 them,
1262 3399 1351 3451 they
1369 3403 1491 3440 would
1516 3411 1584 3442 not
1599 3401 1694 3440 have
1713 3412 1859 3453 acceptss⁴

1 3444 10 3459 Χ
71 3443 371 3481 tommiffioners
390 3443 462 3481 had
478 3458 527 3481 no
545 3445 796 3486 instrufitions.
814 3459 816 3461 ’
851 3448 940 3486 The
994 3451 1038 3487 ed
1056 3451 1101 3490 it.
1148 3451 1237 3490 The
1255 3453 1331 3490 first
1351 3467 1423 3492 was
1441 3455 1505 3493 the
1524 3456 1641 3502 main,
1661 3455 1774 3494 ifnot
1792 3457 1859 3493 the

64 3504 198 3543 &queen
216 3497 261 3534 of
273 3498 460 3545 England,
486 3497 561 3552 says
590 3499 816 3548 Spotswood,
853 3502 945 3539 wil·
993 3504 1085 3554 only
1104 3505 1224 3555 point,
1261 3515 1300 3543 to
1320 3509 1456 3546 adduce
1473 3508 1617 3546 reasons
1637 3510 1694 3548 sor
1708 3511 1859 3560 justify-

65 3544 137 3586 ²⁴1ed
151 3549 262 3589 them
300 3558 342 3590 to
379 3563 424 3600 go
450 3559 541 3590 unto
560 3550 627 3593 the
661 3552 793 3595 second
811 3554 905 3595 head
927 3569 938 3596 ς
995 3555 1059 3613 ing
1073 3557 1138 3598 the
1159 3559 1361 3611 depofition
1383 3563 1428 3601 of
1441 3563 1637 3614 QMary.

1784 3628 1862 3660 (Ε-
