2106 3838
226 186 314 246 40
537 167 898 248 RERUM
989 162 1667 229 Sco'rICARUM

215 279 387 326 genera
404 261 754 317 celebrarentur,
780 263 927 309 Dor-es
963 264 1003 305 δι
1026 260 1177 312 Iones,
1201 274 1253 306 ac
1275 261 1440 309 Dorici
1461 261 1638 324 generis
1662 260 1890 326 principes
1920 265 1987 311 es-

218 329 317 375 sent
355 327 534 390 Argivi‚
568 327 713 373 Ionici
756 341 863 371 vero
897 323 1214 376 Athenienses,
1255 325 1377 372 Scoti
1415 326 1671 388 principem
1710 326 1796 373 suae
1839 328 1989 391 gentis

217 390 509 439 conditorem
545 391 795 436 Gathelum
824 388 1053 449 quendam
1077 386 1254 433 faciunt
1292 406 1302 434 :
1352 406 1489 452 quem
1525 390 1658 453 Argi,
1683 407 1738 436 an
1770 392 1992 455 Cecropis

215 457 304 503 esse
326 456 470 502 silium
495 456 698 507 mallent,
722 455 943 499 incertum
969 450 1270 513 reliquerunt.
1326 453 1398 498 Ac
1420 470 1475 499 ne
1499 455 1811 501 Romanorum
1837 455 1882 502 in
1906 456 1993 502 hac

211 532 341 582 parte
362 520 575 565 cederent
602 515 810 568 claritati,
830 515 1030 561 validam
1055 514 1096 560 ei
1120 516 1346 562 latronum
1370 517 1634 576 adjecerunt
1656 535 1858 566 manum.
1886 535 1995 566 cum

216 599 310 646 qua
331 581 643 646 profeetus'in
678 581 938 642 AEgypgum
969 579 1204 641 praeclaras
1243 596 1311 626 res
1346 581 1508 643 gessisse
1538 581 1722 636 dicitur,
1759 583 1994 646 copiisque

213 647 374 709 Regiis
397 647 491 708 post
518 646 654 690 Mofis
675 643 905 689 discessum
930 642 1057 689 fuisse
1076 644 1331 705 praefec'tus.
1391 643 1577 691 Deinde
1598 660 1701 691 cum
1723 663 1860 694 uxore
1883 650 1996 694 Sco-

218 722 265 757 ta
285 711 429 773 Regis
452 708 666 770 AEgyptii
703 706 796 753 filia
817 720 967 754 totum
990 709 1186 772 Europae
1227 707 1336 754 litus
1375 708 1432 754 ad
1456 725 1578 755 mare
1599 708 1828 756 internum
1852 711 1996 773 perti·

214 791 328 822 nens
351 771 748 836 circumnavigasse
777 790 787 818 :
814 787 867 817 ac
890 771 1130 834 praeteritis
1154 784 1222 818 tot
1244 772 1510 836 regionibus
1533 771 1613 817 illa
1638 784 1767 818 aetate
1790 774 1991 829 desertis,

214 851 295 885 aut
312 850 432 884 certe
456 837 565 882 raris
597 837 642 882 in
685 836 815 890 locis,
840 842 880 883 &
916 853 943 882 a
982 836 1138 897 paucis
1172 837 1385 883 habitatis
1414 836 1616 890 Graecia,
1640 837 1791 891 ltalia,
1817 837 1996 892 Gallia,

214 913 406 963 totoque
425 899 596 946 Africae
625 900 778 949 litore.
808 903 879 961 (ut
897 900 1110 946 omittam
1145 899 1329 947 interim
1355 912 1422 946 tot
1444 901 1580 947 maris
1611 900 1779 947 interni
1805 901 1993 962 insulas)

214 965 294 1011 alii
316 980 422 1011 eum
446 965 499 1008 ad
527 964 647 1010 lberi
669 963 815 1025 amnis
838 963 1001 1010 ostium
1033 977 1289 1026 exponunt,
1325 979 1472 1025 eoque
1509 980 1641 1025 agro,
1668 980 1806 1026 quem
1843 980 1997 1014 tenere

215 1045 310 1076 non
332 1040 510 1091 poterat
525 1026 742 1077 relictoin
759 1027 1012 1075 GaJaeciam
1033 1028 1266 1091 regionem
1287 1029 1435 1076 multo
1454 1025 1716 1074 steriliorem
1734 1030 1995 1078 traducunt.

214 1093 315 1139 Alii
343 1096 581 1140 Oceanum
606 1093 823 1156 primum.
860 1107 909 1138 ut
944 1091 1154 1146 arbitror,
1188 1091 1450 1138 mortalium
1484 1092 1612 1139 classe
1636 1091 1816 1156 ingredi
1839 1094 1995 1144 ausum

213 1157 272 1203 ad
295 1157 435 1207 Dunii
475 1157 674 1204 fluminis
713 1157 874 1204 ostium
906 1169 1161 1219 exponunt,
1185 1173 1332 1219 eoque
1361 1156 1408 1202 in
1432 1157 1537 1202 loco
1560 1156 1739 1204 celebre
1769 1159 1997 1220 oppidum

215 1222 468 1269 condidisse
488 1224 668 1276 volunt,
705 1222 828 1285 quod
853 1221 909 1267 de
943 1221 1128 1268 nomine
1162 1222 1257 1282 ejus
1293 1222 1455 1267 Portus
1488 1221 1681 1267 Gatheli
1715 1238 1834 1268 nunc
1860 1238 1995 1269 voce-

212 1297 290 1345 tm·
319 1307 329 1332 2
368 1287 489 1334 unde
525 1286 741 1333 universae
783 1285 977 1350 regioni,
1015 1303 1118 1348 qum
1154 1303 1178 1331 a
1202 1285 1337 1338 Luso‚
1363 1288 1407 1334 ὅ(
1448 1285 1565 1331 Lusa
1587 1285 1755 1331 Bacchi
1789 1285 1891 1331 filiis
1914 1285 1997 1333 diu

213 1349 450 1399 Lusitania
469 1351 613 1398 fuerat
638 1352 881 1414 appellata,
905 1349 1233 1413 Ponugalliam
1254 1349 1344 1396 dici
1365 1348 1562 1412 coepisse.
1588 1349 1770 1396 Deinde
1788 1353 1996 1400 coactum

214 1413 347 1462 illinc
374 1415 420 1462 in
445 1415 700 1462 Galaeciam
723 1415 904 1478 penitus
929 1414 1051 1460 abire
1076 1414 1355 1477 Brigantiam
1376 1413 1440 1459 ibi
1465 1414 1723 1469 extruxisse,
1748 1431 1850 1477 quae
1874 1430 1995 1461 nunc

220 1481 532 1543 Compostella
554 1494 757 1527 vocetur.
809 1481 1050 1527 Bracarum
1074 1479 1184 1526 item
1209 1479 1266 1526 ab
1287 1494 1342 1525 eo
1365 1478 1422 1524 ad
1447 1479 1638 1526 Mundae
1663 1479 1807 1526 amnis
1831 1479 1991 1526 ostium

218 1544 469 1591 conditam.

282 1610 393 1655 ΧΠ.
430 1610 546 1655 Haec
572 1609 628 1655 de
650 1603 828 1670 origine
853 1607 938 1653 sum
961 1606 1111 1670 gentis
1137 1605 1338 1652 fabulose
1359 1606 1544 1653 tradunt
1564 1607 1686 1654 Scoti
1710 1626 1720 1655 :
1758 1607 1804 1654 in
1828 1607 1996 1670 quibus

218 1672 447 1735 fingendis
482 1690 619 1735 quam
653 1672 785 1732 nostri
823 1688 982 1736 parum
1008 1670 1318 1732 circumspefti
1362 1670 1529 1717 fuerint
1552 1671 1623 1717 vel
1647 1671 1755 1717 hinc
1779 1673 1997 1721 aestimare

218 1737 345 1792 licet,
369 1739 495 1800 quod
524 1738 693 1783 Gracco
729 1735 797 1783 illi
839 1737 1042 1782 Gathelo
1068 1734 1359 1797 scriptoribus
1380 1736 1555 1782 Graecis
1579 1736 1740 1797 ignoto
1774 1753 1831 1782 ne
1863 1738 1995 1783 Grae-

219 1817 325 1848 cum
348 1802 537 1865 quidem
563 1818 728 1848 nomen
766 1799 1011 1847 dederint:
1049 1800 1174 1861 quod
1214 1799 1312 1845 urbi
1345 1817 1370 1845 a
1409 1798 1451 1846 se
1486 1800 1684 1846 conditze
1721 1801 1937 1848 Latinum
1972 1801 1999 1848 ὲ

219 1878 358 1929 portu
391 1882 558 1913 nomen
599 1866 750 1929 potius
784 1881 924 1927 quam
953 1864 1173 1910 Graecum
1197 1863 1425 1917 dederint,
1460 1863 1709 1927 praesertim
1742 1865 1823 1913 illa
1846 1879 1996 1921 aetate,

218 1945 311 1993 qua
328 1931 599 1978 Graecorum
628 1929 897 1994 paucissimis
921 1927 1102 1975 Latium
1128 1927 1271 1989 ipsum
1297 1927 1385 1975 fuit
1407 1929 1683 1991 cognitum:
1710 1931 1837 1992 quod
1859 1930 1996 1977 dubi·

221 2006 320 2042 tant
352 1995 545 2060 Argiue,
586 2013 641 2042 an
679 1993 898 2055 Cecropis
941 1992 1077 2039 fuerit
1100 1993 1234 2045 filius,
1261 2006 1365 2039 cum
1390 1993 1646 2055 Cecropem
1676 1995 1828 2056 Argus
1851 2010 1997 2057 prope

221 2073 407 2106 centum
432 2060 560 2106 annis
585 2057 860 2105 antecesserit
885 2076 895 2104 :
933 2059 1055 2120 quod
1083 2058 1136 2111 is,
1163 2057 1241 2119 qui
1264 2057 1383 2103 inter
1404 2056 1612 2105 homines
1636 2057 1842 2105 omnium
1865 2057 1996 2121 inge·

221 2123 482 2170 niosiffimos
511 2138 686 2170 tantum
705 2121 948 2186 prudentia
968 2122 1250 2184 praestitisset,
1277 2134 1328 2168 ut
1360 2120 1603 2168 secundum
1629 2122 1653 2168 ὲ
1678 2124 1805 2186 Rege
1841 2124 1998 2170 locum

224 2201 416 2240 teneret,
441 2202 490 2244 ¹ut
515 2189 634 2235 Mosi
670 2188 870 2250 profugo
893 2187 1183 2242 sufficeretur,
1211 2200 1259 2233 ut
1281 2185 1546 2250 peregrinus
1573 2188 1733 2250 Regiis
1752 2188 1997 2235 honorare·

225 2265 300 2301 tur
337 2254 528 2316 nuptiis,
567 2254 720 2300 relicta
755 2252 942 2315 regione
981 2251 1120 2298 totius
1158 2251 1281 2297 orbis
1321 2250 1601 2305 fertilissima,
1640 2265 1708 2298 tot
1728 2262 1998 2314 praetervec-

225 2330 301 2364 tus
320 2318 496 2371 dextra,
519 2318 724 2381 laevaque
754 2316 1030 2363 continentis
1061 2316 1292 2378 utriusque
1316 2329 1470 2370 terras,
1497 2329 1565 2362 tot
1586 2315 1750 2363 insulas
1773 2331 1997 2378 proventu

223 2380 411 2444 frugum
430 2398 606 2435 omnes,
644 2383 758 2429 aeris
798 2380 1017 2445 temperie
1040 2380 1284 2443 plaerasque
1315 2379 1511 2444 insignes
1542 2380 1748 2435 Cretam,
1773 2381 2003 2437 Siciliam5

226 2446 476 2502 Corsicam,
498 2447 772 2502 Sardiniam,
789 2463 893 2510 quae
911 2445 991 2492 illa
1014 2459 1146 2492 aetate
1164 2444 1221 2492 ab
1244 2445 1405 2510 agresti
1422 2445 1658 2492 hominum
1684 2461 1852 2510 genere
1869 2457 1998 2494 tene-

224 2509 393 2556 bantur
412 2509 578 2564 verius,
603 2527 743 2573 quam
765 2511 1049 2564 colebantur,
1082 2510 1128 2556 in
1153 2510 1393 2556 Oceanuin
1415 2508 1553 2556 etiam
1576 2509 1672 2573 ipso
1695 2509 1881 2557 nomine
1904 2510 1998 2557 for-

225 2574 494 2624 midabilem
516 2575 732 2638 eruperit,
756 2575 1000 2639 praesertim
1025 2591 1130 2620 cum
1155 2573 1361 2621 homines
1384 2574 1533 2621 adhuc
1565 2591 1654 2621 non
1690 2591 1909 2637 magnum
1933 2574 1999 2621 rei
2030 2581 2034 2584 '

226 2639 423 2687 nauticae
462 2638 589 2685 usum
629 2640 864 2694 haberent,
903 2639 1250 2702 Portugalliam,
1282 2637 1356 2686 scu
1389 2640 1574 2686 Portum
1613 2639 1800 2686 Gatheli
1838 2639 1998 2687 urbem

228 2702 490 2750 condiderit
514 2704 570 2750 ad
597 2704 799 2752 Durium
823 2724 835 2752 :
869 2705 996 2765 cujus
1020 2703 1141 2750 urbis
1176 2719 1344 2750 nomen
1378 2702 1596 2766 nusquam
1638 2702 1869 2766 reperitur·
1895 2717 1999 2751 ante

227 2768 557 2815 Saracenorum
581 2767 626 2814 in
661 2768 891 2816 Lusitania
913 2767 1200 2815 dominatum
1228 2785 1238 2814 :
1266 2769 1502 2815 Bracaram
1525 2768 1663 2814 etiam
1687 2766 1922 2814 :edificant
1941 2770 2001 2815 ad

226 2832 422 2878 Mundae
455 2831 655 2880 fluminis
678 2832 857 2886 ostium,
896 2848 1000 2879 cum
1035 2832 1153 2878 inter
1175 2834 1430 2887 Bracaram,
1471 2834 1521 2882 δι
1547 2831 1771 2878 Mundam
1794 2830 1999 2879 intersint

224 2897 374 2943 multa
392 2895 784 2960 passuum·millia‚
808 2896 1052 2959 interjectis
1076 2897 1214 2943 etiam
1237 2895 1418 2943 duobus
1439 2894 1571 2943 claris
1596 2894 1804 2942 amnibus
1827 2895 1995 2952 Durio,

227 2965 268 3008 δε
289 2961 420 3008 Vaca
440 2979 450 3008 ε
486 2962 766 3024 Bracaraque
787 2960 977 3008 omnino
999 2959 1339 3008 maritimanon
1378 2960 1447 3007 sit.
1516 2960 1709 3006 Subit&
1733 2959 1849 3009 illud
1870 2977 1999 3025 quae-

226 3042 343 3080 rere,
367 3025 448 3088 qui
472 3026 567 3081 fiat,
595 3028 644 3072 ut
666 3025 894 3082 Gathelus
916 3027 1055 3073 homo
1073 3025 1284 3077 Graecus,
1309 3030 1349 3070 δι
1371 3023 1530 3071 illustri
1553 3024 1657 3070 loco
1679 3037 1828 3081 natus,
1854 3031 1894 3072 δι
1921 3036 1998 3072 ‘re-

227 3089 313 3136 bus
344 3090 477 3153 gestis
501 3091 647 3138 clarus
680 3106 786 3137 cum
811 3090 835 3137 ἐ
870 3103 1007 3154 gente
1029 3091 1135 3136 esset
1156 3088 1510 3137 ambitiosissima
1525 3088 1571 3135 in
1595 3088 1659 3135 sui
1681 3088 1880 3137 nominis
1901 3104 1999 3137 mo-

225 3153 374 3200 moria
396 3155 634 3216 prodenda
655 3155 860 3218 posteris,
885 3170 1151 3218 magnoque
1184 3153 1405 3201 comitatu
1426 3153 1474 3200 in
1512 3165 1736 3205 extremas
1771 3153 1907 3204 orbia'
1927 3165 1999 3214 to·

227 3215 319 3262 tius
343 3233 466 3272 oras,
498 3224 538 3266 δὲ
564 3232 613 3266 ut
635 3232 732 3266 tum
768 3235 838 3267 res
860 3231 1003 3274 erant,
1027 3234 1172 3282 prope
1201 3218 1414 3274 incultas,
1440 3223 1481 3265 δε
1505 3217 1723 3283 barbaras
1737 3219 2001 3283 veagissjop-

224 3279 338 3348 pida
355 3281 630 3339 condiderit,
657 3283 775 3330 nulli
794 3297 946 3333 tamen
968 3299 1128 3331 eorum
1153 3299 1245 3329 non
1267 3283 1408 3329 modo
1431 3283 1577 3338 suum,
1604 3280 1757 3345 sedne
1781 3281 2001 3344 Graecum

223 3344 415 3407 quidem
452 3362 619 3393 nomen
654 3346 936 3409 imposuerit.
1005 3345 1300 3410 Portugalliae
1334 3346 1462 3393 enim
1489 3361 1676 3400 nomen,
1708 3356 1787 3392 aut
1826 3338 2003 3407 (utssilli

224 3408 424 3468 malunt)
452 3411 614 3456 Portus
637 3411 833 3469 Gatheli
866 3425 939 3458 tot
955 3411 1138 3459 vetustis
1161 3411 1474 3474 scriptoribus,
1498 3409 1581 3472 qui
1598 3424 1666 3456 -ex
1686 3409 2003 3472 professo-tor-

224 3488 398 3526 rarum‚
435 3472 491 3519 &s
516 3476 722 3520 locorum
748 3475 935 3525 nomina
967 3476 1048 3523 fibi
1088 3475 1324 3522 scribenda
1343 3473 1642 3537 sumpserunt,
1678 3476 1893 3546 ignotum
1916 3490 1997 3520 an·
2024 3500 2026 3502 ·

226 3547 272 3581 te
295 3535 485 3598 quadsir
494 3549 656 3600 gentos
679 3552 819 3585 annos
846 3539 1064 3590 celebrari
1095 3552 1301 3601 coeptum
1323 3540 1414 3587 est.·
1452 3538 1633 3601 ‘Neque
1656 3553 1815 3589 minue.
1830 3537 1887 3597 ἃς
1910 3536 2003 3597 ffli-

227 3615 280 3646 us
304 3600 497 3648 Gathe'zi
520 3602 715 3649 adventu
739 3602 786 3648 in
812 3603 1086 3666 Hispaniam
1109 3605 1306 3666 suspecta
1328 3604 1389 3652 est
1412 3602 1623 3650 omnium
1647 3602 1937 3713 Graecoium,
1961 3605 2004 3647 sc

1714 3675 1723 3679 ’
1851 3674 2003 3712 inno·
