2043 3864
559 164 900 230 LrssER
997 158 1366 228 Nonus.
1498 201 1502 205 -
1733 173 1870 247 255

100 262 294 337 petitam
314 266 360 315 ei
381 261 624 313 collocavit
649 278 661 307 :
700 260 770 322 (1)
796 259 1103 323 Nithiamque
1127 255 1408 307 Gallovidiae
1431 255 1688 318 proximam
1718 258 1872 321 regio-

104 352 211 384 nem
249 332 370 381 dotis
393 329 578 379 nomine
607 324 753 372 dedit.
859 324 1008 387 Igitur
1042 341 1146 371 cum
1174 325 1231 370 ad
1249 320 1594 370 Kerlinfordam
1628 321 1869 384 oppidum,

101 400 218 456 utin
241 415 294 446 ea
315 408 450 461 gente
472 390 744 454 opulentum
766 387 867 434 suos
886 388 1170 451 exposuisset,
1192 405 1261 435 res
1279 384 1523 450 improvisa
1541 401 1762 448 magnum
1786 403 1870 449 op-

97 463 280 528 pidanis
299 473 514 508 terrorem
536 453 689 502 attulit
711 472 722 500 :
748 453 864 500 adeo
883 465 931 499 ut
949 453 1096 498 statim
1118 453 1176 499 ad
1195 469 1301 499 eum
1324 449 1546 505 miserint,
1570 449 1652 512 qui
1674 449 1732 495 de
1760 464 1870 495 con-

100 527 353 574 ditionibus
371 532 575 585 agerent.
644 519 748 565 Nec
765 517 1023 583 Duglaffius
1047 516 1208 573 abnuit
1233 535 1244 564 t
1274 516 1447 563 interea
1467 515 1524 561 de
1546 514 1673 561 hoste
1690 513 1868 560 securus

107 592 362 640 Robertum
400 589 631 633 Stuartum
654 580 1018 630 Durisderanum
1055 597 1160 627 cum
1183 580 1389 628 ducentis
1420 577 1644 627 militibus
1674 578 1794 625 misit
1814 578 1872 624 ad

105 665 386 703 commeatus
404 650 452 697 in
476 666 612 696 naves
635 646 1000 710 importandum.
1070 644 1310 708 Oppidani
1332 656 1511 707 tempus
1533 644 1591 690 ad
1613 642 1872 689 consultan-

102 719 212 764 dum
234 716 354 763 nacti
375 712 589 777 auxilia}
611 712 858 759 Dundalco
892 709 1139 757 accersunt.
1209 709 1328 756 Missi
1369 707 1613 771 quingenti
1646 707 1823 770 equites
1855 726 1868 755 ε

97 798 155 829 eo
179 781 374 827 subsidio
407 775 630 841 oppidani
666 775 802 829 aucti,
841 780 880 821 δε
911 775 993 836 ipsi
1017 774 1237 838 bipartito
1265 773 1313 819 in
1340 774 1512 819 hostem
1543 773 1719 818 ducunt
1760 789 1771 819 :
1820 786 1870 820 ut

98 845 312 892 omnibus
332 843 548 890 videlicet
571 840 691 886 caefis
725 840 874 903 (quod
896 839 1192 887 multitudine
1213 837 1317 884 freti
1346 836 1562 899 perfacile
1584 835 1705 882 factu
1734 847 1869 899 puta-

97 910 227 970 bant)
252 909 389 957 etiam
412 907 605 954 navibus
626 906 898 967 potirentur.
967 905 1054 950 Sed
1080 902 1325 965 utrobique
1352 901 1479 955 vieti,
1513 901 1738 963 oppidum
1758 917 1871 964 cap-

43 975 49 977 *
100 986 219 1029 tum,
238 973 536 1036 direptum,&
551 970 801 1017 incensum,
823 968 1107 1032 Qindecim
1125 966 1448 1030 navigiiS,quae
1468 967 1671 1026 in‘portu
1693 965 1864 1013 stabant

97 1039 252 1100 spoliis
277 1035 400 1092 urbis
433 1035 649 1088 oneratis,
690 1048 827 1096 atque
850 1033 1000 1080 obiter
1033 1034 1209 1087 Manna
1241 1030 1386 1078 insula
1409 1029 1600 1092 spoliata
1623 1031 1679 1075 ad
1713 1031 1867 1081 lacum
1902 1063 1904 1066 .

99 1103 320 1157 Rianum,
340 1102 421 1165 qui
439 1113 615 1163 partem
640 1098 919 1146 Gallovidiae
938 1097 965 1143 a
988 1097 1170 1143 Carieta
1188 1095 1382 1147 dirimit,
1403 1095 1656 1156 appellunt.
1690 1094 1762 1140 Ibi
1784 1097 1867 1140 sta-

100 1168 185 1214 tim
208 1167 466 1231 Dugla‘ssius
501 1181 605 1212 cum
641 1163 831 1210 rescisset
854 1174 1029 1224 patrem
1051 1161 1181 1207 suum
1210 1175 1260 1205 1n
1290 1158 1636 1219 expeditionem
1660 1159 1868 1205 adversus

99 1232 279 1296 Anglos
313 1230 587 1294 profectum,
624 1230 679 1275 εὸ
710 1227 863 1290 &ipse
885 1239 1109 1288 quantum
1133 1224 1292 1286 potest,
1328 1223 1522 1269 festinat.
1590 1224 1753 1269 Fuerat
1786 1240 1866 1270 au-

113 1309 206 1344 tem
230 1313 283 1343 ea
303 1294 540 1358 expeditio
562 1295 646 1340 hac
670 1292 870 1339 maxime
894 1292 950 1337 de
973 1289 1104 1336 causa
1124 1288 1352 1351 suscaepta.

88 1386 110 1397 v·
166 1363 296 1408 LIV.
330 1359 589 1407 Richardus
624 1359 806 1419 Anglus
836 1372 940 1402 cum
973 1353 1173 1401 Scotiam
1204 1353 1434 1415 superiore
1465 1367 1586 1398 anno
1616 1351 1762 1397 fuisset
1795 1352 1869 1400 in-

101 1427 286 1489 greffus,
319 1441 403 1471 nec
423 1423 672 1487 quicquam
694 1421 822 1475 sacri,
854 1432 932 1467 aut
954 1418 1135 1483 profani
1155 1417 1427 1464 inviolatum
1448 1415 1659 1470 omifiss'et
1679 1416 1869 1464 domum

101 1489 297 1537 reversus
318 1489 366 1535 in
391 1488 638 1536 maximam
676 1486 949 1533 seditionem
986 1482 1195 1537 incurrit,
1231 1499 1335 1545 quae
1357 1497 1542 1527 omnem
1577 1479 1716 1527 totius
1739 1481 1871 1545 regni

100 1556 260 1602 statum
280 1553 556 1601 immutavit.
626 1551 753 1598 Huic
776 1552 898 1597 malo
923 1562 971 1596 ut
992 1549 1267 1601 mederetur,
1304 1563 1408 1593 cum
1432 1545 1733 1608 magistratus,
1753 1562 1870 1608 prae-

102 1619 296 1666 fefturas
320 1617 680 1682 provinciarum,
721 1623 760 1662 δι
784 1615 1015 1661 minorum
1039 1629 1190 1658 rerum
1211 1610 1467 1658 curationes
1503 1616 1574 1671 (ut
1599 1609 1647 1656 in
1679 1610 1766 1655 hoc
1788 1628 1869 1673 ge-

104 1701 210 1730 nere
227 1682 322 1729 fieri
341 1683 480 1741 solet)¹
498 1682 555 1727 ab
577 1680 677 1727 aliis
696 1679 742 1725 in
764 1679 876 1726 alios
895 1677 1194 1732 transtulisset,
1215 1693 1268 1722 ea
1284 1675 1462 1722 ratione
1479 1674 1692 1721 odiorum
1712 1674 1870 1721 incen-

104 1747 179 1794 dia
202 1764 293 1794 non
329 1758 422 1793 tam
445 1746 631 1792 fuerunt
652 1743 868 1798 extincta,
895 1741 1036 1805 quam
1060 1741 1198 1795 tecla,
1221 1743 1268 1789 &
1291 1739 1340 1786 in
1372 1751 1578 1800 tempore
1603 1754 1711 1784 mox
1734 1755 1869 1801 erup-

107 1824 220 1858 tura.
250 1810 408 1858 Scotia
424 1822 584 1856 contra
602 1808 932 1872 tranquillitate
946 1806 1118 1853 summa
1137 1804 1387 1858 fruebatur,
1412 1804 1487 1850 sed
1510 1803 1683 1849 incerta
1708 1821 1718 1849 ε
1762 1821 1869 1850 nam

107 1882 148 1922 ἃ
162 1877 385 1937 juvenum
407 1874 572 1921 robore
594 1875 785 1920 florebat
809 1891 820 1919 ε
855 1888 937 1919 nec
957 1870 1045 1917 alia
1065 1883 1170 1917 aetas
1188 1868 1517 1930 imperatorum
1542 1866 1736 1913 feracior
1757 1879 1868 1913 erat.

107 1939 341 1986 Nobilitas
364 1939 505 2002 igitur
529 1938 640 1985 belli
663 1937 797 1984 avida
817 1937 867 1983 in
887 1934 1103 1983 omnibus
1128 1933 1322 1980 coetibus
1347 1933 1586 1985 fremebat,
1608 1943 1779 1978 tantam
1802 1933 1872 1976 ul-

102 2003 298 2051 ciscendi
319 2016 492 2051 veteres
518 2004 776 2065 Anglerum
802 2001 985 2063 injurias
1008 1993 1398 2062 opportunitatem
1420 1996 1617 2061 negligi,
1640 1997 1782 2059 quam'
1802 1995 1876 2044 illi

104 2084 392 2131 nequaquam
411 2068 543 2114 rebus
567 2066 722 2113 nostris
739 2065 1010 2127 perturbatis
1030 2060 1303 2126 praeterituri
1320 2063 1472 2109 efflent.
1540 2061 1770 2108 Robertus
1793 2078 1872 2108 au-

102 2146 195 2180 tem
220 2135 320 2180 Rex
342 2133 481 2179 homo
504 2144 665 2178 natura
682 2130 899 2193 quietior,
917 2135 958 2178 δε
975 2129 1036 2175 ob
1058 2125 1444 2192 ingravescentem
1470 2138 1649 2173 aetatem
1673 2126 1730 2172 ad
1753 2126 1874 2172 bella
1905 2139 1908 2141 ’

103 2197 384 2260 suscipienda
407 2195 579 2244 tas-dior
611 2196 808 2258 publicis
839 2193 1018 2256 injuriis
1054 2210 1146 2240 non
1180 2191 1283 2238 satis
1317 2191 1575 2253 permoveri
1610 2191 1871 2238 videbatur.

104 2263 296 2310 Ioannes
318 2262 356 2324 ej
366 2279 414 2309 us
433 2261 682 2308 filiusnatu
706 2260 929 2307 maximus
951 2258 1139 2321 ingenio
1160 2256 1324 2320 segnis,
1343 2255 1505 2318 &equi
1522 2256 1728 2318 percuffn
1746 2256 1874 2302 claua

103 2327 189 2373 dus
211 2327 268 2374 ad
286 2327 463 2374 labores
485 2326 720 2373 castrenses
742 2324 1036 2388 perferendos
1057 2338 1218 2385 parum
1243 2320 1512 2366 credebatur
1529 2317 1721 2366 idoneus
1754 2339 1764 2366 :
1813 2318 1874 2366 ad

7 2455 11 2464 ἱ
32 2434 44 2449 „
105 2391 361 2450 Robertum
378 2382 495 2438 ‘Fifae
516 2390 750 2437 Comitem
775 2401 886 2435 natu
905 2403 1168 2451 proximum
1192 2386 1243 2432 fit
1260 2400 1501 2449 procerum
1520 2383 1774 2431 concursus.
1800 2383 1876 2430 lbi

103 2472 249 2518 prope
266 2456 503 2517 deplorato
528 2456 640 2502 statu
659 2454 847 2517 publico
866 2452 1000 2498 facile
1021 2451 1139 2498 irr-ter
1155 2466 1322 2497 omnes
1336 2447 1552 2495 convenit
1565 2449 1881 2496 ulciscendam<

106 2521 192 2566 effe
212 2521 392 2568 cladem
411 2536 558 2581 nuper
579 2531 828 2581 accaeptam
855 2536 865 2563 ε
899 2517 947 2563 in
969 2516 1019 2562 id
1033 2532 1140 2562 cum
1160 2514 1350 2577 quisq-ue
1369 2513 1579 2561 alacriter
1596 2530 1782 2576 operam
1804 2512 1875 2559 su-

105 2599 179 2630 am
201 2586 400 2638 offerret,
420 2585 621 2631 delectus
640 2582 862 2632 indicitur
881 2581 929 2628 in
954 2579 1185 2643 proximas
1203 2578 1365 2624 Nonas
1386 2569 1599 2642 Augusti,
1622 2578 1697 2625 sed
1713 2578 1877 2626 occul-

106 2659 198 2703 ωε,
224 2660 274 2695 ut
297 2662 523 2710 utrunque
540 2649 743 2710 Regem,
767 2653 814 2695 ὃς
839 2647 1044 2699 Scotum,
1069 2647 1120 2694 ὃς
1143 2644 1351 2706 Anglum
1373 2643 1509 2704 juxta
1539 2643 1716 2692 lateret.
1787 2642 1878 2689 Sed

41 2712 45 2722 '
106 2713 288 2776 Anglos
308 2730 375 2760 res
398 2711 592 2759 minime
609 2711 779 2758 »fefellit
800 2729 812 2757 z
837 2710 919 2773 qni
941 2725 1047 2756 cum
1070 2725 1151 2771 per
1171 2707 1480 2769 exploratores
1499 2724 1613 2762 rem,
1639 2708 1781 2762 diem,
1802 2707 1873 2753 lo-

107 2791 308 2840 cumque
333 2776 638 2824 conveniendi
670 2776 1006 2839 comperissent,
1032 2779 1072 2820 &
1108 2773 1190 2835 ipfi
1219 2771 1379 2819 contra
1415 2771 1551 2818 fimili
1584 2773 1695 2819 dolo
1716 2776 1879 2833 capere

104 2840 252 2888 hostes
272 2856 510 2889 conantur.
532 2867 540 2873 ·>
563 2842 791 2888 *Proceres
822 2839 947 2886 enim
978 2849 1164 2884 caeteros
1187 2837 1454 2891 admonent,
1481 2848 1530 2883 ut
1563 2835 1662 2883 suos
1682 2837 1877 2899 quisque

107 2919 286 2969 paratos
304 2906 520 2961 habeant,
535 2922 625 2952 non
647 2904 888 2952 incertum
907 2902 1098 2967 quidem
1116 2901 1258 2957 diem,
1274 2902 1350 2949 sed
1369 2901 1741 2964 quandocunque
1763 2914 1880 2963 opus

108 2967 229 3024 effer,
257 2983 306 3017 ut
327 2972 384 3017 ad
409 2972 535 3034 figna
555 2968 869 3020 convenirent.
1010 2978 1013 2982 ⁴
1142 2965 1143 2972 ¹
1235 3002 1239 3005 -

143 3068 147 3073 :
173 3036 276 3081 LV.
309 3035 400 3082 His
421 3034 487 3082 ita
513 3033 774 3097 compositis
793 3050 897 3080 cum
917 3032 1013 3093 jam
1036 3029 1266 3084 audirent,
1289 3046 1382 3077 non
1406 3029 1568 3093 procul
1598 3045 1625 3075 a
1646 3026 1795 3076 limite
1829 3027 1880 3076 in

105 3098 328 3145 Treviotia
343 3101 586 3146 Scotorum
607 3099 664 3145 ad
701 3098 910 3162 triginta,
943 3108 1022 3144 aut
1052 3094 1102 3142 ut
1136 3094 1239 3142 vult
1272 3094 1547 3151 Froffardus',
1575 3092 1883 3156 quadraginta

0 3136 4 3152 ψ

0 3216 7 3231 ἵ
57 3222 60 3226 ⁴
109 3163 256 3210 millia
285 3163 557 3223 convenisse,
583 3163 899 3216 decreverunt,
923 3160 1281 3223 quoniam'cum
1304 3168 1431 3204 tanta
1453 3155 1751 3202 multitudine
1771 3172 1887 3204 con-

106 3226 238 3289 gredi
257 3241 349 3272 non
371 3226 606 3281 auderent,
630 3225 748 3272 nihil
765 3239 870 3273 ante
891 3225 1027 3271 host-is
1049 3223 1300 3269 adventum
1321 3222 1406 3266 effe
1428 3220 1690 3269 conandum
1715 3239 1727 3268 :
1766 3226 1805 3268 δε
1830 3233 1883 3269 ut

105 3289 601 3336 interim-commodius
623 3288 1119 3341 coelarentconfilium,
1144 3284 1272 3331 domi
1289 3284 1480 3347 quisque
1497 3283 1586 3330 suae
1608 3283 1650 3331 se
1672 3285 1882 3333 contine-

99 3366 209 3401 ¹rent
229 3354 342 3401 dum
365 3352 848 3423 animadverterent-in
871 3366 1010 3415 quam
1034 3349 1221 3397 tandem
1242 3348 1482 3413 regionem
1508 3359 1635 3396 tanta
1657 3347 1699 3397 se
1734 3350 1883 3397 effun-

114 3456 120 3524 γ.
151 3483 225 3532 (1)
254 3483 352 3523 This
371 3484 450 3522 lord
480 3482 525 3520 of
547 3481 744 3530 Nithsdale
775 3479 848 3518 had
879 3481 966 3530 only
1020 3478 1218 3516 Nithsdale
1238 3478 1284 3529 by
1300 3477 1382 3528 her,
1402 3480 1473 3517 and
1490 3478 1530 3517 in
1548 3479 1613 3517 the
1631 3481 1718 3530 days
1731 3479 1776 3517 of
1788 3479 1884 3530 king

35 3553 38 3556 ·
111 3549 181 3574 one
199 3537 391 3585 daughter,
411 3535 569 3585 married
598 3544 638 3573 to
656 3536 784 3582 Henry
803 3533 968 3570 Sinclare
1000 3572 1003 3573 ⁷
1020 3533 1146 3583 James
1167 3533 1220 3580 II.
1239 3534 1438 3573 excambed
1453 3532 1485 3572 it
1502 3533 1559 3574 for
1576 3533 1772 3590 Cgithness
1789 3535 1884 3571 wrm

109 3589 187 3628 ωτι
204 3589 258 3629 of
271 3588 443 3653 ertney,
467 3587 564 3630 'who
578 3597 644 3640 got
661 3588 727 3648 the
748 3586 909 3641 lordship
928 3587 974 3629 of
1021 3583 1089 3644 the
1107 3584 1217 3636 king.

1767 3674 1894 3729 deret
