2043 3864
437 166 761 234 LIBER
866 156 1425 227 Sam-:Mus
1719 176 1840 241 159

89 268 229 322 senio,
266 275 316 312 ut
336 263 463 320 solet,
488 262 705 311 accrevit:
749 258 916 324 partim
938 273 1122 306 enatum
1143 261 1204 306 est
1224 275 1280 306 ex
1308 255 1481 320 inopia,
1503 271 1606 320 quae
1634 258 1844 322 largitio-

89 349 202 380 num
223 326 573 377 immodicarum
590 325 841 388 semper³est
863 340 1029 371 comes.
1096 324 1272 371 Praedia
1288 335 1456 369 temere
1474 320 1700 367 nobilitati
1724 320 1842 369 divi-

90 397 135 443 sa
153 413 231 457 per
249 395 386 442 scelus
404 393 460 439 ad
478 390 519 436 se
541 390 765 436 retrahere
784 400 970 434 conatus
995 390 1159 434 multos
1177 387 1515 450 opulentiorum
1533 385 1596 432 ita
1614 385 1842 435 multavit,

94 473 144 508 ut
165 460 275 506 alios
294 458 352 504 ad
372 467 581 508 mortem,
596 453 707 499 alios
722 454 778 499 ad
792 465 1042 499 extremam
1056 454 1294 515 egestatem
1309 449 1548 514 redegerit.
1572 449 1720 512 Igitur
1731 466 1847 512 prae-

93 524 213 571 sente
231 536 365 583 poena
375 532 605 580 utcunque
622 518 851 564 interdum
863 518 978 577 justa
995 516 1231 578 superioris
1247 514 1553 563 beneficentiae
1568 514 1760 577 gratiam
1776 512 1847 557 su-

92 599 293 651 perante,
309 601 414 630 cum
428 580 596 644 injuria
608 582 663 628 ad
676 594 1015 644 paucos,metus
1034 594 1186 626 tamen
1198 582 1253 626 ad
1269 581 1434 627 multos
1446 575 1848 642 pertineret,spoli-

93 656 289 704 atorum,
305 663 357 696 ac
368 648 581 695 caesorurn
596 645 821 693 neceffarii
839 647 887 691 in
912 644 1133 690 ultionem
1152 644 1346 699 suorum,
1363 660 1415 690 ac
1428 644 1549 689 suam
1563 641 1847 689 securitatem

92 731 250 762 ornnes
265 711 564 776 cogitationes
577 710 887 767 intenderunt.
902 711 906 720 '
929 710 1141 754 Tandem
1158 711 1280 771 apud
1293 707 1550 754 Glammim
1569 707 1614 752 in
1630 707 1847 770 Angusta,

95 777 328 841 corruptis
349 776 542 839 pecunia
555 772 812 821 domesticis
827 772 1038 835 ministris
1060 775 1191 819 nocte
1204 772 1437 819 intromissi
1453 774 1629 835 Regem
1651 770 1851 817 trucida-

95 856 219 890 runt.
240 880 244 882 .
266 842 483 889 Facinore
506 850 785 902 perpetrato,
803 837 991 886 ministri
1015 854 1104 883 una
1121 853 1224 884 cum
1243 837 1480 899 parricidis
1504 853 1610 882 cum
1633 835 1680 882 in
1711 850 1853 897 equos

98 906 470 959 conscendissent,
486 921 600 966 quos
622 903 680 949 ad
697 916 910 949 eventum
934 901 998 947 rei
1021 903 1173 947 stratos
1196 902 1440 954 habebant,
1462 901 1635 946 viarum
1654 898 1853 961 vestigiis

95 989 177 1034 per
193 987 378 1031 campos
393 969 495 1015 nive
513 969 753 1030 adopertos
772 966 985 1023 confusis,
1000 966 1046 1011 in
1062 966 1314 1028 lacum,qui
1331 968 1391 1011 est
1410 964 1703 1010 adForfarum
1719 962 1853 1025 oppi-

97 1035 208 1082 dum
225 1034 381 1088 deiati,
400 1033 590 1080 cedente
608 1031 734 1077 oneri
752 1032 897 1094 glacie
920 1031 1121 1076 nondum
1144 1031 1270 1075 firma
1287 1031 1344 1075 ad
1364 1045 1505 1075 unum
1524 1029 1654 1091 aquis
1673 1029 1854 1089 absorp-

98 1098 135 1146 ti
156 1098 402 1162 perierunt.
449 1097 573 1143 Gelu
596 1096 759 1142 deinde
781 1107 974 1141 coeunte
997 1095 1054 1139 ad
1075 1107 1254 1155 tempus
1275 1094 1454 1146 coelata,
1481 1108 1531 1138 ac
1554 1094 1734 1139 tandem
1757 1093 1856 1154 gia-

98 1162 168 1211 cie
191 1163 397 1215 resoluta,
422 1161 597 1206 detecta
617 1176 807 1220 corpora
827 1159 978 1220 paffim
1002 1174 1082 1220 per
1103 1158 1196 1203 vias
1220 1158 1426 1221 publicas
1453 1157 1509 1202 ad
1542 1170 1756 1203 terrorem
1787 1155 1857 1201 vi-

100 1228 322 1280 ventium,
349 1241 400 1272 ac
419 1235 702 1270 mortuorum
722 1222 973 1269 ludibrium
997 1221 1342 1267 contabuerunt.
1411 1222 1528 1266 Haec
1548 1220 1860 1284 vulgatior'est

103 1292 238 1339 fama.
277 1289 371 1337 Alii
394 1306 450 1335 ex
471 1288 642 1335 insidiis
666 1286 692 1332 a
712 1285 984 1350 propinquis
1009 1284 1180 1338 Grimi,
1207 1291 1247 1332 ἃς
1272 1285 1555 1331 Constantini
1579 1285 1859 1347 superiorum

102 1357 284 1419 Regum
306 1366 493 1401 cruento
515 1352 674 1415 praelio
701 1351 902 1397 conserto
924 1350 1267 1410 interemptum,
1292 1349 1371 1395 alii
1394 1365 1419 1394 a
1440 1348 1707 1411 propinquis
1730 1349 1864 1410 puel-

101 1421 160 1466 lae
182 1419 364 1473 nobilis,
389 1417 463 1465 cui
477 1418 570 1463 vim
585 1416 817 1468 intulerat,
835 1413 1176 1469 caesum,omnes
1194 1413 1397 1460 violenta
1421 1427 1564 1460 morte
1580 1413 1753 1475 periisse
1772 1425 1866 1458 tra-⁴

103 1485 235 1530 dunt.
303 1481 633 1529 Milcolumbus
661 1481 791 1542 supra
821 1494 962 1525 annos
984 1477 1177 1541 triginta
1205 1494 1398 1542 regnum
1419 1477 1485 1523 ita
1507 1477 1670 1533 tenuit,
1709 1490 1758 1524 ut
1780 1476 1863 1523 nisi

103 1548 291 1595 avaritia
319 1543 503 1593 senilem
534 1545 737 1591 animum
759 1542 1038 1605 corrupisset,
1072 1542 1190 1588 inter
1226 1542 1428 1605 optimos
1454 1541 1683 1604 principes
1705 1541 1864 1587 haberi

102 1614 259 1675 posset.
302 1613 461 1657 Annus
484 1627 575 1672 quo
599 1624 802 1655 mortuus
825 1607 899 1661 est,
923 1605 1205 1669 prodigiosus
1229 1607 1316 1653 fuit
1338 1606 1491 1655 hieme
1508 1605 1765 1660 fluminum,
1784 1622 1864 1651 ve-

42 1724 43 1729 ,
103 1693 154 1723 re
182 1675 315 1722 maris
336 1673 710 1721 inundationibus
736 1691 747 1717 z
780 1673 891 1718 item
913 1672 1069 1733 paucis
1099 1670 1262 1716 diebus
1291 1672 1388 1734 post
1411 1670 1610 1716 aestivum
1632 1669 1866 1716 solstitium
1922 1667 1924 1669 ’

106 1739 366 1786 vehementi
386 1737 511 1801 gelu,
537 1742 576 1783 Sc
599 1735 715 1781 nivis
737 1735 838 1782 casu
864 1754 874 1781 :
908 1735 1034 1796 quod
1055 1734 1319 1802 prodigium
1346 1749 1513 1797 magna
1533 1732 1741 1797 frugibus
1764 1750 1864 1781 cor-

109 1803 256 1867 ruptis
279 1803 419 1849 fames
439 1802 499 1848 est
521 1799 770 1847 consecuta.

182 2435 1799 2587 HISTORIA

286 2674 500 2726 Αυᾶοτε
556 2672 929 2727 GE0R010
987 2674 1485 2732 BUCHANANO
1539 2676 1705 2745 Secto,

541 2845 846 2893 LIBER
911 2846 1455 2896 SEPTIMUS.

116 2994 157 3042 I.
338 2989 387 3040 U
405 2991 444 3038 A
460 2992 516 3039 M
537 2991 757 3056 pertinaci
785 2994 1080 3042 contentiOne
1106 2995 1393 3051 Kennethus,
1419 3001 1460 3042 δε
1483 2997 1811 3048 Milcolumbus
1833 3018 1882 3048 e-

362 3073 435 3117 Jus
453 3056 570 3104 fillus'
589 3057 880 3113 elaborarint,
901 3071 951 3105 ut
972 3061 1154 3123 Regum
1171 3058 1306 3107 liberi
1322 3077 1403 3122 per
1420 3077 1578 3107 manus
1596 3062 1787 3124 imperia
1802 3082 1895 3127 pas

372 3133 551 3167 rentum
581 3122 858 3184 acciperent,
882 3123 1108 3186 superiore
1142 3124 1260 3171 libro
1281 3126 1341 3170 est
1363 3142 1389 3170 a
1411 3125 1540 3170 nobis
1565 3126 1843 3188 explicatum
1868 3148 1880 3176 ε

118 3202 213 3249 quo
236 3201 344 3257 yero
366 3184 557 3231 succeffu
578 3183 628 3230 id
673 3186 881 3242 fecerint,
901 3188 953 3234 in·
980 3188 1269 3251 sequentibus
1305 3188 1543 3250 apparebit
1576 3208 1586 3235 :
1619 3204 1741 3240 certe
1759 3194 1885 3256 quod

117 3249 304 3315 pubhce
325 3265 486 3312 regno,
510 3260 588 3294 aut
607 3249 820 3311 privatim
840 3252 1024 3314 regibus
1047 3251 1397 3314 promittebatur
1417 3267 1475 3298 ex
1495 3252 1598 3317 lege
1620 3250 1740 3302 nova
1757 3271 1886 3304 com-

117 3314 308 3361 modum
332 3330 424 3360 non
446 3313 505 3360 est
527 3312 835 3367 consecutum.
902 3315 989 3361 Illa
1010 3316 1134 3362 enim
1157 3316 1369 3364 universis
1388 3316 1693 3365 ostentabatur
1715 3322 1886 3369 utilitas

118 3393 176 3424 ex
194 3377 282 3423 hoc
303 3377 437 3449 regiae
458 3376 733 3424 successionis
753 3378 1076 3437 stabilimento,
1091 3391 1152 3435 ,ut
1167 3379 1423 3435 seditioneS,
1438 3381 1605 3436 caede5‚
1625 3382 1794 3433 infidiae
1815 3386 1897 3433 in-‘

119 3452 190 3514 ter
205 3455 503 3505 propinquos,
523 3440 716 3489 ambitio
729 3442 846 3489 inter
862 3459 1089 3505 procereS,
1110 3445 1318 3506 malaque
1335 3456 1512 3500 caetera,
1527 3464 1630 3509 quae
1646 3450 1770 3495 exiis
1791 3452 1889 3497 nas·
1912 3456 1917 3461 ’

119 3521 167 3551 (ι
189 3505 347 3562 solent,
370 3519 743 3568 praetaverentur.
800 3509 979 3554 -Contra
993 3511 1103 3571 vero
1125 3508 1240 3567 mihi
1261 3503 1409 3555 causas
1431 3510 1656 3557 malorum
1679 3515 1890 3575 publico-

121 3586 226 3616 rum
244 3570 542 3633 perquirenti,
569 3574 609 3617 &
627 3572 796 3619 vetusta
816 3588 923 3620 cum
943 3572 1562 3632 recentioribus·conferenti,
1590 3575 1690 3622 haec
1712 3579 1884 3635 omnia,

1787 3658 1890 3703 quae
