2106 3838
243 150 330 217 88
539 151 899 219 RERUM
995 147 1684 214 ScoT10-ARUM

224 251 306 300 cui
328 251 534 301 omnium
556 269 706 300 rerum
728 250 847 314 apud
868 251 1044 311 Regem
1068 247 1268 294 maxima
1286 261 1383 295 erat
1403 249 1530 302 fides,
1555 255 1595 296 &
1618 248 1871 306 austeritas,
1893 249 1988 298 col-

228 317 346 363 leAEta
365 335 500 366 manu
522 317 783 380 proceribus
805 311 988 359 obviam
1011 310 1075 357 ire
1097 311 1224 358 ausus
1246 329 1272 358 a
1298 312 1384 366 suis
1407 313 1637 367 descritur,
1670 316 1714 361 δε
1740 328 1896 376 captus
1918 317 1987 359 vi-

230 394 324 427 tam
354 380 520 444 lacjueo
543 381 656 427 finit.
725 375 980 424 Multitudo
1005 375 1102 435 jam
1125 374 1331 421 Galdum
1352 377 1514 427 ducem
1540 379 1668 423 nafta
1690 377 1988 424 Dardannum

230 444 423 492 latebras
443 447 733 508 spec‘tantem‚
762 444 811 490 &
835 440 954 485 inter
975 439 1290 501 prendendum
1315 455 1500 487 manum
1523 441 1603 486 fibi
1626 440 1792 487 inferre
1820 457 1988 487 conan-

228 521 321 555 tem
345 511 403 556 ad
424 526 527 555 eum
552 506 774 569 perducit.
827 502 899 549 Ibi
922 504 1067 549 statim
1090 502 1206 549 mori
1222 503 1378 564 juffus.
1431 503 1595 566 Capite
1618 504 1819 551 defunfti
1844 505 1898 551 ad
1918 506 1989 551 lu-

229 572 428 619 dibrium
453 571 682 635 proposito
704 585 867 631 corpus
890 568 937 614 in
959 568 1164 614 cloacam
1186 565 1456 630 projestum,
1481 582 1586 613 cum
1607 570 1825 632 regnasset
1849 585 1989 615 annos

226 651 436 698 quatuor.

293 773 469 819 XXVI.
508 772 555 816 H
571 771 617 817 U
633 771 653 816 Ι
669 769 709 816 C
732 698 1213 817 succeffit>gtiiibriihi
1229 694 1454 816 {enudus
1476 781 1785 832 cognomento
1809 769 1988 817 Galdus

227 839 279 884 &
298 836 470 881 suarum
490 834 710 880 virtutum
731 833 960 888 tirocinio,
976 836 1024 882 &t
1042 833 1182 896 patris
1200 833 1366 896 optimi
1385 834 1620 887 memoria,
1643 839 1679 879 «Sc
1702 834 1855 880 indole
1875 851 1987 895 prae—

228 900 347 945 clara
364 897 647 961 proceribus,
673 912 724 943 ac
746 898 1019 959 plebijuxta
1042 911 1186 943 carus.
1256 898 1370 943 Sunt
1403 898 1483 959 qui
1518 899 1637 943 hunc
1670 898 1927 960 Galgacum
1965 913 1990 942 a

225 962 396 1009 Tacito
433 963 653 1026 appellari
695 961 965 1008 existiment.
1034 963 1076 1006 A
1102 960 1246 1007 Scotis
1278 976 1534 1023 cognomen
1558 961 1599 1006 ei
1637 961 1780 1006 Galdi
1815 964 1874 1008 est
1909 962 1987 1008 ad-

226 1025 393 1081 ditum,
417 1027 542 1090 quod
565 1027 687 1089 apud
707 1025 932 1073 Brittones
954 1025 1169 1071 educatus
1191 1024 1351 1070 fuisset.
1422 1023 1544 1070 Scoti
1566 1023 1686 1070 enirn
1709 1037 1856 1071 vetere
1878 1041 1985 1071 con—

225 1089 463 1138 suetudine
485 1091 679 1137 advenas
697 1090 875 1137 Galdos
899 1091 970 1135 vel
993 1089 1174 1142 Gallos,
1199 1088 1324 1135 velut
1357 1087 1579 1134 Germani
1603 1089 1732 1133 VVals
1761 1090 1990 1150 appellare

225 1153 401 1202 solent:
434 1171 525 1217 qua
556 1155 611 1201 de
643 1171 697 1202 re
717 1153 825 1200 alibi
860 1154 994 1217 plura
1023 1153 1240 1200 diximus.
1310 1153 1402 1199 Hic
1436 1153 1677 1199 maximam
1704 1152 1760 1197 de
1792 1153 1832 1198 se
1867 1153 1989 1214 spem

227 1233 497 1282 conceptam
520 1219 665 1266 auxit.
732 1218 963 1284 Profeftus
994 1218 1050 1263 ad
1081 1216 1244 1263 insulas
1279 1217 1444 1269 Sciam,
1472 1222 1511 1263 δε
1537 1218 1761 1278 Leogum,
1790 1233 1877 1262 non
1903 1216 1987 1262 mi·

226 1298 340 1329 nore
363 1282 624 1346 prudentia,
643 1282 1055 1346 'quam-severitate
1086 1295 1234 1328 motus
1260 1281 1534 1344 jampridem
1559 1293 1698 1333 ortes,
1725 1286 1770 1327 §t
1806 1280 1994 1343 ignavia¹

220 1340 468 1407 sDa⁴rdanni
506 1348 658 1393 auc‘IOs
690 1346 982 1407 compescuit.
1050 1347 1299 1392 Latronum
1339 1346 1476 1391 duces
1514 1344 1743 1391 interemit
1769 1363 1778 1390 :
1815 1345 1990 1390 crete-ris

226 1424 379 1472 poenae
415 1424 539 1458 metu
564 1412 634 1460 vel
658 1409 739 1457 fibi
774 1409 1042 1457 consciscere
1065 1410 1274 1463 exilium,
1299 1410 1372 1456 vel
1411 1410 1466 1455 ad
1501 1425 1638 1471 opera
1661 1408 1821 1456 rustica
1844 1409 1989 1455 redire

226 1475 411 1522 coactis.
479 1475 573 1522 Hic
595 1475 757 1537 opinor
790 1475 960 1537 primus
997 1475 1176 1537 Regum
1203 1476 1440 1520 Scotorum
1477 1473 1601 1537 signa
1629 1488 1734 1518 cum
1769 1473 1987 1520 Romanis

227 1540 440 1592 contulit,
465 1539 661 1599 imperio
680 1556 837 1585 eorum
862 1538 1080 1599 paulatim
1102 1538 1142 1583 se
1161 1538 1217 1583 ad
1240 1537 1347 1584 fines
1370 1537 1505 1609 ipsius
1525 1550 1821 1599 propagante.
1860 1538 1983 1583 Nam

228 1603 417 1649 Petilius
441 1603 631 1649 Cerialis
655 1603 825 1665 primus
850 1602 1134 1665 Brigantium
1153 1601 1267 1647 vires
1290 1601 1457 1663 fregit:
1493 1604 1540 1649 &
1560 1601 1654 1660 ejus
1675 1601 1886 1646 successor
1907 1603 1988 1662 Ju-

227 1666 317 1713 lius
339 1667 582 1713 Frontinus
606 1666 774 1713 Silures
796 1666 923 1711 vicit.
994 1667 1067 1711 Ad
1091 1666 1169 1711 has
1191 1677 1348 1727 gentes
1372 1681 1460 1711 non
1484 1664 1599 1710 adeo
1621 1666 1758 1726 longe
1782 1681 1806 1709 a
1829 1667 1989 1710 Scoto-

227 1747 348 1785 rum,
368 1734 416 1778 &
441 1730 668 1777 Piciorum
692 1730 856 1776 finibus
878 1730 1041 1791 positas
1065 1745 1153 1775 non
1177 1730 1390 1776 abhorret
1407 1746 1432 1775 a
1449 1745 1556 1774 vero
1575 1728 1698 1773 missa
1720 1727 1844 1774 fuisse
1862 1728 1990 1775 auxi·

228 1795 308 1841 lia.
377 1795 587 1840 Succcssit
609 1794 914 1856 superioribus
942 1793 1086 1854 Julius
1110 1793 1333 1856 Agricola
1357 1811 1366 1839 :
1401 1793 1480 1855 qui
1503 1790 1717 1855 superatis
1741 1792 1988 1839 Ordovici-

230 1859 333 1913 bus,
349 1859 586 1921 Monaque
605 1858 746 1906 insula
764 1858 810 1904 in
834 1860 1098 1920 potestatem
1122 1858 1301 1904 redaCta
1321 1873 1425 1903 cum
1448 1857 1502 1902 ad
1523 1856 1865 1919 angustissimam
1890 1857 1986 1903 Bri-

231 1923 397 1970 tanniae
415 1937 589 1986 partem
612 1922 815 1975 venisset,
840 1935 957 1969 ratus
979 1938 1069 1967 non
1092 1937 1309 1984 magnum
1334 1920 1415 1967 fibi
1436 1921 1490 1967 ad
1513 1920 1664 1966 insulae
1695 1921 1829 1967 finem
1854 1920 1989 1983 spati-

231 2003 310 2034 um
333 1987 565 2048 superesse‚
585 1987 788 2033 animum
810 1986 865 2031 aci
886 1998 1026 2032 totam
1049 1985 1405 2048 perdomandam
1428 1983 1608 2045 adjecit.
1663 1985 1826 2031 Tertio
1847 1985 1989 2047 igitur

228 2050 414 2115 imperii
441 2068 560 2097 anno
595 2051 823 2114 proximas
853 2049 1099 2103 PiCtorum,
1134 2055 1174 2096 δι’
1209 2051 1447 2095 Scotorum
1481 2049 1689 2111 regiones
1725 2051 1989 2112 populando

218 2115 469 2180 percurrit,
489 2116 637 2162 donec
658 2115 714 2161 ad
737 2115 891 2160 Taum
914 2131 1095 2162 amnem
1116 2112 1323 2176 pervenit
1344 2131 1354 2159 :
1388 2112 1581 2176 quanvis
1615 2112 1780 2158 afflicto
1814 2126 1988 2176 tempe-

227 2180 415 2229 statibus
433 2179 654 2233 exercitu,
678 2177 872 2241 spatium
894 2190 1046 2225 tamen
1067 2177 1290 2241 ponendis
1312 2176 1480 2224 idoneo
1509 2177 1611 2222 loco
1634 2176 1821 2223 castellis
1843 2177 1987 2226 habu.-

225 2244 297 2292 it:
330 2262 436 2309 quae
459 2261 528 2292 res
547 2249 587 2291 δι
609 2242 794 2290 consilia
815 2241 1008 2289 hostium
1031 2258 1146 2288 vana
1170 2239 1388 2295 reddidit,
1407 2244 1454 2290 &
1477 2239 1593 2286 vires
1623 2239 1777 2305 fregit.
1838 2243 1988 2290 Antea

219 2308 352 2357 enim
375 2309 582 2357 homines
604 2307 663 2355 ad
696 2306 901 2357 omniurn
942 2307 1167 2354 malorum
1189 2303 1456 2368 patientiam
1487 2303 1687 2351 indurati
1717 2322 1818 2369 qua:
1842 2308 1987 2355 aessate

215 2373 482 2429 amiserant,
507 2374 658 2420 hieme
693 2371 952 2436 legionibus
990 2388 1071 2434 per
1093 2369 1283 2416 hiberna
1303 2367 1378 2415 dis
1404 2369 1506 2416 ersis
1535 2370 1863 2432 recuperabant
1888 2389 1898 2417 :
1936 2388 1989 2419 ac

227 2439 500 2502 plaerunque
521 2437 698 2486 castella
717 2453 809 2484 non
831 2435 932 2482 satis
955 2435 1134 2482 munita
1152 2387 1493 2497 expugnabant.
1562 2433 1687 2480 Tum
1715 2449 1824 2480 vero
1853 2435 1986 2483 soler-

222 2502 295 2548 tia
316 2503 545 2566 Agricolae
571 2503 619 2549 in
641 2500 830 2549 castellis
851 2498 1096 2564 ponendis,
1119 2501 1169 2550 δε
1197 2497 1438 2562 diligentia
1457 2497 1505 2544 in
1528 2497 1804 2553 muniendis,
1827 2496 1989 2548 annuis

228 2565 372 2629 copiis
394 2567 441 2614 in
476 2566 652 2614 finoula
670 2565 886 2627 conjectis
909 2576 1025 2612 artes
1055 2579 1212 2611 eorum
1237 2560 1574 2609 frustrabantur.
1643 2561 1819 2625 Qarto
1840 2563 1989 2627 impe«

227 2629 286 2676 rii
308 2647 427 2677 anno
444 2607 675 2694 persFeEtO
695 2647 832 2693 quam
857 2629 983 2677 brevi
1004 2627 1148 2692 spatio
1169 2623 1413 2682 Bodotriae,
1435 2631 1474 2673 ἃ·
1497 2625 1675 2673 Glottae
1697 2626 1897 2673 aestcaria
1917 2625 1988 2675 di-

223 2694 467 2751 rimantur,
488 2711 538 2742 ac
560 2696 665 2742 loco
687 2693 903 2757 praefidiis
920 2694 1098 2741 firmato
1119 2691 1328 2756 regiones
1349 2690 1397 2737 in
1414 2688 1721 2738 Hibernicum
1745 2706 1866 2738 mare
1888 2709 1988 2740 ver-

231 2758 296 2806 sas
317 2760 621 2822 depopulatus
640 2761 715 2805 est.
785 2757 962 2822 Qinto
987 2774 1107 2804 anno
1128 2755 1258 2803 claffe
1279 2754 1327 2801 in
1350 2756 1591 2802 Oceanum
1619 2753 1810 2802 immissa
1831 2756 1989 2804 multis

223 2823 275 2870 in
298 2823 409 2870 locis
423 2824 729 2871 exscenfiones
752 2824 876 2878 iecit,
899 2837 951 2869 ac
972 2818 1351 2884 populationibus
1374 2813 1647 2865 maritimam
1665 2834 1788 2865 oram
1808 2815 1988 2867 infesta-

228 2886 310 2942 vit,
336 2888 581 2951 littoraque
602 2886 878 2935 Hiberniam
905 2885 1150 2950 spe&antia
1176 2881 1391 2947 praesidiis
1425 2880 1643 2936 munivit,
1665 2899 1755 2928 non
1778 2885 1917 2930 modo
1938 2883 1990 2934 in

232 2951 354 2998 usum
376 2952 656 3013 praesentem,
680 2952 754 2998 sed
775 2952 912 2998 etiam
939 2963 987 2997 ut
1007 2950 1055 2997 in
1078 2947 1353 2997 Hiberniam
1369 2945 1499 2994 iilinc
1521 2945 1697 2994 facilius
1715 2946 1954 3009 trajiceret.

292 3016 495 3064 XXVII.
531 3017 635 3064 Hac
657 3016 888 3080 Agricolae
907 3012 1150 3078 prudentia
1166 3010 1294 3060 Scoti
1314 3017 1354 3059 δι
1373 3011 1490 3058 Picti
1508 3010 1554 3058 in
1583 3011 1820 3076 angustum
1843 3028 1987 3077 angu-

227 3080 324 3126 lum
345 3080 562 3135 conclusi,
579 3084 630 3130 ὃς
653 3097 681 3127 a
700 3080 960 3128 Brittonum
978 3076 1256 3126 commercio
1277 3074 1428 3124 seclusi
1450 3076 1507 3123 ad
1532 3076 1743 3135 ultimum
1765 3072 1850 3123 sese
1869 3073 1988 3138 peri-

227 3143 383 3190 culum
405 3143 747 3207 comparabant.
813 3144 919 3191 Nec
940 3143 1120 3207 segnius
1141 3140 1363 3205 Agricola
1381 3137 1510 3189 classe
1529 3139 1767 3188 circumire
1794 3139 1910 3201 jussa
1929 3141 1987 3188 ad

226 3219 431 3253 extrema
447 3207 600 3258 insulae
621 3208 918 3271 exploranda,
944 3213 984 3265 «St.
1007 3207 1101 3272 ipse
1122 3218 1243 3253 trans
1262 3205 1535 3253 Bodotriam.
1549 3205 1687 3258 dudio
1707 3203 1911 3251 exercitu
1939 3202 1989 3252 in

228 3270 506 3318 Caledonios
530 3273 740 3320 tetendit.
806 3272 882 3320 Ibi
895 3272 993 3334 jam
1026 3271 1171 3321 hostes
1191 3282 1241 3317 ut
1261 3268 1309 3316 in
1333 3269 1548 3318 ultimum
1570 3264 1809 3317 discrimen
1876 3268 1990 3315 arati

227 3333 407 3382 castella
429 3335 640 3397 quaedam
675 3337 991 3395 Romanorum
1011 3351 1280 3400 oppugnare
1313 3334 1500 3399 aggreffi
1529 3328 1707 3381 tantum
1737 3326 1840 3379 intu
1858 3345 1992 3379 erunt

226 3397 430 3451 terroris,
454 3407 506 3444 ut
520 3398 739 3462 plaerique
760 3407 802 3449 δι
823 3401 1188 3461 multitudinem,
1207 3404 1248 3446 &
1270 3415 1329 3446 ex
1349 3395 1659 3462 desperatione
1690 3395 1990 3460 pertinaciam

227 3462 441 3511 timentes
462 3458 746 3511 consulerent
766 3479 874 3512 cum
905 3461 1110 3514 exercitu
1130 3475 1253 3511 retro
1286 3462 1335 3510 in
1372 3460 1605 3527 pacatiora
1635 3462 1739 3510 loca
1758 3472 1989 3508 reverten-

228 3527 361 3574 dum.
422 3524 602 3572 Verum
631 3524 727 3573 dux
763 3544 848 3590 pro
882 3528 985 3577 ofiti
1015 3540 1163 3577 certus
1193 3543 1301 3575 cum
1322 3527 1467 3575 hostes
1500 3523 1709 3589 pluribus
1729 3522 1991 3589 agminibus

229 3589 474 3640 adventare
493 3587 699 3648 audiffet,
727 3591 839 3657 &ip
859 3610 884 3649 e
905 3592 1136 3657 tripartito
1167 3588 1377 3642 adversus
1405 3606 1483 3640 eos
1515 3588 1684 3639 duxit:
1716 3605 1821 3653 quae
1855 3604 1928 3655 rep
1948 3586 1995 3635 ei

1110 3695 1117 3701 .
1733 3665 1996 3716 ‚.pene
