<?xml version="1.0" encoding="UTF-8"?>
<!DOCTYPE html PUBLIC "-//W3C//DTD XHTML 1.0 Transitional//EN"
    "http://www.w3.org/TR/xhtml1/DTD/xhtml1-transitional.dtd">
<html xmlns="http://www.w3.org/1999/xhtml" xml:lang="en" lang="en">
 <head>
  <title>
</title>
<meta http-equiv="Content-Type" content="text/html;charset=utf-8" />
  <meta name='ocr-system' content='tesseract 3.04.00' />
  <meta name='ocr-capabilities' content='ocr_page ocr_carea ocr_par ocr_line ocrx_word'/>
</head>
<body>
  <div class='ocr_page' id='page_1' title='image "./rerumscoticarumh00buch_0582.png"; bbox 0 0 1994 3833; ppageno 0'>
   <div class='ocr_carea' id='block_1_1' title="bbox 136 113 1619 197">
    <p class='ocr_par' dir='ltr' id='par_1_1' title="bbox 136 113 1619 197">
     <span class='ocr_line' id='line_1_1' title="bbox 136 113 1619 197; baseline 0.013 -19"><span class='ocrx_word' id='word_1_1' title='bbox 136 113 348 195; x_wconf 74' lang='lat'>566-</span> <span class='ocrx_word' id='word_1_2' title='bbox 469 121 837 189; x_wconf 63' lang='lat' dir='ltr'>RERUM</span> <span class='ocrx_word' id='word_1_3' title='bbox 928 124 1619 197; x_wconf 68' lang='lat' dir='ltr'>ScoTreAnuM</span> 
     </span>
    </p>
   </div>
   <div class='ocr_carea' id='block_1_2' title="bbox 112 216 1981 3130">
    <p class='ocr_par' dir='ltr' id='par_1_2' title="bbox 115 216 1911 603">
     <span class='ocr_line' id='line_1_2' title="bbox 115 216 1907 294; baseline 0.012 -38"><span class='ocrx_word' id='word_1_4' title='bbox 115 216 180 257; x_wconf 84' lang='lat' dir='ltr'>&#39;te</span> <span class='ocrx_word' id='word_1_5' title='bbox 203 230 369 275; x_wconf 80' lang='lat' dir='ltr'>paucos</span> <span class='ocrx_word' id='word_1_6' title='bbox 392 233 532 266; x_wconf 80' lang='lat' dir='ltr'>annos</span> <span class='ocrx_word' id='word_1_7' title='bbox 554 219 805 281; x_wconf 66' lang='lat' dir='ltr'>praefuerit.</span> <span class='ocrx_word' id='word_1_8' title='bbox 859 222 1000 269; x_wconf 89' lang='lat' dir='ltr'>Nunc</span> <span class='ocrx_word' id='word_1_9' title='bbox 1023 240 1131 271; x_wconf 88' lang='lat' dir='ltr'>vero</span> <span class='ocrx_word' id='word_1_10' title='bbox 1154 224 1193 270; x_wconf 91' lang='lat' dir='ltr'>se</span> <span class='ocrx_word' id='word_1_11' title='bbox 1219 241 1310 273; x_wconf 89' lang='lat' dir='ltr'>non</span> <span class='ocrx_word' id='word_1_12' title='bbox 1332 225 1553 290; x_wconf 81' lang='lat' dir='ltr'>legitimis</span> <span class='ocrx_word' id='word_1_13' title='bbox 1572 228 1907 294; x_wconf 82' lang='lat' dir='ltr'>suffragiis‚sed.</span> 
     </span>
     <span class='ocr_line' id='line_1_3' title="bbox 131 276 1897 357; baseline 0.011 -34"><span class='ocrx_word' id='word_1_14' title='bbox 131 276 420 329; x_wconf 53' lang='lat' dir='ltr'>&amp;rebellibus</span> <span class='ocrx_word' id='word_1_15' title='bbox 455 299 537 344; x_wconf 87' lang='lat' dir='ltr'>per</span> <span class='ocrx_word' id='word_1_16' title='bbox 561 283 670 338; x_wconf 85' lang='lat' dir='ltr'>vim,</span> <span class='ocrx_word' id='word_1_17' title='bbox 710 301 762 332; x_wconf 85' lang='lat' dir='ltr'>ac</span> <span class='ocrx_word' id='word_1_18' title='bbox 796 286 1016 334; x_wconf 85' lang='lat' dir='ltr'>summam</span> <span class='ocrx_word' id='word_1_19' title='bbox 1041 288 1255 350; x_wconf 83' lang='lat' dir='ltr'>injuriam</span> <span class='ocrx_word' id='word_1_20' title='bbox 1277 291 1509 338; x_wconf 86' lang='lat' dir='ltr'>exclusum</span> <span class='ocrx_word' id='word_1_21' title='bbox 1530 299 1546 339; x_wconf 75' lang='grc' dir='ltr'>ἐ</span> <span class='ocrx_word' id='word_1_22' title='bbox 1583 299 1620 339; x_wconf 85' lang='lat'>&amp;</span> <span class='ocrx_word' id='word_1_23' title='bbox 1656 298 1801 357; x_wconf 87' lang='lat' dir='ltr'>(quod</span> <span class='ocrx_word' id='word_1_24' title='bbox 1823 288 1897 344; x_wconf 80' lang='lat' dir='ltr'>in-</span> 
     </span>
     <span class='ocr_line' id='line_1_4' title="bbox 132 341 1895 419; baseline 0.012 -31"><span class='ocrx_word' id='word_1_25' title='bbox 132 341 317 406; x_wconf 80' lang='lat' dir='ltr'>dignius</span> <span class='ocrx_word' id='word_1_26' title='bbox 339 346 417 405; x_wconf 81' lang='lat' dir='ltr'>est)</span> <span class='ocrx_word' id='word_1_27' title='bbox 444 363 525 408; x_wconf 88' lang='lat' dir='ltr'>per</span> <span class='ocrx_word' id='word_1_28' title='bbox 542 346 738 411; x_wconf 84' lang='lat' dir='ltr'>legitimi</span> <span class='ocrx_word' id='word_1_29' title='bbox 758 350 986 414; x_wconf 82' lang='lat' dir='ltr'>sanguinis</span> <span class='ocrx_word' id='word_1_30' title='bbox 1010 365 1326 416; x_wconf 82' lang='lat' dir='ltr'>contemptum</span> <span class='ocrx_word' id='word_1_31' title='bbox 1341 355 1542 402; x_wconf 17' lang='lat' dir='ltr'>,nothum</span> <span class='ocrx_word' id='word_1_32' title='bbox 1565 355 1612 402; x_wconf 90' lang='lat' dir='ltr'>in</span> <span class='ocrx_word' id='word_1_33' title='bbox 1636 356 1895 419; x_wconf 85' lang='lat' dir='ltr'>supremum</span> 
     </span>
     <span class='ocr_line' id='line_1_5' title="bbox 130 404 1911 476; baseline 0.01 -23"><span class='ocrx_word' id='word_1_34' title='bbox 130 404 284 454; x_wconf 79' lang='lat' dir='ltr'>locum</span> <span class='ocrx_word' id='word_1_35' title='bbox 309 410 598 472; x_wconf 70' lang='lat' dir='ltr'>assumptum.</span> <span class='ocrx_word' id='word_1_36' title='bbox 654 414 748 476; x_wconf 84' lang='lat' dir='ltr'>Qi</span> <span class='ocrx_word' id='word_1_37' title='bbox 772 415 937 471; x_wconf 86' lang='lat' dir='ltr'>honor,</span> <span class='ocrx_word' id='word_1_38' title='bbox 963 418 990 463; x_wconf 89' lang='lat' dir='ltr'>fi</span> <span class='ocrx_word' id='word_1_39' title='bbox 1016 418 1096 464; x_wconf 74' lang='lat' dir='ltr'>fi‘m</span> <span class='ocrx_word' id='word_1_40' title='bbox 1120 419 1390 474; x_wconf 57' lang='lat' dir='ltr'>restruatur,</span> <span class='ocrx_word' id='word_1_41' title='bbox 1416 420 1545 466; x_wconf 86' lang='lat' dir='ltr'>brevi</span> <span class='ocrx_word' id='word_1_42' title='bbox 1568 437 1724 468; x_wconf 84' lang='lat' dir='ltr'>omnes</span> <span class='ocrx_word' id='word_1_43' title='bbox 1749 437 1911 471; x_wconf 19' lang='lat' dir='ltr'>motus.</span> 
     </span>
     <span class='ocr_line' id='line_1_6' title="bbox 131 471 1896 544; baseline 0.011 -28"><span class='ocrx_word' id='word_1_44' title='bbox 131 471 398 542; x_wconf 79' lang='lat' dir='ltr'>domesticos</span> <span class='ocrx_word' id='word_1_45' title='bbox 418 477 759 539; x_wconf 87' lang='lat' dir='ltr'>conquieturos,</span> <span class='ocrx_word' id='word_1_46' title='bbox 785 485 824 526; x_wconf 87' lang='lat'>&amp;</span> <span class='ocrx_word' id='word_1_47' title='bbox 848 481 1072 544; x_wconf 76' lang='lat' dir='ltr'>Reginam</span> <span class='ocrx_word' id='word_1_48' title='bbox 1096 484 1186 529; x_wconf 78' lang='lat' dir='ltr'>sine</span> <span class='ocrx_word' id='word_1_49' title='bbox 1200 484 1264 539; x_wconf 87' lang='lat' dir='ltr'>vi,</span> <span class='ocrx_word' id='word_1_50' title='bbox 1281 484 1372 532; x_wconf 88' lang='lat' dir='ltr'>fine</span> <span class='ocrx_word' id='word_1_51' title='bbox 1385 501 1614 531; x_wconf 86' lang='lat' dir='ltr'>armorum</span> <span class='ocrx_word' id='word_1_52' title='bbox 1631 488 1830 535; x_wconf 76' lang='lat' dir='ltr'>tumultu</span> <span class='ocrx_word' id='word_1_53' title='bbox 1849 491 1896 536; x_wconf 82' lang='lat' dir='ltr'>in</span> 
     </span>
     <span class='ocr_line' id='line_1_7' title="bbox 127 538 1114 603; baseline 0.012 -22"><span class='ocrx_word' id='word_1_54' title='bbox 127 538 360 599; x_wconf 62' lang='lat' dir='ltr'>&#39;pristinam</span> <span class='ocrx_word' id='word_1_55' title='bbox 385 538 702 603; x_wconf 73' lang='lat' dir='ltr'>dignationem</span> <span class='ocrx_word' id='word_1_56' title='bbox 724 544 978 592; x_wconf 79' lang='lat' dir='ltr'>restitutum</span> <span class='ocrx_word' id='word_1_57' title='bbox 1005 547 1114 593; x_wconf 78' lang='lat' dir='ltr'>iri.”</span> 
     </span>
    </p>

    <p class='ocr_par' dir='ltr' id='par_1_3' title="bbox 115 598 1981 2290">
     <span class='ocr_line' id='line_1_8' title="bbox 195 598 1981 676; baseline 0.011 -30"><span class='ocrx_word' id='word_1_58' title='bbox 195 598 375 648; x_wconf 88' lang='lat' dir='ltr'>XXVI.</span> <span class='ocrx_word' id='word_1_59' title='bbox 408 605 484 651; x_wconf 85' lang='lat' dir='ltr'>Ad</span> <span class='ocrx_word' id='word_1_60' title='bbox 506 622 561 652; x_wconf 88' lang='lat' dir='ltr'>ea</span> <span class='ocrx_word' id='word_1_61' title='bbox 580 606 854 668; x_wconf 79' lang='lat' dir='ltr'>respondent</span> <span class='ocrx_word' id='word_1_62' title='bbox 891 610 1033 673; x_wconf 87' lang='lat' dir='ltr'>legati</span> <span class='ocrx_word' id='word_1_63' title='bbox 1068 611 1209 676; x_wconf 88' lang='lat' dir='ltr'>Regis</span> <span class='ocrx_word' id='word_1_64' title='bbox 1250 621 1285 643; x_wconf 87' lang='lat'><strong>“</strong></span> <span class='ocrx_word' id='word_1_65' title='bbox 1306 610 1648 661; x_wconf 69' lang='lat' dir='ltr'>Hamiltoniuin</span> <span class='ocrx_word' id='word_1_66' title='bbox 1683 631 1779 662; x_wconf 89' lang='lat' dir='ltr'>rem</span> <span class='ocrx_word' id='word_1_67' title='bbox 1803 633 1910 676; x_wconf 66' lang='lat' dir='ltr'>non⁴</span> <span class='ocrx_word' id='word_1_68' title='bbox 1978 627 1981 629; x_wconf 77' lang='grc'><strong>’</strong></span> 
     </span>
     <span class='ocr_line' id='line_1_9' title="bbox 131 665 1974 742; baseline 0.011 -30"><span class='ocrx_word' id='word_1_69' title='bbox 131 665 272 712; x_wconf 83' lang='lat' dir='ltr'>modo</span> <span class='ocrx_word' id='word_1_70' title='bbox 296 666 493 730; x_wconf 86' lang='lat' dir='ltr'>legibus,</span> <span class='ocrx_word' id='word_1_71' title='bbox 518 674 558 716; x_wconf 89' lang='lat'>&amp;</span> <span class='ocrx_word' id='word_1_72' title='bbox 582 684 786 719; x_wconf 87' lang='lat' dir='ltr'>veterum</span> <span class='ocrx_word' id='word_1_73' title='bbox 809 673 1022 722; x_wconf 83' lang='lat' dir='ltr'>institutis</span> <span class='ocrx_word' id='word_1_74' title='bbox 1045 692 1102 723; x_wconf 85' lang='lat' dir='ltr'>ex</span> <span class='ocrx_word' id='word_1_75' title='bbox 1125 678 1311 724; x_wconf 86' lang='lat' dir='ltr'>adverso</span> <span class='ocrx_word' id='word_1_76' title='bbox 1338 689 1637 740; x_wconf 81' lang='lat' dir='ltr'>pugnantem,</span> <span class='ocrx_word' id='word_1_77' title='bbox 1659 679 1735 726; x_wconf 87' lang='lat' dir='ltr'>sed</span> <span class='ocrx_word' id='word_1_78' title='bbox 1756 682 1894 742; x_wconf 86' lang='lat' dir='ltr'>etiam</span> <span class='ocrx_word' id='word_1_79' title='bbox 1968 688 1974 689; x_wconf 48' lang='lat'><em>⁷</em></span> 
     </span>
     <span class='ocr_line' id='line_1_10' title="bbox 130 729 1895 808; baseline 0.01 -33"><span class='ocrx_word' id='word_1_80' title='bbox 130 731 161 777; x_wconf 83' lang='lat' dir='ltr'>fi</span> <span class='ocrx_word' id='word_1_81' title='bbox 184 729 340 777; x_wconf 75' lang='lat' dir='ltr'>omiffa</span> <span class='ocrx_word' id='word_1_82' title='bbox 362 733 517 797; x_wconf 88' lang='lat' dir='ltr'>legum</span> <span class='ocrx_word' id='word_1_83' title='bbox 540 737 808 785; x_wconf 66' lang='lat' dir='ltr'>aucloritate</span> <span class='ocrx_word' id='word_1_84' title='bbox 827 747 907 802; x_wconf 78' lang='lat' dir='ltr'>‘per</span> <span class='ocrx_word' id='word_1_85' title='bbox 926 740 967 787; x_wconf 88' lang='lat' dir='ltr'>se</span> <span class='ocrx_word' id='word_1_86' title='bbox 985 740 1225 803; x_wconf 64' lang='lat' dir='ltr'>spefietur,</span> <span class='ocrx_word' id='word_1_87' title='bbox 1246 743 1383 806; x_wconf 89' lang='lat' dir='ltr'>longe</span> <span class='ocrx_word' id='word_1_88' title='bbox 1402 741 1721 805; x_wconf 75' lang='lat' dir='ltr'>iniquissimam</span> <span class='ocrx_word' id='word_1_89' title='bbox 1744 745 1895 808; x_wconf 83' lang='lat' dir='ltr'>postu·</span> 
     </span>
     <span class='ocr_line' id='line_1_11' title="bbox 127 795 1893 869; baseline 0.01 -29"><span class='ocrx_word' id='word_1_90' title='bbox 127 795 238 841; x_wconf 87' lang='lat' dir='ltr'>lare·</span> <span class='ocrx_word' id='word_1_91' title='bbox 307 797 508 859; x_wconf 87' lang='lat' dir='ltr'>Majores</span> <span class='ocrx_word' id='word_1_92' title='bbox 530 801 653 846; x_wconf 91' lang='lat' dir='ltr'>enim</span> <span class='ocrx_word' id='word_1_93' title='bbox 678 803 814 849; x_wconf 86' lang='lat' dir='ltr'>nostri</span> <span class='ocrx_word' id='word_1_94' title='bbox 836 804 898 850; x_wconf 92' lang='lat' dir='ltr'>ob</span> <span class='ocrx_word' id='word_1_95' title='bbox 920 805 1274 869; x_wconf 85' lang='lat' dir='ltr'>consanguineas</span> <span class='ocrx_word' id='word_1_96' title='bbox 1305 807 1352 854; x_wconf 88' lang='lat' dir='ltr'>in</span> <span class='ocrx_word' id='word_1_97' title='bbox 1377 808 1527 869; x_wconf 84' lang='lat' dir='ltr'>Regia</span> <span class='ocrx_word' id='word_1_98' title='bbox 1550 807 1725 855; x_wconf 83' lang='lat' dir='ltr'>familia</span> <span class='ocrx_word' id='word_1_99' title='bbox 1748 811 1893 858; x_wconf 80' lang='lat' dir='ltr'>caedes</span> 
     </span>
     <span class='ocr_line' id='line_1_12' title="bbox 115 861 1895 934; baseline 0.01 -29"><span class='ocrx_word' id='word_1_100' title='bbox 115 861 225 920; x_wconf 64' lang='lat' dir='ltr'>“post</span> <span class='ocrx_word' id='word_1_101' title='bbox 246 876 389 908; x_wconf 90' lang='lat' dir='ltr'>annos</span> <span class='ocrx_word' id='word_1_102' title='bbox 410 880 555 927; x_wconf 89' lang='lat' dir='ltr'>prope</span> <span class='ocrx_word' id='word_1_103' title='bbox 577 865 706 912; x_wconf 89' lang='lat' dir='ltr'>mille</span> <span class='ocrx_word' id='word_1_104' title='bbox 742 879 968 915; x_wconf 85' lang='lat' dir='ltr'>trecentos</span> <span class='ocrx_word' id='word_1_105' title='bbox 990 870 1282 924; x_wconf 84' lang='lat' dir='ltr'>comitiorum</span> <span class='ocrx_word' id='word_1_106' title='bbox 1315 872 1362 918; x_wconf 88' lang='lat' dir='ltr'>in</span> <span class='ocrx_word' id='word_1_107' title='bbox 1386 872 1516 934; x_wconf 84' lang='lat' dir='ltr'>Rege</span> <span class='ocrx_word' id='word_1_108' title='bbox 1538 872 1735 924; x_wconf 82' lang='lat' dir='ltr'>creando</span> <span class='ocrx_word' id='word_1_109' title='bbox 1757 874 1895 922; x_wconf 85' lang='lat' dir='ltr'>ratio·-</span> 
     </span>
     <span class='ocr_line' id='line_1_13' title="bbox 127 927 1941 1006; baseline 0.009 -36"><span class='ocrx_word' id='word_1_110' title='bbox 127 941 231 972; x_wconf 85' lang='lat' dir='ltr'>nem</span> <span class='ocrx_word' id='word_1_111' title='bbox 255 938 398 974; x_wconf 82' lang='lat' dir='ltr'>totam</span> <span class='ocrx_word' id='word_1_112' title='bbox 429 927 748 979; x_wconf 83' lang='lat' dir='ltr'>immutarunt.</span> <span class='ocrx_word' id='word_1_113' title='bbox 819 934 940 980; x_wconf 92' lang='lat' dir='ltr'>Cum</span> <span class='ocrx_word' id='word_1_114' title='bbox 976 933 1097 981; x_wconf 88' lang='lat' dir='ltr'>enim</span> <span class='ocrx_word' id='word_1_115' title='bbox 1137 948 1287 992; x_wconf 86' lang='lat' dir='ltr'>antea,</span> <span class='ocrx_word' id='word_1_116' title='bbox 1323 937 1403 998; x_wconf 90' lang='lat' dir='ltr'>qui</span> <span class='ocrx_word' id='word_1_117' title='bbox 1439 935 1464 982; x_wconf 79' lang='grc' dir='ltr'>ὲ</span> <span class='ocrx_word' id='word_1_118' title='bbox 1486 935 1660 984; x_wconf 87' lang='lat' dir='ltr'>familia</span> <span class='ocrx_word' id='word_1_119' title='bbox 1693 931 1895 1006; x_wconf 81' lang='lat' dir='ltr'>Fergufii</span> <span class='ocrx_word' id='word_1_120' title='bbox 1936 962 1941 963; x_wconf 41' lang='lat'><em>⁷</em></span> 
     </span>
     <span class='ocr_line' id='line_1_14' title="bbox 126 991 1911 1066; baseline 0.007 -28"><span class='ocrx_word' id='word_1_121' title='bbox 126 991 268 1054; x_wconf 87' lang='lat' dir='ltr'>primi</span> <span class='ocrx_word' id='word_1_122' title='bbox 289 992 432 1056; x_wconf 85' lang='lat' dir='ltr'>Regis</span> <span class='ocrx_word' id='word_1_123' title='bbox 456 1010 545 1040; x_wconf 90' lang='lat' dir='ltr'>non</span> <span class='ocrx_word' id='word_1_124' title='bbox 571 996 700 1058; x_wconf 85' lang='lat' dir='ltr'>Rege</span> <span class='ocrx_word' id='word_1_125' title='bbox 723 997 941 1045; x_wconf 64' lang='lat' dir='ltr'>defunfito</span> <span class='ocrx_word' id='word_1_126' title='bbox 963 1016 1131 1062; x_wconf 84' lang='lat' dir='ltr'>genere</span> <span class='ocrx_word' id='word_1_127' title='bbox 1153 1000 1406 1062; x_wconf 74' lang='lat' dir='ltr'>proximuS,</span> <span class='ocrx_word' id='word_1_128' title='bbox 1433 1000 1508 1047; x_wconf 88' lang='lat' dir='ltr'>sed</span> <span class='ocrx_word' id='word_1_129' title='bbox 1528 1017 1671 1065; x_wconf 88' lang='lat' dir='ltr'>regno</span> <span class='ocrx_word' id='word_1_130' title='bbox 1693 1003 1911 1066; x_wconf 39' lang='lat' dir='ltr'>gerendo,-</span> 
     </span>
     <span class='ocr_line' id='line_1_15' title="bbox 126 1057 1896 1124; baseline 0.008 -22"><span class='ocrx_word' id='word_1_131' title='bbox 126 1057 327 1103; x_wconf 85' lang='lat' dir='ltr'>maxime</span> <span class='ocrx_word' id='word_1_132' title='bbox 350 1059 542 1106; x_wconf 83' lang='lat' dir='ltr'>idoneus</span> <span class='ocrx_word' id='word_1_133' title='bbox 566 1060 788 1124; x_wconf 80' lang='lat' dir='ltr'>suffragiis</span> <span class='ocrx_word' id='word_1_134' title='bbox 812 1064 912 1109; x_wconf 83' lang='lat' dir='ltr'>Rex</span> <span class='ocrx_word' id='word_1_135' title='bbox 947 1076 1192 1120; x_wconf 80' lang='lat' dir='ltr'>crearetur,</span> <span class='ocrx_word' id='word_1_136' title='bbox 1223 1065 1496 1112; x_wconf 86' lang='lat' dir='ltr'>Kennethus</span> <span class='ocrx_word' id='word_1_137' title='bbox 1522 1081 1626 1112; x_wconf 88' lang='lat' dir='ltr'>vero</span> <span class='ocrx_word' id='word_1_138' title='bbox 1643 1067 1819 1120; x_wconf 82' lang='lat' dir='ltr'>tertius,</span> <span class='ocrx_word' id='word_1_139' title='bbox 1847 1081 1896 1116; x_wconf 86' lang='lat' dir='ltr'>ut</span> 
     </span>
     <span class='ocr_line' id='line_1_16' title="bbox 124 1121 1893 1192; baseline 0.008 -26"><span class='ocrx_word' id='word_1_140' title='bbox 124 1121 308 1184; x_wconf 86' lang='lat' dir='ltr'>Regum</span> <span class='ocrx_word' id='word_1_141' title='bbox 333 1123 543 1169; x_wconf 84' lang='lat' dir='ltr'>adversus</span> <span class='ocrx_word' id='word_1_142' title='bbox 567 1125 931 1189; x_wconf 85' lang='lat' dir='ltr'>propinquorum</span> <span class='ocrx_word' id='word_1_143' title='bbox 955 1128 1154 1184; x_wconf 87' lang='lat' dir='ltr'>infidias,</span> <span class='ocrx_word' id='word_1_144' title='bbox 1191 1134 1230 1176; x_wconf 61' lang='grc' dir='ltr'><strong><em>ἃ</em></strong></span> <span class='ocrx_word' id='word_1_145' title='bbox 1248 1129 1688 1192; x_wconf 84' lang='lat' dir='ltr'>consanguineorum</span> <span class='ocrx_word' id='word_1_146' title='bbox 1711 1131 1830 1179; x_wconf 88' lang='lat' dir='ltr'>inter</span> <span class='ocrx_word' id='word_1_147' title='bbox 1851 1131 1893 1180; x_wconf 85' lang='lat' dir='ltr'>se</span> 
     </span>
     <span class='ocr_line' id='line_1_17' title="bbox 124 1187 1895 1259; baseline 0.006 -25"><span class='ocrx_word' id='word_1_148' title='bbox 124 1199 334 1234; x_wconf 85' lang='lat' dir='ltr'>cruentas</span> <span class='ocrx_word' id='word_1_149' title='bbox 357 1187 672 1236; x_wconf 86' lang='lat' dir='ltr'>aemulationes</span> <span class='ocrx_word' id='word_1_150' title='bbox 696 1207 751 1238; x_wconf 86' lang='lat' dir='ltr'>ex</span> <span class='ocrx_word' id='word_1_151' title='bbox 774 1193 875 1238; x_wconf 84' lang='lat' dir='ltr'>aula</span> <span class='ocrx_word' id='word_1_152' title='bbox 897 1193 1096 1249; x_wconf 88' lang='lat' dir='ltr'>tolleret,</span> <span class='ocrx_word' id='word_1_153' title='bbox 1117 1210 1241 1252; x_wconf 84' lang='lat' dir='ltr'>eum,</span> <span class='ocrx_word' id='word_1_154' title='bbox 1258 1194 1340 1257; x_wconf 90' lang='lat' dir='ltr'>qui</span> <span class='ocrx_word' id='word_1_155' title='bbox 1362 1211 1483 1241; x_wconf 88' lang='lat' dir='ltr'>nunc</span> <span class='ocrx_word' id='word_1_156' title='bbox 1506 1195 1566 1242; x_wconf 85' lang='lat' dir='ltr'>est</span> <span class='ocrx_word' id='word_1_157' title='bbox 1587 1194 1635 1241; x_wconf 89' lang='lat' dir='ltr'>in</span> <span class='ocrx_word' id='word_1_158' title='bbox 1657 1212 1800 1259; x_wconf 82' lang='lat' dir='ltr'>regno</span> <span class='ocrx_word' id='word_1_159' title='bbox 1820 1196 1895 1253; x_wconf 46' lang='lat' dir='ltr'>in,-</span> 
     </span>
     <span class='ocr_line' id='line_1_18' title="bbox 125 1251 1912 1324; baseline 0.006 -26"><span class='ocrx_word' id='word_1_160' title='bbox 125 1251 278 1298; x_wconf 84' lang='lat' dir='ltr'>eundo</span> <span class='ocrx_word' id='word_1_161' title='bbox 319 1251 466 1301; x_wconf 75' lang='lat' dir='ltr'>sanxit</span> <span class='ocrx_word' id='word_1_162' title='bbox 484 1254 712 1309; x_wconf 84' lang='lat' dir='ltr'>ordinem,</span> <span class='ocrx_word' id='word_1_163' title='bbox 739 1269 788 1303; x_wconf 85' lang='lat' dir='ltr'>ut</span> <span class='ocrx_word' id='word_1_164' title='bbox 809 1256 889 1320; x_wconf 89' lang='lat' dir='ltr'>qui</span> <span class='ocrx_word' id='word_1_165' title='bbox 912 1274 1079 1321; x_wconf 85' lang='lat' dir='ltr'>genere</span> <span class='ocrx_word' id='word_1_166' title='bbox 1101 1260 1336 1322; x_wconf 81' lang='lat' dir='ltr'>proximus</span> <span class='ocrx_word' id='word_1_167' title='bbox 1366 1261 1471 1306; x_wconf 75' lang='lat' dir='ltr'>esset</span> <span class='ocrx_word' id='word_1_168' title='bbox 1505 1258 1624 1324; x_wconf 86' lang='lat' dir='ltr'>Regi</span> <span class='ocrx_word' id='word_1_169' title='bbox 1652 1261 1912 1313; x_wconf 10' lang='lat' dir='ltr'>demortuo,</span> 
     </span>
     <span class='ocr_line' id='line_1_19' title="bbox 127 1316 1892 1387; baseline 0.005 -23"><span class='ocrx_word' id='word_1_170' title='bbox 127 1316 414 1365; x_wconf 83' lang='lat' dir='ltr'>sufficeretur.</span> <span class='ocrx_word' id='word_1_171' title='bbox 497 1320 585 1366; x_wconf 88' lang='lat' dir='ltr'>Sed</span> <span class='ocrx_word' id='word_1_172' title='bbox 608 1335 712 1366; x_wconf 89' lang='lat' dir='ltr'>cum</span> <span class='ocrx_word' id='word_1_173' title='bbox 736 1320 946 1368; x_wconf 87' lang='lat' dir='ltr'>homines</span> <span class='ocrx_word' id='word_1_174' title='bbox 972 1323 1047 1369; x_wconf 85' lang='lat' dir='ltr'>usu</span> <span class='ocrx_word' id='word_1_175' title='bbox 1070 1340 1221 1369; x_wconf 76' lang='lat' dir='ltr'>rerum</span> <span class='ocrx_word' id='word_1_176' title='bbox 1244 1323 1395 1371; x_wconf 65' lang='lat' dir='ltr'>edoeli</span> <span class='ocrx_word' id='word_1_177' title='bbox 1418 1323 1720 1387; x_wconf 64' lang='lat' dir='ltr'>perspxcerent</span> <span class='ocrx_word' id='word_1_178' title='bbox 1743 1327 1818 1371; x_wconf 82' lang='lat' dir='ltr'>vix</span> <span class='ocrx_word' id='word_1_179' title='bbox 1839 1325 1892 1372; x_wconf 78' lang='lat' dir='ltr'>ft·</span> 
     </span>
     <span class='ocr_line' id='line_1_20' title="bbox 126 1382 1892 1452; baseline 0.005 -24"><span class='ocrx_word' id='word_1_180' title='bbox 126 1382 192 1428; x_wconf 83' lang='lat' dir='ltr'>eri</span> <span class='ocrx_word' id='word_1_181' title='bbox 214 1383 350 1444; x_wconf 76' lang='lat' dir='ltr'>poffe,</span> <span class='ocrx_word' id='word_1_182' title='bbox 388 1395 439 1430; x_wconf 88' lang='lat' dir='ltr'>ut</span> <span class='ocrx_word' id='word_1_183' title='bbox 459 1382 507 1430; x_wconf 89' lang='lat' dir='ltr'>in</span> <span class='ocrx_word' id='word_1_184' title='bbox 540 1396 662 1431; x_wconf 81' lang='lat' dir='ltr'>tanta</span> <span class='ocrx_word' id='word_1_185' title='bbox 686 1384 881 1432; x_wconf 83' lang='lat' dir='ltr'>fortunae</span> <span class='ocrx_word' id='word_1_186' title='bbox 914 1387 1213 1446; x_wconf 80' lang='lat' dir='ltr'>inconstantia</span> <span class='ocrx_word' id='word_1_187' title='bbox 1251 1405 1341 1435; x_wconf 89' lang='lat' dir='ltr'>non</span> <span class='ocrx_word' id='word_1_188' title='bbox 1364 1388 1613 1452; x_wconf 81' lang='lat' dir='ltr'>aliquando</span> <span class='ocrx_word' id='word_1_189' title='bbox 1636 1407 1683 1435; x_wconf 86' lang='lat' dir='ltr'>m</span> <span class='ocrx_word' id='word_1_190' title='bbox 1707 1407 1892 1451; x_wconf 86' lang='lat' dir='ltr'>pueros,</span> 
     </span>
     <span class='ocr_line' id='line_1_21' title="bbox 125 1446 1893 1517; baseline 0.005 -25"><span class='ocrx_word' id='word_1_191' title='bbox 125 1458 202 1492; x_wconf 79' lang='lat' dir='ltr'>aut</span> <span class='ocrx_word' id='word_1_192' title='bbox 225 1446 398 1511; x_wconf 84' lang='lat' dir='ltr'>alioqui</span> <span class='ocrx_word' id='word_1_193' title='bbox 420 1464 564 1512; x_wconf 85' lang='lat' dir='ltr'>regno</span> <span class='ocrx_word' id='word_1_194' title='bbox 585 1452 788 1513; x_wconf 86' lang='lat' dir='ltr'>gerendo</span> <span class='ocrx_word' id='word_1_195' title='bbox 805 1450 1000 1513; x_wconf 85' lang='lat' dir='ltr'>impares</span> <span class='ocrx_word' id='word_1_196' title='bbox 1024 1453 1224 1500; x_wconf 81' lang='lat' dir='ltr'>haeredes</span> <span class='ocrx_word' id='word_1_197' title='bbox 1241 1451 1316 1510; x_wconf 84' lang='lat' dir='ltr'>jus</span> <span class='ocrx_word' id='word_1_198' title='bbox 1336 1451 1496 1500; x_wconf 87' lang='lat' dir='ltr'>summi</span> <span class='ocrx_word' id='word_1_199' title='bbox 1516 1453 1798 1517; x_wconf 86' lang='lat' dir='ltr'>magistratus</span> <span class='ocrx_word' id='word_1_200' title='bbox 1821 1457 1893 1513; x_wconf 76' lang='lat' dir='ltr'>in-</span> 
     </span>
     <span class='ocr_line' id='line_1_22' title="bbox 125 1511 1892 1582; baseline 0.005 -26"><span class='ocrx_word' id='word_1_201' title='bbox 125 1511 313 1567; x_wconf 80' lang='lat' dir='ltr'>cideret‚</span> <span class='ocrx_word' id='word_1_202' title='bbox 336 1512 644 1568; x_wconf 80' lang='lat' dir='ltr'>instituerunt,</span> <span class='ocrx_word' id='word_1_203' title='bbox 671 1527 720 1562; x_wconf 88' lang='lat' dir='ltr'>ut</span> <span class='ocrx_word' id='word_1_204' title='bbox 742 1514 1060 1563; x_wconf 86' lang='lat' dir='ltr'>rebusinterea</span> <span class='ocrx_word' id='word_1_205' title='bbox 1080 1517 1443 1564; x_wconf 81' lang='lat' dir='ltr'>administrandis</span> <span class='ocrx_word' id='word_1_206' title='bbox 1467 1517 1730 1582; x_wconf 80' lang='lat' dir='ltr'>eligeretur,</span> <span class='ocrx_word' id='word_1_207' title='bbox 1747 1523 1826 1582; x_wconf 88' lang='lat' dir='ltr'>qui</span> <span class='ocrx_word' id='word_1_208' title='bbox 1841 1522 1892 1571; x_wconf 76' lang='lat'>&amp;-</span> 
     </span>
     <span class='ocr_line' id='line_1_23' title="bbox 124 1576 1890 1646; baseline 0.006 -25"><span class='ocrx_word' id='word_1_209' title='bbox 124 1576 307 1638; x_wconf 86' lang='lat' dir='ltr'>opibus‚</span> <span class='ocrx_word' id='word_1_210' title='bbox 349 1583 389 1624; x_wconf 86' lang='lat'>&amp;</span> <span class='ocrx_word' id='word_1_211' title='bbox 411 1578 601 1625; x_wconf 77' lang='lat' dir='ltr'>consilio</span> <span class='ocrx_word' id='word_1_212' title='bbox 623 1592 808 1627; x_wconf 82' lang='lat' dir='ltr'>caeteros</span> <span class='ocrx_word' id='word_1_213' title='bbox 830 1581 1038 1628; x_wconf 84' lang='lat' dir='ltr'>anteiret.</span> <span class='ocrx_word' id='word_1_214' title='bbox 1107 1583 1263 1646; x_wconf 84' lang='lat' dir='ltr'>Atque</span> <span class='ocrx_word' id='word_1_215' title='bbox 1285 1582 1402 1628; x_wconf 87' lang='lat' dir='ltr'>hanc</span> <span class='ocrx_word' id='word_1_216' title='bbox 1425 1583 1648 1629; x_wconf 86' lang='lat' dir='ltr'>rationem</span> <span class='ocrx_word' id='word_1_217' title='bbox 1670 1583 1890 1632; x_wconf 70' lang='lat' dir='ltr'>sexcentis</span> 
     </span>
     <span class='ocr_line' id='line_1_24' title="bbox 122 1641 1889 1709; baseline 0.004 -24"><span class='ocrx_word' id='word_1_218' title='bbox 122 1656 268 1703; x_wconf 84' lang='lat' dir='ltr'>prope</span> <span class='ocrx_word' id='word_1_219' title='bbox 290 1641 419 1688; x_wconf 87' lang='lat' dir='ltr'>annis</span> <span class='ocrx_word' id='word_1_220' title='bbox 444 1645 634 1703; x_wconf 87' lang='lat' dir='ltr'>majores</span> <span class='ocrx_word' id='word_1_221' title='bbox 668 1643 802 1690; x_wconf 85' lang='lat' dir='ltr'>nostri</span> <span class='ocrx_word' id='word_1_222' title='bbox 837 1644 974 1691; x_wconf 87' lang='lat' dir='ltr'>secuti</span> <span class='ocrx_word' id='word_1_223' title='bbox 998 1660 1190 1709; x_wconf 85' lang='lat' dir='ltr'>regnum</span> <span class='ocrx_word' id='word_1_224' title='bbox 1213 1646 1446 1692; x_wconf 77' lang='lat' dir='ltr'>incolume</span> <span class='ocrx_word' id='word_1_225' title='bbox 1481 1646 1664 1708; x_wconf 65' lang='lat' dir='ltr'>posteris</span> <span class='ocrx_word' id='word_1_226' title='bbox 1688 1650 1889 1695; x_wconf 59' lang='lat' dir='ltr'>tradide÷</span> 
     </span>
     <span class='ocr_line' id='line_1_25' title="bbox 123 1706 1891 1775; baseline 0.003 -25"><span class='ocrx_word' id='word_1_227' title='bbox 123 1719 246 1752; x_wconf 83' lang='lat' dir='ltr'>runt.</span> <span class='ocrx_word' id='word_1_228' title='bbox 315 1706 390 1752; x_wconf 86' lang='lat' dir='ltr'>Sic</span> <span class='ocrx_word' id='word_1_229' title='bbox 412 1707 618 1754; x_wconf 85' lang='lat' dir='ltr'>Roberto</span> <span class='ocrx_word' id='word_1_230' title='bbox 642 1708 810 1754; x_wconf 80' lang='lat' dir='ltr'>Brussio</span> <span class='ocrx_word' id='word_1_231' title='bbox 832 1709 926 1756; x_wconf 87' lang='lat' dir='ltr'>vita</span> <span class='ocrx_word' id='word_1_232' title='bbox 947 1710 1105 1757; x_wconf 67' lang='lat' dir='ltr'>funtsto</span> <span class='ocrx_word' id='word_1_233' title='bbox 1124 1712 1341 1774; x_wconf 85' lang='lat' dir='ltr'>Proreges</span> <span class='ocrx_word' id='word_1_234' title='bbox 1362 1709 1578 1773; x_wconf 86' lang='lat' dir='ltr'>deinceps</span> <span class='ocrx_word' id='word_1_235' title='bbox 1603 1711 1822 1775; x_wconf 81' lang='lat' dir='ltr'>suffragiis</span> <span class='ocrx_word' id='word_1_236' title='bbox 1845 1730 1891 1760; x_wconf 80' lang='lat' dir='ltr'>e.</span> 
     </span>
     <span class='ocr_line' id='line_1_26' title="bbox 123 1767 1893 1830; baseline 0.005 -14"><span class='ocrx_word' id='word_1_237' title='bbox 123 1768 229 1816; x_wconf 63' lang='lat' dir='ltr'>lecti</span> <span class='ocrx_word' id='word_1_238' title='bbox 270 1767 565 1819; x_wconf 76' lang='lat' dir='ltr'>successerunt</span> <span class='ocrx_word' id='word_1_239' title='bbox 597 1774 806 1820; x_wconf 84' lang='lat' dir='ltr'>Thomas</span> <span class='ocrx_word' id='word_1_240' title='bbox 845 1775 1102 1821; x_wconf 87' lang='lat' dir='ltr'>Randolfus</span> <span class='ocrx_word' id='word_1_241' title='bbox 1142 1774 1383 1830; x_wconf 83' lang='lat' dir='ltr'>Moraviae‚</span> <span class='ocrx_word' id='word_1_242' title='bbox 1424 1775 1668 1822; x_wconf 76' lang='lat' dir='ltr'>Donaldus</span> <span class='ocrx_word' id='word_1_243' title='bbox 1707 1778 1893 1824; x_wconf 80' lang='lat' dir='ltr'>Marriae</span> 
     </span>
     <span class='ocr_line' id='line_1_27' title="bbox 125 1834 1891 1898; baseline 0.006 -19"><span class='ocrx_word' id='word_1_244' title='bbox 125 1834 350 1890; x_wconf 79' lang='lat' dir='ltr'>Comites,</span> <span class='ocrx_word' id='word_1_245' title='bbox 376 1837 583 1883; x_wconf 79' lang='lat' dir='ltr'>Andreas</span> <span class='ocrx_word' id='word_1_246' title='bbox 607 1837 865 1894; x_wconf 82' lang='lat' dir='ltr'>Moravius,</span> <span class='ocrx_word' id='word_1_247' title='bbox 889 1840 1083 1886; x_wconf 74' lang='lat' dir='ltr'>Ioannes</span> <span class='ocrx_word' id='word_1_248' title='bbox 1105 1839 1381 1895; x_wconf 83' lang='lat' dir='ltr'>Randolfus,</span> <span class='ocrx_word' id='word_1_249' title='bbox 1409 1839 1636 1886; x_wconf 86' lang='lat' dir='ltr'>Robertus</span> <span class='ocrx_word' id='word_1_250' title='bbox 1667 1842 1891 1898; x_wconf 79' lang='lat' dir='ltr'>Stuartus,</span> 
     </span>
     <span class='ocr_line' id='line_1_28' title="bbox 120 1899 1890 1968; baseline 0.005 -22"><span class='ocrx_word' id='word_1_251' title='bbox 120 1899 306 1946; x_wconf 81' lang='lat' dir='ltr'>interim</span> <span class='ocrx_word' id='word_1_252' title='bbox 333 1901 515 1965; x_wconf 68' lang='lat' dir='ltr'>singuli,</span> <span class='ocrx_word' id='word_1_253' title='bbox 539 1901 769 1949; x_wconf 78' lang='lat' dir='ltr'>interdum</span> <span class='ocrx_word' id='word_1_254' title='bbox 800 1920 824 1949; x_wconf 83' lang='lat' dir='ltr'>a</span> <span class='ocrx_word' id='word_1_255' title='bbox 845 1917 1075 1950; x_wconf 89' lang='lat' dir='ltr'>conventu</span> <span class='ocrx_word' id='word_1_256' title='bbox 1098 1905 1287 1968; x_wconf 88' lang='lat' dir='ltr'>publico</span> <span class='ocrx_word' id='word_1_257' title='bbox 1325 1905 1477 1967; x_wconf 92' lang='lat' dir='ltr'>plures</span> <span class='ocrx_word' id='word_1_258' title='bbox 1512 1906 1558 1951; x_wconf 89' lang='lat' dir='ltr'>in</span> <span class='ocrx_word' id='word_1_259' title='bbox 1595 1922 1700 1951; x_wconf 89' lang='lat' dir='ltr'>eum</span> <span class='ocrx_word' id='word_1_260' title='bbox 1736 1906 1890 1956; x_wconf 87' lang='lat' dir='ltr'>locum</span> 
     </span>
     <span class='ocr_line' id='line_1_29' title="bbox 121 1965 1890 2033; baseline 0.004 -22"><span class='ocrx_word' id='word_1_261' title='bbox 121 1965 224 2011; x_wconf 79' lang='lat' dir='ltr'>sunt</span> <span class='ocrx_word' id='word_1_262' title='bbox 246 1966 473 2026; x_wconf 73' lang='lat' dir='ltr'>assumpti.</span> <span class='ocrx_word' id='word_1_263' title='bbox 542 1967 618 2013; x_wconf 84' lang='lat' dir='ltr'>Sic</span> <span class='ocrx_word' id='word_1_264' title='bbox 641 1968 811 2014; x_wconf 86' lang='lat' dir='ltr'>Iacobo</span> <span class='ocrx_word' id='word_1_265' title='bbox 833 1967 1031 2015; x_wconf 88' lang='lat' dir='ltr'>secundo</span> <span class='ocrx_word' id='word_1_266' title='bbox 1053 1986 1196 2031; x_wconf 89' lang='lat' dir='ltr'>puero</span> <span class='ocrx_word' id='word_1_267' title='bbox 1214 1970 1345 2016; x_wconf 88' lang='lat' dir='ltr'>datus</span> <span class='ocrx_word' id='word_1_268' title='bbox 1369 1971 1429 2015; x_wconf 82' lang='lat' dir='ltr'>est</span> <span class='ocrx_word' id='word_1_269' title='bbox 1447 1971 1725 2033; x_wconf 85' lang='lat' dir='ltr'>gubernator</span> <span class='ocrx_word' id='word_1_270' title='bbox 1748 1971 1890 2018; x_wconf 83' lang='lat' dir='ltr'>Alex-</span> 
     </span>
     <span class='ocr_line' id='line_1_30' title="bbox 120 2028 1886 2097; baseline 0.005 -21"><span class='ocrx_word' id='word_1_271' title='bbox 120 2028 261 2076; x_wconf 73' lang='lat' dir='ltr'>ander</span> <span class='ocrx_word' id='word_1_272' title='bbox 281 2030 565 2093; x_wconf 86' lang='lat' dir='ltr'>Levistonius</span> <span class='ocrx_word' id='word_1_273' title='bbox 583 2033 708 2078; x_wconf 84' lang='lat' dir='ltr'>nulla</span> <span class='ocrx_word' id='word_1_274' title='bbox 729 2032 836 2078; x_wconf 88' lang='lat' dir='ltr'>cum</span> <span class='ocrx_word' id='word_1_275' title='bbox 853 2034 990 2096; x_wconf 86' lang='lat' dir='ltr'>Rege</span> <span class='ocrx_word' id='word_1_276' title='bbox 1014 2034 1357 2097; x_wconf 84' lang='lat' dir='ltr'>propinquitate</span> <span class='ocrx_word' id='word_1_277' title='bbox 1371 2032 1811 2097; x_wconf 39' lang='lat' dir='ltr'>sanguinis-junctu&amp;</span> <span class='ocrx_word' id='word_1_278' title='bbox 1833 2052 1886 2084; x_wconf 81' lang='lat' dir='ltr'>ac</span> 
     </span>
     <span class='ocr_line' id='line_1_31' title="bbox 121 2093 1937 2162; baseline 0.003 -22"><span class='ocrx_word' id='word_1_279' title='bbox 121 2109 182 2140; x_wconf 84' lang='lat' dir='ltr'>ne</span> <span class='ocrx_word' id='word_1_280' title='bbox 204 2093 400 2157; x_wconf 87' lang='lat' dir='ltr'>supremi</span> <span class='ocrx_word' id='word_1_281' title='bbox 439 2094 626 2160; x_wconf 85' lang='lat' dir='ltr'>quidem</span> <span class='ocrx_word' id='word_1_282' title='bbox 651 2095 842 2153; x_wconf 85' lang='lat' dir='ltr'>ordinis,</span> <span class='ocrx_word' id='word_1_283' title='bbox 883 2097 954 2143; x_wconf 88' lang='lat' dir='ltr'>sed</span> <span class='ocrx_word' id='word_1_284' title='bbox 991 2098 1142 2144; x_wconf 90' lang='lat' dir='ltr'>adhuc</span> <span class='ocrx_word' id='word_1_285' title='bbox 1163 2114 1319 2161; x_wconf 86' lang='lat' dir='ltr'>eques,</span> <span class='ocrx_word' id='word_1_286' title='bbox 1362 2113 1415 2143; x_wconf 87' lang='lat' dir='ltr'>ac</span> <span class='ocrx_word' id='word_1_287' title='bbox 1456 2099 1714 2159; x_wconf 85' lang='lat' dir='ltr'>prudentia,</span> <span class='ocrx_word' id='word_1_288' title='bbox 1747 2098 1889 2162; x_wconf 73' lang='lat' dir='ltr'>quam</span> <span class='ocrx_word' id='word_1_289' title='bbox 1936 2130 1937 2133; x_wconf 57' lang='lat'><em>=</em></span> 
     </span>
     <span class='ocr_line' id='line_1_32' title="bbox 118 2159 1889 2226; baseline 0.005 -23"><span class='ocrx_word' id='word_1_290' title='bbox 118 2174 287 2219; x_wconf 81' lang='lat' dir='ltr'>genere</span> <span class='ocrx_word' id='word_1_291' title='bbox 308 2159 536 2207; x_wconf 82' lang='lat' dir='ltr'>illustrior.</span> <span class='ocrx_word' id='word_1_292' title='bbox 604 2160 708 2208; x_wconf 89' lang='lat' dir='ltr'>Nec</span> <span class='ocrx_word' id='word_1_293' title='bbox 725 2160 806 2208; x_wconf 91' lang='lat' dir='ltr'>illa</span> <span class='ocrx_word' id='word_1_294' title='bbox 822 2161 1014 2224; x_wconf 88' lang='lat' dir='ltr'>superest</span> <span class='ocrx_word' id='word_1_295' title='bbox 1035 2162 1280 2218; x_wconf 77' lang='lat' dir='ltr'>excusatio,</span> <span class='ocrx_word' id='word_1_296' title='bbox 1307 2175 1354 2214; x_wconf 82' lang='lat' dir='ltr'>ut</span> <span class='ocrx_word' id='word_1_297' title='bbox 1376 2163 1587 2226; x_wconf 87' lang='lat' dir='ltr'>poenuria</span> <span class='ocrx_word' id='word_1_298' title='bbox 1607 2162 1768 2226; x_wconf 79' lang='lat' dir='ltr'>Regiae</span> <span class='ocrx_word' id='word_1_299' title='bbox 1791 2164 1889 2220; x_wconf 45' lang='lat' dir='ltr'>stit-,-</span> 
     </span>
     <span class='ocr_line' id='line_1_33' title="bbox 118 2221 1221 2290; baseline 0.005 -22"><span class='ocrx_word' id='word_1_300' title='bbox 118 2221 191 2286; x_wconf 88' lang='lat' dir='ltr'>pis</span> <span class='ocrx_word' id='word_1_301' title='bbox 214 2224 454 2273; x_wconf 85' lang='lat' dir='ltr'>hominum</span> <span class='ocrx_word' id='word_1_302' title='bbox 477 2225 525 2272; x_wconf 83' lang='lat' dir='ltr'>id</span> <span class='ocrx_word' id='word_1_303' title='bbox 547 2225 790 2290; x_wconf 80' lang='lat' dir='ltr'>quisquam</span> <span class='ocrx_word' id='word_1_304' title='bbox 811 2225 978 2274; x_wconf 64' lang='lat' dir='ltr'>factum</span> <span class='ocrx_word' id='word_1_305' title='bbox 1002 2227 1221 2274; x_wconf 83' lang='lat' dir='ltr'>causetur.</span> 
     </span>
    </p>

    <p class='ocr_par' dir='ltr' id='par_1_4' title="bbox 112 2289 1972 3130">
     <span class='ocr_line' id='line_1_34' title="bbox 185 2289 1888 2355; baseline 0.003 -21"><span class='ocrx_word' id='word_1_306' title='bbox 185 2289 391 2337; x_wconf 75' lang='lat' dir='ltr'>XXVM.</span> <span class='ocrx_word' id='word_1_307' title='bbox 425 2298 460 2319; x_wconf 89' lang='lat'><strong>“</strong></span> <span class='ocrx_word' id='word_1_308' title='bbox 484 2291 594 2338; x_wconf 86' lang='lat' dir='ltr'>Erat</span> <span class='ocrx_word' id='word_1_309' title='bbox 615 2306 671 2337; x_wconf 90' lang='lat' dir='ltr'>eo</span> <span class='ocrx_word' id='word_1_310' title='bbox 694 2302 900 2355; x_wconf 88' lang='lat' dir='ltr'>tempore</span> <span class='ocrx_word' id='word_1_311' title='bbox 930 2297 970 2338; x_wconf 86' lang='lat'>&amp;</span> <span class='ocrx_word' id='word_1_312' title='bbox 993 2292 1198 2347; x_wconf 81' lang='lat' dir='ltr'>confilio,</span> <span class='ocrx_word' id='word_1_313' title='bbox 1235 2297 1277 2339; x_wconf 75' lang='grc' dir='ltr'>δε</span> <span class='ocrx_word' id='word_1_314' title='bbox 1309 2290 1417 2338; x_wconf 81' lang='lat' dir='ltr'>vitae</span> <span class='ocrx_word' id='word_1_315' title='bbox 1437 2289 1702 2355; x_wconf 80' lang='lat' dir='ltr'>integritate</span> <span class='ocrx_word' id='word_1_316' title='bbox 1724 2292 1888 2339; x_wconf 83' lang='lat' dir='ltr'>floren-</span> 
     </span>
     <span class='ocr_line' id='line_1_35' title="bbox 121 2349 1889 2419; baseline 0.002 -21"><span class='ocrx_word' id='word_1_317' title='bbox 121 2351 313 2400; x_wconf 84' lang='lat' dir='ltr'>tiffimus</span> <span class='ocrx_word' id='word_1_318' title='bbox 330 2349 524 2402; x_wconf 79' lang='lat' dir='ltr'>Ioannes</span> <span class='ocrx_word' id='word_1_319' title='bbox 544 2355 794 2412; x_wconf 81' lang='lat' dir='ltr'>Kennedus</span> <span class='ocrx_word' id='word_1_320' title='bbox 828 2354 1018 2403; x_wconf 78' lang='lat' dir='ltr'>familiae</span> <span class='ocrx_word' id='word_1_321' title='bbox 1040 2356 1128 2403; x_wconf 83' lang='lat' dir='ltr'>suae</span> <span class='ocrx_word' id='word_1_322' title='bbox 1158 2356 1371 2419; x_wconf 86' lang='lat' dir='ltr'>princeps</span> <span class='ocrx_word' id='word_1_323' title='bbox 1392 2371 1451 2402; x_wconf 84' lang='lat' dir='ltr'>ex</span> <span class='ocrx_word' id='word_1_324' title='bbox 1476 2357 1627 2402; x_wconf 83' lang='lat' dir='ltr'>Iacobi</span> <span class='ocrx_word' id='word_1_325' title='bbox 1654 2356 1790 2417; x_wconf 89' lang='lat' dir='ltr'>primi</span> <span class='ocrx_word' id='word_1_326' title='bbox 1822 2356 1889 2402; x_wconf 85' lang='lat' dir='ltr'>so-</span> 
     </span>
     <span class='ocr_line' id='line_1_36' title="bbox 119 2419 1887 2484; baseline 0.003 -21"><span class='ocrx_word' id='word_1_327' title='bbox 119 2433 222 2464; x_wconf 85' lang='lat' dir='ltr'>rore</span> <span class='ocrx_word' id='word_1_328' title='bbox 245 2434 403 2481; x_wconf 76' lang='lat' dir='ltr'>nep08.</span> <span class='ocrx_word' id='word_1_329' title='bbox 472 2420 614 2468; x_wconf 90' lang='lat' dir='ltr'>Erant</span> <span class='ocrx_word' id='word_1_330' title='bbox 647 2421 742 2483; x_wconf 85' lang='lat' dir='ltr'>ejus</span> <span class='ocrx_word' id='word_1_331' title='bbox 763 2420 914 2484; x_wconf 89' lang='lat' dir='ltr'>patrui</span> <span class='ocrx_word' id='word_1_332' title='bbox 936 2421 1132 2468; x_wconf 82' lang='lat' dir='ltr'>Iacobus</span> <span class='ocrx_word' id='word_1_333' title='bbox 1155 2421 1405 2468; x_wconf 89' lang='lat' dir='ltr'>Kennedus</span> <span class='ocrx_word' id='word_1_334' title='bbox 1429 2420 1541 2467; x_wconf 88' lang='lat' dir='ltr'>Fani</span> <span class='ocrx_word' id='word_1_335' title='bbox 1575 2423 1632 2467; x_wconf 91' lang='lat' dir='ltr'>A.</span> <span class='ocrx_word' id='word_1_336' title='bbox 1653 2419 1774 2467; x_wconf 84' lang='lat' dir='ltr'>dreae</span> <span class='ocrx_word' id='word_1_337' title='bbox 1796 2422 1887 2468; x_wconf 86' lang='lat' dir='ltr'>Ar-</span> 
     </span>
     <span class='ocr_line' id='line_1_37' title="bbox 122 2483 1890 2549; baseline 0.002 -21"><span class='ocrx_word' id='word_1_338' title='bbox 122 2483 438 2546; x_wconf 84' lang='lat' dir='ltr'>chiepiscopus</span> <span class='ocrx_word' id='word_1_339' title='bbox 463 2485 603 2532; x_wconf 88' lang='lat' dir='ltr'>totius</span> <span class='ocrx_word' id='word_1_340' title='bbox 618 2485 749 2548; x_wconf 84' lang='lat' dir='ltr'>regni</span> <span class='ocrx_word' id='word_1_341' title='bbox 772 2487 819 2532; x_wconf 89' lang='lat' dir='ltr'>in</span> <span class='ocrx_word' id='word_1_342' title='bbox 843 2485 971 2547; x_wconf 85' lang='lat' dir='ltr'>omni</span> <span class='ocrx_word' id='word_1_343' title='bbox 993 2484 1176 2533; x_wconf 88' lang='lat' dir='ltr'>virtutis</span> <span class='ocrx_word' id='word_1_344' title='bbox 1199 2502 1365 2549; x_wconf 88' lang='lat' dir='ltr'>genere</span> <span class='ocrx_word' id='word_1_345' title='bbox 1389 2485 1524 2532; x_wconf 87' lang='lat' dir='ltr'>facile</span> <span class='ocrx_word' id='word_1_346' title='bbox 1545 2488 1719 2547; x_wconf 79' lang='lat' dir='ltr'>primus</span> <span class='ocrx_word' id='word_1_347' title='bbox 1744 2505 1755 2532; x_wconf 90' lang='lat'><strong>:</strong></span> <span class='ocrx_word' id='word_1_348' title='bbox 1793 2486 1890 2546; x_wconf 82' lang='lat' dir='ltr'>ejus</span> 
     </span>
     <span class='ocr_line' id='line_1_38' title="bbox 119 2545 1890 2614; baseline 0.002 -22"><span class='ocrx_word' id='word_1_349' title='bbox 119 2545 230 2594; x_wconf 86' lang='lat' dir='ltr'>item</span> <span class='ocrx_word' id='word_1_350' title='bbox 254 2548 393 2594; x_wconf 83' lang='lat' dir='ltr'>frater</span> <span class='ocrx_word' id='word_1_351' title='bbox 414 2566 439 2596; x_wconf 92' lang='lat' dir='ltr'>e</span> <span class='ocrx_word' id='word_1_352' title='bbox 462 2550 602 2614; x_wconf 84' lang='lat' dir='ltr'>Regis</span> <span class='ocrx_word' id='word_1_353' title='bbox 623 2550 764 2598; x_wconf 76' lang='lat' dir='ltr'>amita</span> <span class='ocrx_word' id='word_1_354' title='bbox 784 2563 916 2597; x_wconf 84' lang='lat' dir='ltr'>natus</span> <span class='ocrx_word' id='word_1_355' title='bbox 939 2568 950 2596; x_wconf 91' lang='lat'>:</span> <span class='ocrx_word' id='word_1_356' title='bbox 1246 2549 1507 2613; x_wconf 84' lang='lat' dir='ltr'>Duglasfius</span> <span class='ocrx_word' id='word_1_357' title='bbox 1531 2551 1700 2597; x_wconf 87' lang='lat' dir='ltr'>Comes</span> <span class='ocrx_word' id='word_1_358' title='bbox 1724 2551 1890 2614; x_wconf 48' lang='lat' dir='ltr'>Anguf</span> 
     </span>
     <span class='ocr_line' id='line_1_39' title="bbox 119 2610 1890 2678; baseline 0.001 -20"><span class='ocrx_word' id='word_1_359' title='bbox 119 2610 209 2658; x_wconf 82' lang='lat' dir='ltr'>fiae.</span> <span class='ocrx_word' id='word_1_360' title='bbox 262 2614 386 2659; x_wconf 84' lang='lat' dir='ltr'>-Erat</span> <span class='ocrx_word' id='word_1_361' title='bbox 407 2629 433 2659; x_wconf 93' lang='lat' dir='ltr'>a</span> <span class='ocrx_word' id='word_1_362' title='bbox 453 2613 671 2678; x_wconf 85' lang='lat' dir='ltr'>sanguine</span> <span class='ocrx_word' id='word_1_363' title='bbox 705 2614 859 2678; x_wconf 88' lang='lat' dir='ltr'>Regio</span> <span class='ocrx_word' id='word_1_364' title='bbox 882 2631 973 2662; x_wconf 88' lang='lat' dir='ltr'>non</span> <span class='ocrx_word' id='word_1_365' title='bbox 993 2615 1175 2662; x_wconf 81' lang='lat' dir='ltr'>alienus</span> <span class='ocrx_word' id='word_1_366' title='bbox 1189 2615 1501 2662; x_wconf 81' lang='lat' dir='ltr'>Archibaldus</span> <span class='ocrx_word' id='word_1_367' title='bbox 1524 2614 1770 2678; x_wconf 87' lang='lat' dir='ltr'>Duglaffiae</span> <span class='ocrx_word' id='word_1_368' title='bbox 1793 2615 1890 2661; x_wconf 88' lang='lat' dir='ltr'>Co·</span> 
     </span>
     <span class='ocr_line' id='line_1_40' title="bbox 118 2672 1905 2744; baseline 0.001 -20"><span class='ocrx_word' id='word_1_369' title='bbox 118 2672 215 2724; x_wconf 82' lang='lat' dir='ltr'>mes</span> <span class='ocrx_word' id='word_1_370' title='bbox 237 2676 445 2740; x_wconf 86' lang='lat' dir='ltr'>potentia</span> <span class='ocrx_word' id='word_1_371' title='bbox 467 2693 610 2743; x_wconf 88' lang='lat' dir='ltr'>prope</span> <span class='ocrx_word' id='word_1_372' title='bbox 632 2679 754 2742; x_wconf 85' lang='lat' dir='ltr'>Regi</span> <span class='ocrx_word' id='word_1_373' title='bbox 775 2696 874 2742; x_wconf 87' lang='lat' dir='ltr'>par,</span> <span class='ocrx_word' id='word_1_374' title='bbox 897 2680 1072 2727; x_wconf 84' lang='lat' dir='ltr'>caeteris</span> <span class='ocrx_word' id='word_1_375' title='bbox 1097 2679 1310 2728; x_wconf 88' lang='lat' dir='ltr'>omnibus</span> <span class='ocrx_word' id='word_1_376' title='bbox 1340 2680 1480 2744; x_wconf 85' lang='lat' dir='ltr'>longe</span> <span class='ocrx_word' id='word_1_377' title='bbox 1505 2678 1722 2742; x_wconf 87' lang='lat' dir='ltr'>superior.</span> <span class='ocrx_word' id='word_1_378' title='bbox 1789 2680 1905 2740; x_wconf 50' lang='lat' dir='ltr'>Nef*</span> 
     </span>
     <span class='ocr_line' id='line_1_41' title="bbox 117 2742 1914 2808; baseline 0.004 -22"><span class='ocrx_word' id='word_1_379' title='bbox 117 2755 197 2787; x_wconf 85' lang='lat' dir='ltr'>mo</span> <span class='ocrx_word' id='word_1_380' title='bbox 219 2753 372 2789; x_wconf 88' lang='lat' dir='ltr'>tamen</span> <span class='ocrx_word' id='word_1_381' title='bbox 392 2742 565 2790; x_wconf 88' lang='lat' dir='ltr'>idcirco</span> <span class='ocrx_word' id='word_1_382' title='bbox 586 2744 643 2790; x_wconf 89' lang='lat' dir='ltr'>de</span> <span class='ocrx_word' id='word_1_383' title='bbox 686 2743 980 2791; x_wconf 88' lang='lat' dir='ltr'>comitiorum</span> <span class='ocrx_word' id='word_1_384' title='bbox 1003 2744 1246 2808; x_wconf 77' lang='lat' dir='ltr'>iniquitate</span> <span class='ocrx_word' id='word_1_385' title='bbox 1267 2745 1328 2792; x_wconf 90' lang='lat' dir='ltr'>est</span> <span class='ocrx_word' id='word_1_386' title='bbox 1351 2744 1551 2808; x_wconf 74' lang='lat' dir='ltr'>questus.</span> <span class='ocrx_word' id='word_1_387' title='bbox 1617 2743 1722 2790; x_wconf 90' lang='lat' dir='ltr'>Nec</span> <span class='ocrx_word' id='word_1_388' title='bbox 1741 2744 1890 2790; x_wconf 86' lang='lat' dir='ltr'>multo</span> <span class='ocrx_word' id='word_1_389' title='bbox 1911 2788 1914 2793; x_wconf 89' lang='lat'>.</span> 
     </span>
     <span class='ocr_line' id='line_1_42' title="bbox 114 2806 1972 2873; baseline 0.004 -23"><span class='ocrx_word' id='word_1_390' title='bbox 114 2806 214 2868; x_wconf 85' lang='lat' dir='ltr'>post</span> <span class='ocrx_word' id='word_1_391' title='bbox 235 2806 406 2855; x_wconf 83' lang='lat' dir='ltr'>Iacobo</span> <span class='ocrx_word' id='word_1_392' title='bbox 427 2822 614 2871; x_wconf 87' lang='lat' dir='ltr'>quoque</span> <span class='ocrx_word' id='word_1_393' title='bbox 636 2808 771 2855; x_wconf 88' lang='lat' dir='ltr'>tertio</span> <span class='ocrx_word' id='word_1_394' title='bbox 795 2807 892 2855; x_wconf 88' lang='lat' dir='ltr'>dati</span> <span class='ocrx_word' id='word_1_395' title='bbox 914 2808 1014 2855; x_wconf 84' lang='lat' dir='ltr'>sunt</span> <span class='ocrx_word' id='word_1_396' title='bbox 1032 2821 1202 2856; x_wconf 86' lang='lat' dir='ltr'>tutores</span> <span class='ocrx_word' id='word_1_397' title='bbox 1221 2822 1434 2873; x_wconf 84' lang='lat' dir='ltr'>quatuor,</span> <span class='ocrx_word' id='word_1_398' title='bbox 1456 2813 1496 2855; x_wconf 77' lang='grc' dir='ltr'>δι</span> <span class='ocrx_word' id='word_1_399' title='bbox 1515 2806 1565 2854; x_wconf 85' lang='lat' dir='ltr'>hi</span> <span class='ocrx_word' id='word_1_400' title='bbox 1581 2806 1768 2869; x_wconf 87' lang='lat' dir='ltr'>quidem</span> <span class='ocrx_word' id='word_1_401' title='bbox 1789 2823 1891 2854; x_wconf 86' lang='lat' dir='ltr'>om·</span> <span class='ocrx_word' id='word_1_402' title='bbox 1968 2853 1972 2858; x_wconf 86' lang='lat'>.</span> 
     </span>
     <span class='ocr_line' id='line_1_43' title="bbox 116 2871 1890 2938; baseline 0.002 -22"><span class='ocrx_word' id='word_1_403' title='bbox 116 2885 195 2917; x_wconf 83' lang='lat' dir='ltr'>nes</span> <span class='ocrx_word' id='word_1_404' title='bbox 218 2886 308 2917; x_wconf 85' lang='lat' dir='ltr'>non</span> <span class='ocrx_word' id='word_1_405' title='bbox 329 2871 391 2918; x_wconf 91' lang='lat' dir='ltr'>ob</span> <span class='ocrx_word' id='word_1_406' title='bbox 412 2871 738 2936; x_wconf 86' lang='lat' dir='ltr'>cognationem</span> <span class='ocrx_word' id='word_1_407' title='bbox 760 2872 990 2935; x_wconf 78' lang='lat' dir='ltr'>assumpti,</span> <span class='ocrx_word' id='word_1_408' title='bbox 1015 2873 1089 2921; x_wconf 90' lang='lat' dir='ltr'>sed</span> <span class='ocrx_word' id='word_1_409' title='bbox 1112 2872 1334 2938; x_wconf 87' lang='lat' dir='ltr'>suffragiis</span> <span class='ocrx_word' id='word_1_410' title='bbox 1356 2871 1506 2920; x_wconf 60' lang='lat' dir='ltr'>elec‘ti.</span> <span class='ocrx_word' id='word_1_411' title='bbox 1564 2873 1729 2935; x_wconf 89' lang='lat' dir='ltr'>Nuper</span> <span class='ocrx_word' id='word_1_412' title='bbox 1749 2871 1890 2928; x_wconf 63' lang='lat' dir='ltr'>lnam,</span> 
     </span>
     <span class='ocr_line' id='line_1_44' title="bbox 115 2935 1890 3000; baseline 0.001 -18"><span class='ocrx_word' id='word_1_413' title='bbox 115 2950 195 2982; x_wconf 80' lang='lat' dir='ltr'>nes</span> <span class='ocrx_word' id='word_1_414' title='bbox 217 2935 416 2983; x_wconf 83' lang='lat' dir='ltr'>Albinus</span> <span class='ocrx_word' id='word_1_415' title='bbox 440 2937 552 2984; x_wconf 81' lang='lat' dir='ltr'>Dux</span> <span class='ocrx_word' id='word_1_416' title='bbox 574 2937 632 2984; x_wconf 91' lang='lat' dir='ltr'>ad</span> <span class='ocrx_word' id='word_1_417' title='bbox 653 2953 749 2985; x_wconf 88' lang='lat' dir='ltr'>rem</span> <span class='ocrx_word' id='word_1_418' title='bbox 774 2937 1004 2985; x_wconf 84' lang='lat' dir='ltr'>Scoticam</span> <span class='ocrx_word' id='word_1_419' title='bbox 1027 2938 1353 2985; x_wconf 87' lang='lat' dir='ltr'>moderandam</span> <span class='ocrx_word' id='word_1_420' title='bbox 1383 2937 1555 2984; x_wconf 90' lang='lat' dir='ltr'>Iacobo</span> <span class='ocrx_word' id='word_1_421' title='bbox 1576 2937 1741 3000; x_wconf 90' lang='lat' dir='ltr'>quinto</span> <span class='ocrx_word' id='word_1_422' title='bbox 1775 2951 1890 3000; x_wconf 78' lang='lat' dir='ltr'>pue·</span> 
     </span>
     <span class='ocr_line' id='line_1_45' title="bbox 113 2999 1913 3073; baseline 0.002 -28"><span class='ocrx_word' id='word_1_423' title='bbox 113 3013 166 3045; x_wconf 86' lang='lat' dir='ltr'>ro</span> <span class='ocrx_word' id='word_1_424' title='bbox 187 3005 270 3062; x_wconf 85' lang='lat' dir='ltr'>per</span> <span class='ocrx_word' id='word_1_425' title='bbox 290 3001 465 3064; x_wconf 86' lang='lat' dir='ltr'>legatos</span> <span class='ocrx_word' id='word_1_426' title='bbox 487 3002 547 3049; x_wconf 89' lang='lat' dir='ltr'>est</span> <span class='ocrx_word' id='word_1_427' title='bbox 586 3002 612 3050; x_wconf 84' lang='grc' dir='ltr'>ὲ</span> <span class='ocrx_word' id='word_1_428' title='bbox 648 3001 808 3052; x_wconf 84' lang='lat' dir='ltr'>Gallia</span> <span class='ocrx_word' id='word_1_429' title='bbox 827 3002 1000 3049; x_wconf 89' lang='lat' dir='ltr'>accitus</span> <span class='ocrx_word' id='word_1_430' title='bbox 1031 3019 1056 3048; x_wconf 88' lang='lat' dir='ltr'>a</span> <span class='ocrx_word' id='word_1_431' title='bbox 1079 3002 1337 3050; x_wconf 69' lang='lat' dir='ltr'>nobilitate.</span> <span class='ocrx_word' id='word_1_432' title='bbox 1406 3001 1483 3048; x_wconf 88' lang='lat' dir='ltr'>Ab</span> <span class='ocrx_word' id='word_1_433' title='bbox 1505 3001 1664 3048; x_wconf 88' lang='lat' dir='ltr'>eadem</span> <span class='ocrx_word' id='word_1_434' title='bbox 1697 2999 1913 3073; x_wconf 79' lang='lat' dir='ltr'>publico.</span> 
     </span>
     <span class='ocr_line' id='line_1_46' title="bbox 112 3063 1889 3130; baseline 0.001 -21"><span class='ocrx_word' id='word_1_435' title='bbox 112 3063 299 3110; x_wconf 87' lang='lat' dir='ltr'>decreto</span> <span class='ocrx_word' id='word_1_436' title='bbox 316 3064 364 3113; x_wconf 90' lang='lat' dir='ltr'>in</span> <span class='ocrx_word' id='word_1_437' title='bbox 388 3077 616 3114; x_wconf 87' lang='lat' dir='ltr'>conventu</span> <span class='ocrx_word' id='word_1_438' title='bbox 639 3067 950 3114; x_wconf 56' lang='lat' dir='ltr'>confirmatu&amp;</span> <span class='ocrx_word' id='word_1_439' title='bbox 1017 3067 1188 3130; x_wconf 89' lang='lat' dir='ltr'>Neque</span> <span class='ocrx_word' id='word_1_440' title='bbox 1211 3064 1498 3130; x_wconf 70' lang='lat' dir='ltr'>proximitati</span> <span class='ocrx_word' id='word_1_441' title='bbox 1531 3065 1710 3128; x_wconf 86' lang='lat' dir='ltr'>generis</span> <span class='ocrx_word' id='word_1_442' title='bbox 1733 3064 1783 3111; x_wconf 75' lang='lat' dir='ltr'>id</span> <span class='ocrx_word' id='word_1_443' title='bbox 1807 3064 1889 3110; x_wconf 85' lang='lat' dir='ltr'>tri·</span> 
     </span>
    </p>
   </div>
   <div class='ocr_carea' id='block_1_3' title="bbox 986 2576 1244 2590">
    <p class='ocr_par' dir='ltr' id='par_1_5' title="bbox 986 2576 1244 2590">
     <span class='ocr_line' id='line_1_47' title="bbox 986 2576 1244 2590; baseline 0 0"><span class='ocrx_word' id='word_1_444' title='bbox 986 2576 1244 2590; x_wconf 95' lang='lat' dir='ltr'> </span> 
     </span>
    </p>
   </div>
   <div class='ocr_carea' id='block_1_4' title="bbox 114 3126 1912 3194">
    <p class='ocr_par' dir='ltr' id='par_1_6' title="bbox 114 3126 1994 3194">
     <span class='ocr_line' id='line_1_48' title="bbox 114 3126 1912 3194; baseline 0.001 -22"><span class='ocrx_word' id='word_1_445' title='bbox 114 3126 294 3176; x_wconf 83' lang='lat' dir='ltr'>butum.</span> <span class='ocrx_word' id='word_1_446' title='bbox 363 3131 678 3179; x_wconf 85' lang='lat' dir='ltr'>Alexandrum</span> <span class='ocrx_word' id='word_1_447' title='bbox 702 3130 826 3178; x_wconf 87' lang='lat' dir='ltr'>enim</span> <span class='ocrx_word' id='word_1_448' title='bbox 866 3129 1053 3177; x_wconf 89' lang='lat' dir='ltr'>fratrem</span> <span class='ocrx_word' id='word_1_449' title='bbox 1076 3145 1185 3178; x_wconf 89' lang='lat' dir='ltr'>natu</span> <span class='ocrx_word' id='word_1_450' title='bbox 1209 3130 1667 3194; x_wconf 77' lang='lat' dir='ltr'>majoremhabebat‚</span> <span class='ocrx_word' id='word_1_451' title='bbox 1711 3141 1759 3175; x_wconf 92' lang='lat' dir='ltr'>ut</span> <span class='ocrx_word' id='word_1_452' title='bbox 1789 3126 1888 3191; x_wconf 91' lang='lat' dir='ltr'>ipso</span> <span class='ocrx_word' id='word_1_453' title='bbox 1906 3170 1912 3189; x_wconf 39' lang='lat'><em>2</em></span> 
     </span>
    </p>
   </div>
   <div class='ocr_carea' id='block_1_5' title="bbox 106 3187 1921 3641">
    <p class='ocr_par' dir='ltr' id='par_1_7' title="bbox 106 3187 1921 3641">
     <span class='ocr_line' id='line_1_49' title="bbox 114 3187 1921 3265; baseline 0.001 -29"><span class='ocrx_word' id='word_1_454' title='bbox 114 3189 294 3252; x_wconf 13' lang='lat' dir='ltr'>sortasse,</span> <span class='ocrx_word' id='word_1_455' title='bbox 312 3187 596 3260; x_wconf 78' lang='lat' dir='ltr'>inferiorem,</span> <span class='ocrx_word' id='word_1_456' title='bbox 621 3195 685 3242; x_wconf 85' lang='lat' dir='ltr'>ita</span> <span class='ocrx_word' id='word_1_457' title='bbox 707 3195 838 3242; x_wconf 88' lang='lat' dir='ltr'>omni</span> <span class='ocrx_word' id='word_1_458' title='bbox 864 3194 1043 3242; x_wconf 88' lang='lat' dir='ltr'>virtutis</span> <span class='ocrx_word' id='word_1_459' title='bbox 1064 3212 1232 3260; x_wconf 88' lang='lat' dir='ltr'>genere</span> <span class='ocrx_word' id='word_1_460' title='bbox 1265 3195 1437 3243; x_wconf 88' lang='lat' dir='ltr'>Iacobo</span> <span class='ocrx_word' id='word_1_461' title='bbox 1459 3193 1773 3248; x_wconf 82' lang='lat' dir='ltr'>Hamiltonio,</span> <span class='ocrx_word' id='word_1_462' title='bbox 1804 3190 1888 3265; x_wconf 75' lang='lat' dir='ltr'>qui</span> <span class='ocrx_word' id='word_1_463' title='bbox 1909 3228 1921 3234; x_wconf 30' lang='lat'>⁴.</span> 
     </span>
     <span class='ocr_line' id='line_1_50' title="bbox 110 3257 1888 3329; baseline 0 -27"><span class='ocrx_word' id='word_1_464' title='bbox 110 3271 217 3302; x_wconf 84' lang='lat' dir='ltr'>eum</span> <span class='ocrx_word' id='word_1_465' title='bbox 241 3259 396 3306; x_wconf 88' lang='lat' dir='ltr'>locum</span> <span class='ocrx_word' id='word_1_466' title='bbox 420 3259 662 3325; x_wconf 85' lang='lat' dir='ltr'>aliquoties</span> <span class='ocrx_word' id='word_1_467' title='bbox 685 3261 974 3307; x_wconf 63' lang='lat' dir='ltr'>affeffitaverat</span> <span class='ocrx_word' id='word_1_468' title='bbox 995 3260 1130 3308; x_wconf 81' lang='lat' dir='ltr'>sacile</span> <span class='ocrx_word' id='word_1_469' title='bbox 1153 3259 1445 3324; x_wconf 84' lang='lat' dir='ltr'>superiorem.</span> <span class='ocrx_word' id='word_1_470' title='bbox 1513 3258 1580 3305; x_wconf 90' lang='lat' dir='ltr'>At</span> <span class='ocrx_word' id='word_1_471' title='bbox 1600 3257 1772 3329; x_wconf 76' lang='lat' dir='ltr'>Iacobo</span> <span class='ocrx_word' id='word_1_472' title='bbox 1794 3271 1888 3319; x_wconf 81' lang='lat' dir='ltr'>pn·</span> 
     </span>
     <span class='ocr_line' id='line_1_51' title="bbox 111 3321 1893 3389; baseline 0.002 -24"><span class='ocrx_word' id='word_1_473' title='bbox 111 3326 190 3366; x_wconf 80' lang='lat' dir='ltr'>mo</span> <span class='ocrx_word' id='word_1_474' title='bbox 211 3322 392 3371; x_wconf 83' lang='lat' dir='ltr'>absente</span> <span class='ocrx_word' id='word_1_475' title='bbox 414 3325 643 3372; x_wconf 88' lang='lat' dir='ltr'>Robertus</span> <span class='ocrx_word' id='word_1_476' title='bbox 662 3324 764 3387; x_wconf 79' lang='lat' dir='ltr'>ejus</span> <span class='ocrx_word' id='word_1_477' title='bbox 782 3337 970 3387; x_wconf 88' lang='lat' dir='ltr'>patruus</span> <span class='ocrx_word' id='word_1_478' title='bbox 989 3339 1132 3389; x_wconf 85' lang='lat' dir='ltr'>regno</span> <span class='ocrx_word' id='word_1_479' title='bbox 1156 3323 1356 3387; x_wconf 70' lang='lat' dir='ltr'>praefuit.</span> <span class='ocrx_word' id='word_1_480' title='bbox 1411 3324 1520 3385; x_wconf 77' lang='lat' dir='ltr'>Qio</span> <span class='ocrx_word' id='word_1_481' title='bbox 1542 3323 1726 3369; x_wconf 85' lang='lat' dir='ltr'>tandem</span> <span class='ocrx_word' id='word_1_482' title='bbox 1743 3335 1846 3382; x_wconf 73' lang='lat' dir='ltr'>jure</span> <span class='ocrx_word' id='word_1_483' title='bbox 1861 3321 1893 3371; x_wconf 67' lang='lat' dir='ltr'>,P-</span> 
     </span>
     <span class='ocr_line' id='line_1_52' title="bbox 110 3385 1888 3453; baseline 0 -23"><span class='ocrx_word' id='word_1_484' title='bbox 110 3399 223 3431; x_wconf 87' lang='lat' dir='ltr'>num</span> <span class='ocrx_word' id='word_1_485' title='bbox 245 3387 308 3433; x_wconf 80' lang='lat' dir='ltr'>ob</span> <span class='ocrx_word' id='word_1_486' title='bbox 328 3387 618 3452; x_wconf 83' lang='lat' dir='ltr'>cognationis</span> <span class='ocrx_word' id='word_1_487' title='bbox 640 3387 1035 3452; x_wconf 84' lang='lat' dir='ltr'>propinquitatem</span> <span class='ocrx_word' id='word_1_488' title='bbox 1069 3386 1315 3450; x_wconf 76' lang='lat' dir='ltr'>ass&#39;umptus</span> <span class='ocrx_word' id='word_1_489' title='bbox 1339 3391 1358 3437; x_wconf 82' lang='lat'>?</span> <span class='ocrx_word' id='word_1_490' title='bbox 1406 3387 1615 3453; x_wconf 70' lang='lat' dir='ltr'>minime.</span> <span class='ocrx_word' id='word_1_491' title='bbox 1696 3385 1824 3432; x_wconf 88' lang='lat' dir='ltr'>Num</span> <span class='ocrx_word' id='word_1_492' title='bbox 1859 3398 1888 3430; x_wconf 83' lang='lat' dir='ltr'>a</span> 
     </span>
     <span class='ocr_line' id='line_1_53' title="bbox 106 3447 1887 3520; baseline 0.001 -27"><span class='ocrx_word' id='word_1_493' title='bbox 106 3449 283 3511; x_wconf 84' lang='lat' dir='ltr'>populo</span> <span class='ocrx_word' id='word_1_494' title='bbox 305 3451 473 3499; x_wconf 47' lang='lat' dir='ltr'>elesius</span> <span class='ocrx_word' id='word_1_495' title='bbox 497 3455 516 3500; x_wconf 77' lang='grc' dir='ltr'><strong><em>ἓ</em></strong></span> <span class='ocrx_word' id='word_1_496' title='bbox 553 3470 609 3500; x_wconf 90' lang='lat' dir='ltr'>ne</span> <span class='ocrx_word' id='word_1_497' title='bbox 631 3453 679 3500; x_wconf 92' lang='lat' dir='ltr'>id</span> <span class='ocrx_word' id='word_1_498' title='bbox 701 3450 909 3516; x_wconf 82' lang='lat' dir='ltr'>quidem.</span> <span class='ocrx_word' id='word_1_499' title='bbox 979 3453 1232 3516; x_wconf 84' lang='lat' dir='ltr'>Qomodo</span> <span class='ocrx_word' id='word_1_500' title='bbox 1254 3467 1367 3517; x_wconf 89' lang='lat' dir='ltr'>ergo</span> <span class='ocrx_word' id='word_1_501' title='bbox 1388 3453 1564 3498; x_wconf 84' lang='lat' dir='ltr'>creatus</span> <span class='ocrx_word' id='word_1_502' title='bbox 1586 3453 1604 3497; x_wconf 76' lang='grc' dir='ltr'><strong><em>ἓ</em></strong></span> <span class='ocrx_word' id='word_1_503' title='bbox 1638 3449 1762 3520; x_wconf 72' lang='lat' dir='ltr'>Cum</span> <span class='ocrx_word' id='word_1_504' title='bbox 1781 3447 1887 3494; x_wconf 78' lang='lat' dir='ltr'>Rex</span> 
     </span>
     <span class='ocr_line' id='line_1_54' title="bbox 106 3512 1886 3585; baseline -0.001 -25"><span class='ocrx_word' id='word_1_505' title='bbox 106 3513 337 3575; x_wconf 82' lang='lat' dir='ltr'>Robertus</span> <span class='ocrx_word' id='word_1_506' title='bbox 355 3515 514 3561; x_wconf 86' lang='lat' dir='ltr'>tertius</span> <span class='ocrx_word' id='word_1_507' title='bbox 535 3533 616 3563; x_wconf 89' lang='lat' dir='ltr'>nec</span> <span class='ocrx_word' id='word_1_508' title='bbox 635 3516 808 3571; x_wconf 68' lang='lat' dir='ltr'>anime),</span> <span class='ocrx_word' id='word_1_509' title='bbox 829 3533 912 3564; x_wconf 87' lang='lat' dir='ltr'>nec</span> <span class='ocrx_word' id='word_1_510' title='bbox 931 3528 1121 3580; x_wconf 82' lang='lat' dir='ltr'>corpore</span> <span class='ocrx_word' id='word_1_511' title='bbox 1144 3517 1202 3563; x_wconf 85' lang='lat' dir='ltr'>ad</span> <span class='ocrx_word' id='word_1_512' title='bbox 1222 3515 1360 3580; x_wconf 88' lang='lat' dir='ltr'>Regii</span> <span class='ocrx_word' id='word_1_513' title='bbox 1378 3515 1582 3585; x_wconf 72' lang='lat' dir='ltr'>muneris</span> <span class='ocrx_word' id='word_1_514' title='bbox 1600 3512 1886 3582; x_wconf 20' lang='lat' dir='ltr'>fun-&amp;ionem</span> 
     </span>
     <span class='ocr_line' id='line_1_55' title="bbox 106 3574 1882 3641; baseline -0.003 -17"><span class='ocrx_word' id='word_1_515' title='bbox 106 3577 208 3627; x_wconf 80' lang='lat' dir='ltr'>satis</span> <span class='ocrx_word' id='word_1_516' title='bbox 230 3577 336 3625; x_wconf 83' lang='lat' dir='ltr'>effet</span> <span class='ocrx_word' id='word_1_517' title='bbox 355 3580 550 3637; x_wconf 75' lang='lat' dir='ltr'>validus,</span> <span class='ocrx_word' id='word_1_518' title='bbox 575 3581 831 3630; x_wconf 81' lang='lat' dir='ltr'>Robertum</span> <span class='ocrx_word' id='word_1_519' title='bbox 854 3580 1047 3632; x_wconf 81' lang='lat' dir='ltr'>fra.·rem·</span> <span class='ocrx_word' id='word_1_520' title='bbox 1065 3580 1147 3630; x_wconf 85' lang='lat' dir='ltr'>fibi</span> <span class='ocrx_word' id='word_1_521' title='bbox 1174 3580 1391 3629; x_wconf 84' lang='lat' dir='ltr'>vicarium</span> <span class='ocrx_word' id='word_1_522' title='bbox 1415 3578 1611 3633; x_wconf 67' lang='lat' dir='ltr'>suffecit,</span> <span class='ocrx_word' id='word_1_523' title='bbox 1639 3589 1692 3622; x_wconf 88' lang='lat' dir='ltr'>ac</span> <span class='ocrx_word' id='word_1_524' title='bbox 1713 3574 1882 3641; x_wconf 68' lang='lat' dir='ltr'>liberos</span> 
     </span>
    </p>
   </div>
   <div class='ocr_carea' id='block_1_6' title="bbox 1834 3648 1975 3697">
    <p class='ocr_par' dir='ltr' id='par_1_8' title="bbox 1834 3648 1975 3697">
     <span class='ocr_line' id='line_1_56' title="bbox 1834 3648 1975 3697; baseline 0.007 -14"><span class='ocrx_word' id='word_1_525' title='bbox 1834 3648 1916 3692; x_wconf 53' lang='lat' dir='ltr'>ei,</span> <span class='ocrx_word' id='word_1_526' title='bbox 1958 3683 1975 3697; x_wconf 67' lang='lat'><strong><em>„</em></strong></span> 
     </span>
    </p>
   </div>
  </div>
 </body>
</html>
