2025 3833
101 2791 105 2793 -
172 2767 242 2806 but
259 2767 308 2806 he
326 2770 468 2820 shortly.
480 2771 547 2809 lost
563 2768 669 2810 them
689 2770 753 2809 all.

150 146 301 214 ‘372
493 127 853 195 RERUM
942 122 1630 194 Scor-teanum

92 272 99 277 ,
168 221 210 274 &
234 242 261 271 a
279 223 400 272 Iulio
420 224 614 272 secundo
635 221 873 275 Pontifice,
898 225 938 266 δε
960 220 1246 267 Ferdinando
1267 220 1473 282 Hispano
1493 222 1646 271 socero
1661 225 1711 273 in
1733 227 1919 276 societa-

98 288 109 302 '
169 302 266 336 tem
295 288 635 341 sollicitabatur,
658 291 704 334 ἂ
736 284 945 340 Venetis,
972 288 1022 335 δε
1052 283 1279 331 Helvetiis
1311 288 1367 331 ad
1390 285 1472 330 hos
1498 287 1748 347 adjunctis,
1770 295 1819 340 ὃς
1844 294 1917 354 (1.)

169 353 499 404 Maximiliano
538 351 633 411 (etfi
659 349 927 411 plaerunque
947 348 1023 395 sua
1042 348 1227 395 confilia
1243 363 1299 394 ex
1319 365 1470 395 rerum
1489 363 1652 398 eventu
1671 353 1926 411 moderare-

172 419 271 476 tur)
299 417 519 468 access'uro
540 412 793 476 conjuratio
816 425 884 458 tot
905 411 1110 475 gentium
1136 427 1227 460 tam
1250 413 1378 460 firma
1399 412 1569 460 cunctis
1593 415 1930 476 apparebat‚·ut

175 481 338 530 Gallia
359 492 426 528 tot
447 476 590 539 copiis
613 476 819 539 undique
843 479 913 537 (2)
938 475 1301 538 erumpentibus,
1322 477 1523 541 opprimi
1543 480 1663 541 posse
1684 478 1928 528 videretur.

174 545 280 592 Rex·
302 540 484 605 Angliae
506 539 545 587 Sc
569 551 719 596 aetate,
744 547 783 587 δε
804 540 936 604 regni
954 540 1154 588 florentis
1177 540 1340 603 opibus
1365 541 1586 595 tumidus,
1607 545 1655 591 ὃς
1679 558 1828 588 rerum
1850 559 1932 605 ge-

172 609 415 660 rendarum
434 604 628 666 cupidus
645 604 923 666 conjungere
940 604 980 652 se
998 603 1063 651 eis
1081 604 1243 652 avebat
1263 623 1277 652 ι
1293 605 1366 653 sed
1387 605 1634 660 honestam,
1651 622 1790 668 quam
1809 606 1936 654 bello

172 680 460 739 praetexeret,
491 669 666 717 causam
689 669 941 732 quaerebat.
1007 670 1127 716 Cum
1149 682 1302 718 autem
1327 682 1515 732 uterque
1537 670 1719 716 alterius
1748 670 1935 717 consilia

172 753 257 798 per
277 734 589 796 exploratores
608 733 915 795 cognosceret,
947 749 1097 796 neque
1118 734 1294 782 Franco
1315 733 1573 796 persuaderi
1593 735 1751 796 poffet,
1774 751 1831 780 ne
1853 734 1934 780 ad·

171 799 324 845 versus
354 797 623 846 Pontificem
656 798 917 844 Romanurn
949 796 1144 844 Hem-ici
1176 797 1376 845 amicum
1405 815 1531 845 arma
1559 797 1715 853 ferret,
1748 797 1936 845 tandem
1973 798 1976 806 '

172 862 367 913 foecialis
387 862 435 909 in
461 861 668 911 Galliam
692 860 863 918 missus,
886 861 966 924 qui
987 863 1057 924 (3.)
1082 862 1403 917 Normaniam,
1430 862 1749 925 Aquitaniam,
1774 862 1934 910 Ande-

171 943 314 994 gavos
345 940 543 977 veterem
576 926 836 990 Angl0rum
858 926 905 972 in
943 925 1101 973 Gallia
1128 924 1353 983 ditionem
1381 927 1648 990 reposceret.
1716 927 1802 973 Sed
1825 942 1933 973 cum

171 1007 259 1037 nec
280 991 353 1041 his
387 990 521 1038 minis
543 991 718 1038 bellum
739 989 788 1039 in
821 989 952 1037 Italia
977 989 1371 1045 intermitteretur,
1416 991 1597 1054 Anglus
1628 991 1751 1038 bello
1785 990 1938 1037 Gallis

168 1054 347 1106 indicito
365 1055 614 1107 exercitum
634 1055 683 1101 in
706 1055 978 1111 Cantabros,
1004 1067 1053 1101 ut
1073 1055 1114 1100 se
1137 1056 1172 1104 F
1174 1055 1426 1102 erdinando
1447 1055 1599 1102 socero
1620 1055 1937 1120 conjungeret,

172 1119 321 1167 mittit
345 1137 356 1166 :
379 1126 417 1166 &
440 1118 535 1182 ipse
555 1119 893 1187 expeditionem
916 1118 964 1165 in
990 1120 1060 1183 (4)
1083 1120 1273 1169 Gallum
1297 1119 1504 1167 adornat.

238 1185 418 1231 XXIV.
451 1185 644 1232 Iacobus
665 1195 816 1231 autem
846 1185 1004 1231 Scotus
1027 1200 1289 1247 quanquam
1312 1183 1463 1232 neutri
1489 1183 1635 1230 adeffe
1655 1182 1938 1240 decrevisset,

170 1258 324 1295 tamen
347 1247 397 1295 in
432 1248 624 1298 Gallum
646 1248 855 1312 pronior,
887 1249 1082 1302 classem,
1107 1248 1235 1308 cujus
1258 1260 1390 1296 antea
1419 1248 1732 1304 meminimus,
1756 1248 1938 1297 mittere

173 1312 348 1372 statuit,
381 1314 505 1360 dono
535 1315 684 1361 Annae
713 1312 904 1375 Reginae
938 1314 1232 1368 Francorum,
1273 1325 1323 1361 ut
1344 1313 1489 1377 magis
1514 1312 1726 1361 amicitiae
1746 1311 1935 1377 pignus,

172 1392 313 1439 quam
335 1379 390 1423 ad
416 1394 512 1424 rem
538 1377 786 1440 gerendam
809 1375 1052 1423 subfidium
1076 1376 1222 1423 videri
1242 1378 1398 1438 pofiet.
1467 1377 1799 1425 Ecclefiasticus
1820 1392 1939 1440 quo-

171 1457 264 1503 que
291 1442 404 1487 ordo
434 1441 759 1505 largitionibus
779 1439 974 1488 Gallicis
1004 1441 1195 1488 assuetus
1217 1441 1342 1487 suum
1371 1440 1567 1488 studium
1601 1443 1672 1506 (5)
1697 1441 1953 1489 Ludovico

170 1505 360 1552 volebat
391 1506 626 1553 ostentare.
694 1506 782 1552 Sed
813 1520 919 1551 cum
939 1503 990 1551 id
1017 1517 1170 1566 aperte
1193 1521 1284 1553 non
1319 1506 1389 1567 (6)
1422 1506 1660 1561 auderent,
1692 1505 1750 1552 ab
1774 1507 1933 1569 Anglo

172 1567 241 1614 sui
274 1569 418 1635 Regis
453 1568 683 1616 alienandi
717 1567 868 1618 causas
905 1567 1345 1631 circumspiciebant.
1415 1571 1486 1632 (7)
1536 1569 1699 1616 Miss‘us
1731 1569 1791 1616 est
1812 1586 1868 1616 ex
1888 1586 1939 1617 e-

170 1647 307 1678 orum
324 1632 538 1688 fafilione,
549 1633 629 1695 qui
650 1632 793 1679 Gallo
809 1631 1031 1685 studebat,
1049 1631 1098 1679 in
1117 1633 1336 1695 Angliam
1351 1633 1555 1680 Andreas
1568 1634 1602 1680 F
1605 1649 1818 1680 ormanus
1837 1646 1937 1682 tum

171 1694 428 1759 Episcopus
458 1696 775 1759 Moravienfis,
813 1707 862 1742 ut
884 1696 941 1742 ab
970 1697 1178 1744 Henrico
1207 1709 1383 1760 peteret
1404 1713 1622 1761 magnum
1645 1697 1826 1759 pondus
1861 1701 1932 1759 (8)

171 1760 290 1816 auri,
304 1761 576 1827 argentique
598 1760 727 1815 facti„
744 1760 872 1821 cujus
891 1760 1034 1820 major
1055 1777 1156 1823 pars
1179 1759 1228 1807 in
1250 1761 1424 1807 mundo
1443 1760 1657 1807 muliebri
1675 1773 1785 1811 erat.
1818 1762 1939 1811 Haec
1998 1762 1999 1768 ’

170 1825 370 1888 pecunia
391 1826 543 1889 legata
563 1824 805 1873 dicebatur
831 1824 889 1871 ab
912 1825 1108 1871 Auitum
1131 1825 1302 1886 majore
1332 1825 1526 1874 Henrici
1548 1825 1685 1874 fratre
1707 1825 1938 1889 Margari-

171 1901 233 1936 tae
254 1888 410 1944 sorori,
431 1906 569 1951 quam
593 1891 732 1936 Scoto
751 1889 939 1952 nupsisse
957 1902 1060 1935 ante
1083 1889 1374 1936 ostendimus.
1440 1888 1671 1940 Henricus
1692 1902 1845 1937 autem
1866 1895 1938 1952 (ut

169 1951 394 2000 credibile
415 1955 495 2014 est)
517 1954 693 2002 causam
713 1953 823 2002 beni
840 1952 984 2015 quaeri
1001 1964 1141 2008 ratus,
1161 1953 1359 2018 benigne
1379 1952 1609 2016 respondit
1631 1972 1650 2003 ε,
1663 1970 1755 2001 non
1777 1956 1943 2011 mod0,

171 2017 206 2065 fi
231 2015 344 2078 quid
368 2017 627 2072 deberet-ur,
652 2017 726 2063 sed
749 2018 780 2063 fi
803 2032 898 2079 quo
919 2016 1010 2064 alio
1031 2017 1226 2064 Iacobus
1248 2030 1419 2081 egeret,
1443 2018 1570 2064 nulla
1589 2016 1638 2063 in
1661 2035 1709 2065 re
1730 2018 1771 2065 se
1792 2019 1836 2065 ei
1857 2019 1938 2070 de-

168 2080 397 2130 futurum.
464 2083 574 2130 Hoc
595 2080 804 2144 responso
825 2094 1013 2143 accepto
1035 2082 1230 2130 Iacobus
1252 2081 1541 2128 constituerat
1563 2081 1775 2136 Gallum,
1794 2083 1825 2129 st
1846 2100 1938 2146 qua

167 2144 221 2192 in
238 2162 286 2193 re
306 2146 482 2210 alioqui
502 2147 660 2209 posset,
673 2146 853 2207 juvare,
869 2146 943 2191 sed
960 2145 1135 2207 prorsus
1155 2146 1213 2192 ab
1231 2145 1404 2208 Anglia
1418 2145 1676 2192 invadenda
1692 2146 1936 2197 abstinere:

168 2209 762 2276 eundemqueFormanum
782 2208 832 2256 in
854 2209 1060 2258 Galliam
1083 2209 1220 2265 misit,
1241 2210 1325 2272 qui
1340 2210 1439 2258 haec
1454 2209 1695 2260 Ludovico
1716 2211 1938 2259 annunci-

166 2286 287 2322 aret..

129 2354 132 2356 ·
235 2340 392 2389 XXV.
424 2341 605 2388 Interea
625 2338 846 2402 quoniam
867 2337 1072 2387 audierat
1106 2354 1298 2402 magnos
1318 2336 1432 2385 belli
1452 2336 1672 2385 maritimi
1693 2351 1939 2403 apparatus

159 2403 386 2468 ¹utrinque
408 2404 521 2461 fieri,
545 2406 741 2460 classem,
766 2405 823 2450 de
843 2419 936 2466 qua
958 2403 1175 2458 diximus,
1201 2404 1347 2451 statim
1370 2401 1428 2449 ad
1446 2403 1630 2450 Annam
1654 2402 1836 2451 mittere
1857 2405 1941 2450 de-

170 2468 335 2524 crevit,
361 2481 411 2517 ut
436 2483 540 2516 ante
563 2469 674 2516 belli
696 2467 899 2525 initium,
925 2468 955 2514 si
978 2467 1076 2517 fieri
1095 2469 1253 2531 posset,
1277 2468 1390 2514 illuc
1411 2467 1676 2529 appelleret.
1744 2467 1800 2514 Ei
1821 2484 1938 2531 prae-

169 2529 281 2582 fecit
308 2535 382 2599 (9)
417 2533 637 2589 Iacobum
674 2532 1017 2580 Hamiltonium
1039 2532 1223 2580 Araniae
1258 2530 1586 2600 Comitemn&
1608 2533 1713 2579 cum
1735 2531 1935 2595 primum

1083 2660 1163 2701 had
1191 2661 1350 2711 nothing
1381 2661 1453 2700 left
1485 2673 1537 2700 on
1567 2660 1634 2701 the
1670 2660 1862 2701 continent
1896 2661 1942 2700 of.

1085 2716 1238 2763 france,
1257 2714 1520 2764 exceptCalais
1537 2717 1608 2751 and
1625 2713 1691 2751 the
1710 2715 1792 2764 pale
1810 2714 1937 2752 there·
1990 2716 1996 2724 ‘

1085 2768 1142 2814 of,
1156 2768 1282 2806 which
1301 2767 1554 2816 his-daughter
1569 2781 1687 2822 queen
1704 2767 1815 2818 Mary
1829 2767 1919 2809 lost..

1139 2819 1207 2872 (4)
1235 2821 1281 2858 M
1295 2822 1335 2859 S.
1353 2821 1538 2860 Galliam.
1795 2850 1798 2854 -
2001 2850 2003 2853 .

1137 2873 1199 2925 (5)
1226 2873 1349 2911 Lcwis
1367 2873 1433 2911 the
1464 2873 1557 2913 12th
1592 2874 1639 2915 of,
1664 2874 1818 2921 Franoe,
1849 2871 1944 2911 who

1084 2925 1278 2967 succeeded
1296 2935 1334 2964 to
1360 2926 1456 2975 king
1471 2926 1627 2966 Charles
1640 2926 1730 2967 8th.
1995 2928 2001 2934 ‘

1137 2980 1201 3030 (6)
1230 2979 1276 3016 M
1289 2980 1330 3017 S.
1349 2982 1511 3027 auderet,
1527 2979 1857 3030 circumspiciebat.

1104 3055 1106 3058 >
1136 3034 1200 3084 (7)
1229 3033 1275 3069 M
1291 3033 1329 3070 S.
1358 3033 1484 3070 miss‘us
1500 3034 1551 3070 est
1568 3046 1612 3072 ex
1630 3045 1757 3073 eorum
1771 3028 1946 3071 factione·

173 2661 211 2711 ly
230 2661 323 2702 wibh
345 2663 498 2714 viftory,
513 2665 582 2702 and
597 2664 804 2713 conquered
822 2661 1031 2715 theduchy

171 2714 220 2754 of
242 2715 370 2754 Milan
398 2720 470 2755 and
503 2716 685 2763 kingdom
715 2716 760 2753 of
773 2716 927 2765 Naples,
958 2718 1028 2755 &m

255 2834 271 2859 1

175 2820 245 2912 sori
258 2822 388 2926 1³)hi1ip
407 2876 480 2914 had
498 2875 655 2913 married
676 2873 741 2912 the
759 2874 870 2913 eldest
887 2873 1029 2924 daugh-

172 2935 233 2965 ter
249 2928 294 2966 of
306 2929 513 2978 ferdinand
530 2927 626 2978 king
639 2927 683 2965 of
695 2927 830 2977 Spain..

229 2983 292 3030 (Ζ)
321 2982 367 3020 Μ
383 2983 423 3020 S.
451 2980 766 3030 irrumpentibus...

234 3033 276 3085 (3
285 3035 307 3085 )’
329 3036 546 3084 Normandy
565 3032 723 3071 was-the
739 3032 970 3074 inheritance
988 3034 1034 3073 of
1060 3042 1062 3045 ’

326 2823 440 2864 Duke
453 2822 498 2862 of
511 2823 661 2861 Austria
676 2823 745 2859 and
760 2833 951 2870 emperor:
971 2820 1033 2858 his

174 3087 276 3124 duke
297 3088 481 3127 William-
495 3087 561 3125 the
579 3087 731 3132 bastard,
763 3099 966 3136 conqueror
992 3088 1039 3126 of

174 3140 389 3189 Englandj
426 3141 555 3191 Anjou
589 3153 664 3177 was
695 3138 770 3176 the*
794 3141 958 3180 earldom
993 3140 1038 3179 of

176 3191 709 3243 GeoffreyPlantagenet,who
723 3193 882 3240 married
890 3194 1032 3231 Maude

175 3246 263 3293 only
284 3246 385 3286 child
402 3247 442 3284 in
475 3246 543 3284 life
577 3248 648 3289 and
665 3245 750 3286 heir
766 3255 806 3284 to
828 3247 964 3296 Henry.
982 3248 1032 3289 1st

177 3295 278 3345 king
287 3299 526 3348 ofEngland,
540 3298 607 3337 his
614 3298 677 3347 son
694 3299 823 3349 Henry
837 3311 858 3342 2
864 3302 884 3337 d
897 3297 1030 3341 marri-

178 3351 440 3393 edAEleonora
472 3352 637 3390 heretrix-
654 3352 927 3400 of‘Aquitaine
961 3354 1033 3394 and
1071 3388 1074 3391 ,

177 3401 336 3452 Ροίᾃου
356 3418 381 3444 z,
395 3395 497 3442 these
518 3406 630 3443 lands-
650 3404 803 3453 (taking
820 3419 869 3455 up
895 3419 916 3443 a
933 3416 1041 3453 great,
1058 3429 1061 3431 Δ

179 3455 316 3509 patt'of
324 3454 388 3491 the
400 3456 580 3504 kingdom
595 3457 639 3495 of
644 3459 806 3508 Franee)
816 3471 916 3503 ,were
930 3458 1033 3508 pieoe

179 3508 252 3543 and
270 3507 371 3556 piece
388 3512 592 3556 conquered
611 3510 656 3560 by
674 3509 740 3550 the
758 3506 914 3549 ,french
933 3510 1031 3551 from

179 3557 247 3602 the
257 3558 437 3612 English„
455 3559 496 3602 so.
509 3557 1043 3625 thatthiekinngenryussthl

1087 3087 1151 3135 qui
1171 3086 1288 3125 Gallo
1304 3086 1497 3125 studebant
1527 3085 1782 3132 sententia‚in
1798 3085 1944 3136 Angli--

1087 3152 1148 3177 am
1167 3141 1337 3178 Andreas
1347 3139 1565 3178 Eormanus.
1593 3139 1861 3179 Ecclefiasticus
1874 3151 1945 3176 ομ.

1083 3193 1131 3229 do
1150 3192 1181 3231 is
1210 3193 1275 3233 the
1293 3194 1511 3233 antecedent
1535 3200 1576 3230 to
1603 3204 1748 3237 eorum,
1783 3194 1853 3229 and
1866 3191 1943 3233 the·

1084 3244 1182 3285 same
1198 3258 1246 3284 or
1261 3248 1435 3286 Andreas
1462 3245 1672 3287 Romanus,
1699 3243 1765 3287 the
1791 3253 1940 3284 antece·

1083 3300 1171 3338 dent
1189 3308 1228 3338 to
1243 3298 1322 3347 qui.
1622 3324 1624 3326 v

1138 3352 1202 3403 (8)
1215 3390 1218 3392 ,
1231 3350 1449 3396 Goldsmith
1465 3350 1610 3393 work..>
1901 3377 1905 3383 -

1112 3440 1117 3444 ,
1139 3405 1214 3456 (9).
1231 3405 1323 3444 first
1347 3405 1391 3447 of
1404 3405 1486 3444 that
1508 3403 1933 3453 firname5‚0=r}÷.=ofiAr⁴

1089 3471 1169 3505 ran,
1187 3457 1283 3496 after
1299 3457 1358 3495 his
1376 3456 1519 3502 uterine
1533 3451 1967 3512 brother'Jmesiiosdg

1085 3524 1160 3549 was
1178 3510 1339 3559 ssainfas
1358 3520 1414 3555 we
1433 3510 1530 3557 bave
1546 3511 1671 3552 shown
1689 3510 1815 3562 hebr?
1828 3518 1853 3558 3)-
1868 3505 1946 3557 ἤιξε

1083 3564 1147 3607 son
1164 3564 1291 3621 James
1303 3562 1404 3606 duke
1414 3562 1463 3606 of.
1471 3560 1766 3611 Chatelhexanln
1777 3554 1947 3619 and-go...

1812 3651 1952 3689 8989·
