2075 3807
237 177 362 264 184
536 177 895 246 RERUM
988 173 1670 252 Sena-manum
1743 229 1767 247 Ι

227 279 419 344 ignotus
440 274 558 331 inter
577 275 759 340 ignotos
792 275 839 321 in
861 271 1067 320 omnium
1090 288 1233 338 prope
1254 289 1403 323 rerum
1426 272 1599 324 summa
1618 276 1827 338 poenuria
1847 277 1978 331 mise·
2002 301 2006 305 ·

228 358 325 393 ram
356 341 495 394 vitam
525 339 810 404 transigebat.
878 338 1056 385 Interea
1090 336 1353 388 Gulielmus
1373 336 1712 402 expeditionem
1734 342 1986 391 adornabat

227 406 279 454 in
296 406 551 458 Moraviam
574 402 778 449 adversus
800 400 995 460 latrones
1015 401 1299 450 AEbudenses
1324 420 1336 449 :
1359 419 1555 466 quorum
1574 403 1785 468 princeps
1802 406 1982 454 Donal-

227 470 313 521 dus
333 471 454 518 Baan
480 470 587 528 (hoc
609 467 668 512 est
689 466 838 524 albus)
863 482 1007 529 genus
1029 466 1155 512 suum
1189 466 1244 512 ad
1269 467 1417 530 Reges
1446 467 1669 515 referebat
1693 486 1706 516 ι
1741 485 1793 517 ac
1814 485 1983 519 nomen

225 534 363 582 etiam
387 533 526 596 Regis
560 530 859 593 assumpserat.
928 531 970 576 Is
995 530 1018 577 ὲ
1052 529 1242 577 navibus
1267 529 1397 592 saepe,
1423 546 1474 577 ac
1496 532 1678 590 diverffs
1698 531 1746 579 in
1768 533 1881 581 locis
1902 550 1983 580 ex-

224 598 436 649 scendens
468 610 557 643 non
582 594 720 644 modo
742 593 789 640 in
812 594 1049 642 maritimis
1072 593 1182 640 locis
1206 593 1466 641 solitudines
1488 596 1699 651 faciebat,
1722 596 1795 646 sed
1818 614 1844 643 a
1871 598 1986 645 mari

222 664 360 710 etiam
380 663 516 721 longe
539 670 728 712 remota,
749 657 971 709 crescente
994 675 1075 722 per
1095 657 1417 723 impunitatem
1439 659 1642 714 audacia,
1660 661 1982 724 populabatur.

227 723 453 775 Adversus
473 739 578 768 eum
601 721 792 770 navibus
807 721 1133 779 circummiffw,
1152 724 1233 788 qui
1252 723 1428 770 claffem
1446 723 1756 779 incenderent,
1771 726 1872 773 Rex
1889 738 1982 773 ter·

223 790 344 839 restri
364 788 524 835 itinere
547 785 773 851 profectus
827 803 913 834 ene
935 804 1092 834 omnes
1115 788 1173 835 ad
1195 804 1335 835 unum
1357 786 1603 835 interemit.
1630 789 1683 837 In
1704 790 1853 837 reditu
1875 806 1981 838 cum

223 871 312 903 non
338 853 495 915 procul
523 868 548 896 a
571 850 736 905 Bertha
756 804 936 906 agaret,
958 851 1099 898 tribus
1123 851 1297 898 rusticis
1319 851 1514 906 offensis,
1542 864 1704 915 praeter
1724 868 1915 916 pannos,
1941 859 1983 901 δε

219 917 424 966 illuviem
463 915 579 962 nihi'l
599 914 812 962 rusticum
837 931 928 977 prae
961 914 1002 961 se
1037 915 1302 970 ferentibus,
1327 931 1430 963 cum
1463 915 1692 965 declinare
1715 918 1975 964 viderentur

223 980 529 1028 multitudinis
551 978 802 1035 occursum,
824 980 924 1026 Rex
957 979 1174 1025 adduc‘los
1207 980 1263 1025 ad
1285 978 1326 1026 se
1360 980 1440 1026 diu
1464 981 1797 1044 contemplatus
1823 980 1987 1028 institia

219 1062 436 1110 quaerere,
456 1045 535 1106 qui
561 1044 770 1090 mortales
794 1044 945 1091 essent.
1015 1042 1303 1090 Gilchristius
1326 1043 1470 1091 senior
1491 1043 1676 1089 adorato
1699 1045 1827 1108 Rege
1851 1044 1983 1094 mise.

221 1111 424 1158 rabiliter
445 1110 501 1155 de
524 1109 705 1156 fortuna
722 1108 797 1154 sua
818 1109 994 1171 questus
1018 1107 1119 1170 quis
1142 1108 1264 1162 esset,
1290 1106 1461 1154 indicat
1486 1124 1496 1151 :
1531 1107 1737 1168 adeoque
1759 1110 1978 1162 memoria

217 1174 456 1238 superioris
478 1173 584 1221 vitae
610 1190 689 1236 per
709 1172 930 1220 summam
946 1171 1219 1236 dignitatem
1244 1171 1488 1224 transactae,
1512 1171 1591 1235 qui
1608 1172 1798 1221 aderant
1817 1188 1977 1221 omnes

221 1238 488 1292 commovit,
520 1250 568 1284 ut
590 1253 725 1284 nemo
746 1234 989 1300 lachrymis
1013 1236 1230 1299 abstinere
1253 1235 1293 1282 se
1317 1236 1531 1299 potuerit.
1600 1235 1701 1281 Rex
1726 1236 1865 1285 humo
1889 1236 1981 1283 sur·

218 1321 325 1368 gere
352 1303 517 1364 juffum
540 1301 586 1349 in
619 1301 857 1364 pristinum
879 1307 918 1348 δε
942 1299 1197 1366 diguitatis,
1222 1306 1262 1349 8:
1285 1300 1498 1349 amicitiae
1527 1298 1720 1366 gradum
1743 1300 1980 1349 hominem

218 1369 423 1417 restituit.
925 1376 930 1379 -

283 1433 454 1481 XLIX.
488 1429 752 1478 inciderunt
775 1431 871 1477 haec
900 1428 946 1476 in
982 1444 1150 1476 annum
1191 1442 1324 1492 1190,
1349 1444 1442 1492 quo
1467 1441 1673 1494 tempore
1703 1425 1977 1486 Richardus,

218 1497 301 1562 qui
321 1495 546 1559 superiore
569 1510 688 1542 anno
709 1495 827 1558 patri
849 1494 1122 1547 successerat,
1147 1506 1251 1539 cum
1271 1491 1610 1554 expeditionem
1637 1494 1706 1555 (1)
1732 1494 1777 1539 in
1805 1493 1981 1556 Syriam

215 1559 544 1623 ornaret,Regi
570 1561 808 1606 Scotorum
828 1574 949 1606 arces
971 1556 1189 1611 reddidit,
1208 1563 1244 1603 ἃ
1267 1556 1440 1604 obfides
1462 1555 1630 1604 remifit
1655 1575 1665 1603 :
1699 1570 1836 1620 atque
1855 1574 1978 1612 eum,

217 1624 502 1691 posterosque
520 1624 614 1685 ejus
636 1622 826 1670 absolvit
844 1623 900 1668 ab
922 1621 1133 1669 omnibus
1154 1621 1297 1686 pactis
1320 1622 1390 1667 vel
1414 1621 1459 1667 vi
1481 1618 1703 1681 expressis,
1726 1631 1797 1667 vel
1820 1621 1981 1672 fraude

218 1689 433 1743 obtentis„
457 1703 741 1752 regnumque
777 1686 943 1734 Scotiae
980 1685 1217 1739 utendum,
1251 1683 1586 1748 fruendumque
1606 1685 1670 1730 eis
1694 1683 1876 1739 finibus,
1902 1701 1980 1731 eo·

217 1771 306 1818 que
322 1754 424 1816 jure
446 1751 488 1798 ei
507 1750 724 1815 permisit,
744 1767 838 1825 quo
858 1750 1207 1805 Milcolumbus,
1228 1749 1463 1811 Regesque
1483 1746 1733 1810 superiores
1756 1749 1803 1796 id
1823 1758 1978 1795 tenue-

219 1832 333 1865 rant.
380 1817 580 1878 (Harum
603 1814 919 1863 conditionum
945 1814 1154 1863 meminit
1177 1814 1422 1860 Matthaeus
1447 1812 1716 1872 Parisiensts)
1763 1813 1847 1859 llle
1870 1829 1982 1860 con-

218 1896 286 1929 tra
309 1894 357 1928 ut
380 1880 610 1929 Richardo
634 1879 674 1926 se
696 1895 785 1926 non
810 1879 1041 1942 ingratum
1063 1877 1329 1930 ostenderet,
1354 1874 1410 1922 ad
1435 1876 1605 1924 bellum
1633 1874 1979 1924 transmarinum

217 1944 515 2012 proficiscenti
541 1944 690 1990 decies
713 1943 838 1990 mille
862 1959 1032 1989 marcas
1065 1943 1242 2006 argenti
1275 1941 1418 1995 dedit,
1445 1939 1764 2003 Davidemque
1796 1941 1982 1990 fratrem

219 2010 453 2060 Comitem
486 2007 821 2069 Hundintoniae
852 2007 1131 2054 declaratum
1164 2006 1288 2070 sequi
1321 2022 1425 2051 eum
1448 2005 1494 2051 in
1531 2005 1704 2066 Syriam
1732 2003 1863 2064 justit.
1935 2005 1983 2054 Is

218 2075 329 2123 dum
359 2074 492 2130 redit,
517 2073 644 2120 class'e
666 2070 1003 2136 tempestatibus
1032 2071 1219 2133 disjecta
1241 2070 1298 2116 ab
1316 2068 1553 2133 AEgyptiis
1580 2083 1755 2131 capms,
1778 2084 1803 2114 a
1827 2067 1981 2116 Vene-

218 2139 274 2187 tis
297 2139 575 2203 redemptu5‚
613 2135 1010 2198 Constantinopoli
1033 2135 1218 2182 demum
1247 2135 1304 2181 ab
1331 2135 1485 2196 Anglo
1508 2147 1755 2179 mercatore
1788 2133 1976 2192 agnitus

219 2204 315 2265 post
347 2214 560 2267 quartum
594 2201 779 2250 tandem
810 2215 981 2247 annum
1003 2202 1052 2246 in
1075 2199 1273 2247 Scotiam
1297 2198 1432 2245 rediit
1465 2216 1474 2243 :
1503 2203 1542 2244 δε
1563 2213 1728 2269 magna
1749 2195 1978 2252 omnium,

218 2267 294 2316 sed
326 2265 475 2315 fratris
504 2265 738 2330 praecipua
770 2263 1075 2337 gratulatione
1106 2264 1167 2310 cst
1196 2275 1431 2326 recaeptus.
1496 2260 1712 2308 Boethius
1748 2260 1892 2308 credit
1922 2261 1984 2313 ab

218 2333 308 2379 hoc
329 2330 511 2380 Davide
532 2329 754 2378 incolumi
773 2328 869 2376 illic
899 2328 1101 2392 exposito
1123 2327 1364 2392 oppidum,
1387 2326 1512 2390 quod
1535 2326 1748 2372 Aledium
1771 2325 1875 2372 ante
1899 2342 1979 2373 vo-

220 2397 422 2450 cabatur,
446 2395 726 2459 appellatum
748 2393 874 2440 fuisse
896 2392 1183 2440 Deidonum.=
1245 2391 1346 2455 Ego
1377 2390 1527 2453 potius
1550 2390 1830 2437 Taodunum
1853 2395 1980 2437 com&

219 2461 365 2526 polito
386 2459 572 2508 nomine
594 2459 619 2506 ὲ
646 2461 770 2513 Tao,
794 2463 834 2505 δι
859 2457 1000 2504 Duno
1028 2469 1241 2502 vocatum
1275 2455 1495 2502 existimo.
1564 2453 1714 2501 Alecti
1744 2469 1909 2501 nomen
1933 2471 1981 2500 a·

218 2525 317 2590 pud
339 2540 482 2570 unum
498 2523 740 2571 Boethium
758 2521 955 2570 invenio.
1026 2520 1129 2568 Nec
1152 2521 1267 2567 adeo
1289 2521 1434 2566 multo
1456 2517 1551 2582 post
1572 2517 1827 2565 Richardus
1846 2518 1981 2566 variis

219 2589 391 2637 casibus
419 2588 613 2649 jaEtatus
635 2602 692 2633 ex
720 2587 879 2634 eadem
909 2584 1277 2650 peregrinatione
1310 2582 1460 2630 rediit.
1529 2581 1606 2629 Ad
1627 2597 1734 2629 eum
1764 2583 1980 2630 reducem
2014 2619 2020 2622 .

221 2651 489 2705 Gulielmus
512 2667 617 2698 cum
641 2652 780 2698 fratre
805 2651 1083 2715 gratulatum
1106 2648 1247 2703 venit,
1269 2663 1320 2695 ac
1343 2648 1435 2694 duo
1465 2644 1612 2694 millia
1632 2661 1883 2693 marcarum
1910 2663 1981 2694 ar-

253 2716 350 2765 enti
371 2718 492 2767 dono
510 2715 678 2771 attulit,
702 2716 776 2762 vel
793 2713 1089 2778 benignitatis
1112 2711 1349 2776 superioris
1371 2727 1480 2791 erga
1496 2711 1538 2758 se
1553 2726 1744 2768 memor,
1769 2708 1840 2758 vel
1863 2718 1980 2773 pi‘ae-

262 2781 353 2831 ntis
373 2781 451 2828 ino
486 2779 542 2832 iae
558 2779 778 2831 misertus.
798 2778 902 2827 Nec
925 2793 1126 2842 unquam
1142 2778 1211 2839 (z)
1230 2792 1395 2823 nomen
1411 2775 1642 2822 &coticum
1657 2773 1857 2821 creditur
1882 2777 1978 2822 An·
2059 2814 2075 2839 ,ἶ

219 2845 345 2911 glico
374 2797 500 2893 fuitie
521 2842 821 2905 conjunctius.
868 2842 943 2890 Ibi
963 2857 1069 2888 cum
1088 2840 1351 2888 Gulielmus
1370 2839 1416 2886 in
1436 2838 1738 2902 gravissimum
1761 2837 1983 2886 incidisset
2067 2863 2075 2890 ι

220 2909 451 2965 morbum,
471 2922 627 2957 rumor
644 2909 703 2958 de
720 2918 867 2954 morie
887 2905 983 2968 ejus
1000 2905 1162 2954 allatus
1181 2919 1321 2950 novos
1344 2902 1390 2950 in
1411 2902 1564 2950 Scotia
1581 2915 1730 2949 motus
1746 2901 1987 2950 excitavitr
2051 2895 2075 2963 ,1

219 2973 451 3024 Hataldus
473 2972 727 3028 Orcadum,
743 2975 793 3022 ὅτ
811 2969 1091 3020 Cathanefiae
1111 2970 1279 3016 Comes
1290 2965 1516 3031 Episcopo
1532 2966 1811 3013 Cathanefiae
1832 2965 1981 3014 infen-
2037 2967 2075 3022 ’Ἀ

223 3038 310 3094 sus,
332 3037 462 3101 quod
483 3054 566 3100 per
579 3053 687 3089 eum
709 3035 865 3089 stetiss'e
881 3033 1070 3089 diceret,
1090 3033 1183 3097 qu'o·
1201 3031 1349 3079 minus
1367 3030 1491 3094 apud
1506 3031 1686 3095 Regem
1737 3046 1804 3078 uae
1827 3030 1983 3087 vellet.
2063 3032 2075 3067 ἕ

220 3101 465 3157 obtineret,
489 3117 593 3149 eum
617 3098 993 3166 comprehensum
1013 3097 1178 3153 oculis,
1204 3103 1243 3144 δι
1265 3095 1423 3160 lingua
1443 3095 1658 3159 privavit.
1756 3109 1813 3141 ex
1831 3109 1984 3143 rever·
2024 3074 2075 3155 -ᾗ

166 3215 180 3227 ,
219 3165 291 3212 sus
321 3166 511 3214 domum
536 3165 734 3215 Comitis
756 3162 950 3217 Haraldi
982 3177 1150 3225 magna
1169 3176 1226 3207 ex
1249 3172 1375 3224 parte
1402 3159 1557 3223 copias
1578 3158 1715 3208 variis
1744 3156 1985 3229 congreffi-
2044 3148 2075 3209 „²⁴⁴

222 3229 307 3276 bus
329 3228 516 3278 delevit.
583 3229 767 3287 Ducem
786 3245 812 3275 e
833 3227 946 3292 fuga
965 3227 1207 3274 retractum
1229 3222 1373 3272 oculis
1394 3224 1606 3275 orbatum
1656 3232 1705 3270 er
1724 3219 1989 3277 carnificem

223 3291 514 3356 strangulavit
540 3312 551 3340 :
577 3305 812 3365 totamque
833 3292 1014 3355 stirpem
1035 3290 1130 3352 ejus
1157 3288 1400 3338 masculam
1433 3287 1608 3335 emascu
1628 3286 1793 3336 audam
1814 3283 1944 3336 dedit
1964 3304 1987 3334 :-
2037 3315 2050 3345 ·.

219 3356 421 3418 reliquos
444 3356 743 3421 propinquos,
760 3356 1028 3405 &scelerum
1049 3351 1333 3402 administros
1357 3368 1524 3416 magna
1539 3349 1987 3413 pecuniamultavit..
2046 3353 2057 3366 ¹

224 3420 346 3473 Haec
363 3437 390 3469 a
406 3421 599 3473 Boethio
621 3422 681 3475 fic
702 3433 958 3482 nattam-ur,
980 3424 1031 3472 δε
1048 3417 1228 3483 vulgari
1252 3431 1434 3464 rumore
1449 3416 1774 3463 confirmantur
1797 3431 1809 3460 :
1832 3412 1984 3461 collis»-

275 3548 339 3598 (1)
356 3550 428 3586 'To
456 3549 526 3587 tho
548 3550 763 3598 hely-land,
786 3551 847 3590 for
875 3550 941 3590 the
973 3562 1077 3592 reco-
1147 3565 1149 3569 ·
1183 3545 1250 3598 (2)
1276 3513 1496 3590 i.e.⁶Scuti=
1516 3556 1655 3588 nomen
1671 3540 1989 3599 Anglicumfistc

222 3615 309 3656 very
323 3602 368 3644 of
382 3602 588 3657 Jerusalem
604 3603 705 3664 stom
721 3604 787 3651 the
804 3603 996 3664 fiamus:
1130 3598 1269 3663 Qu·
1522 3632 1528 3637 -
1976 3598 1988 3608 ¹
