2085 3864
540 150 871 230 L'1BER
963 147 1364 226 SEXTUS.
1710 176 1822 242 141

70 273 182 336 plaer
191 282 337 331 unque
354 262 508 312 vocari
520 254 623 309 'eam
643 275 835 324 partem,
860 256 934 305 cui
951 258 1176 306 Brittones
1195 259 1473 321 imperarant
1492 275 1504 303 :
1528 255 1617 305 hoc
1634 259 1711 312 est,
1731 271 1834 320 quae

71 338 133 382 est
155 335 274 381 intra
294 332 469 378 vallum
492 326 704 379 Adriani,
729 335 807 369 aut
829 339 934 369 cum
958 322 1138 385 longius
1157 322 1252 383 ejus
1275 323 1384 369 fines
1409 324 1687 383 protendunt
1716 323 1837 370 intra

74 401 247 446 vallum
273 393 424 443 Severi
450 411 462 439 t
501 394 659 437 Scotos
681 403 807 441 vero,
834 396 875 434 ὁ(
901 387 1047 432 Pictos
1067 387 1181 449 saepe
1204 399 1330 434 extra
1350 387 1630 434 Britanniam
1650 389 1836 443 censeri,

77 469 119 511 &
151 461 334 510 interim
361 459 429 520 (1)
462 453 782 502 transmarinos
805 451 1000 514 populos
1019 451 1127 497 dici.
1162 451 1302 514 Qod
1324 452 1466 515 igitur
1488 454 1610 516 apud
1631 453 1735 500 illos
1759 455 1837 508 est,

77 527 256 590 Anglos
275 523 361 570 toti
379 517 879 580 BritanniQimperaffe
898 514 1162 577 aliquando,
1202 517 1248 562 id
1272 517 1341 563 isti
1364 517 1428 563 ita
1446 517 1695 580 accipiunt,
1735 534 1787 563 ac
1810 519 1843 565 fi

75 592 303 638 diceretur
324 599 467 633 totam
499 582 800 636 Britanniam,
822 580 872 626 id
894 580 954 625 est
983 579 1190 633 Albium,
1213 581 1301 627 five
1320 581 1586 638 Albionem,
1627 598 1732 629 cum
1771 582 1844 628 illi

74 652 359 701 brevioribus
375 650 539 696 finibus
553 650 844 710 plaerunoue,
857 644 926 690 uti
937 643 1335 698 dixi‚Britanniam
1350 646 1733 693 circumscribant.
1752 648 1843 694 Sed

76 720 134 766 de
155 704 339 765 his⁵alio
361 716 464 762 loco
487 714 622 761 latius
644 709 941 757 differuimus.
999 709 1140 755 Nunc
1163 709 1220 755 ad
1239 726 1306 756 res
1331 712 1569 758 Scotorum
1588 712 1841 762 redeamus.

736 783 958 829 LXXVI.
1011 784 1053 828 R
1076 784 1113 829 E
1139 783 1195 828 X.

148 857 332 904 XVIII.
369 855 409 901 C
423 855 467 900 O
480 852 528 899 N
541 853 568 897 S
583 850 627 896 T
641 849 744 906 AN
758 849 837 893 TI
851 849 896 894 N
911 849 955 893 O
988 846 1034 893 in
1067 848 1405 909 Monachorum
1443 849 1600 897 secessu
1641 851 1846 914 quietem

79 924 295 984 *amplexo
327 922 427 967 Rex
456 917 710 963 declaratur
747 912 1080 959 Milcolumbus
1124 906 1330 959 Donaldi
1368 914 1501 961 filius.
1583 917 1849 965 Athelstano

82 1000 281 1039 mortim,
304 1001 355 1031 ac
378 993 595 1045 regnante
619 979 754 1024 fratre
777 978 872 1039 ejus
896 976 1143 1023 Edmundo
1167 976 1407 1033 Gumbria,
1432 985 1472 1025 δε
1495 981 1748 1028 Vestmaria
1780 1001 1850 1034 re-

82 1052 203 1098 lictis
228 1047 391 1112 Anglis
414 1046 472 1094 ad
507 1046 726 1091 assuetum
748 1042 996 1104 imperium
1019 1040 1193 1088 rediere
1220 1061 1231 1087 :
1273 1048 1311 1088 δε
1327 1043 1478 1097 Dani,
1499 1044 1579 1106 qui
1601 1044 1648 1090 in
1670 1047 1849 1094 North-

84 1115 266 1162 umbria
288 1110 588 1159 remanserant
612 1107 872 1154 Avalaffum
894 1107 1083 1152 Danum
1103 1106 1338 1152 hominem
1366 1107 1503 1170 Regii
1540 1109 1720 1172 generis
1751 1122 1852 1158 tum

83 1179 132 1227 in
157 1177 384 1227 Hibernia
403 1175 666 1222 exulantem
690 1172 746 1219 ad
768 1186 962 1234 regnum
989 1168 1306 1232 accipiendum
1329 1184 1511 1218 vocant.
1579 1174 1853 1222 Edmundus

87 1243 362 1306 prospiciens
406 1251 578 1303 quanta
612 1235 724 1284 belli
749 1237 891 1282 moles
915 1235 1114 1289 instaret,
1152 1234 1513 1282 Milcolumbum
1538 1238 1776 1295 Cumbria,
1801 1243 1854 1292 ὃς

86 1308 338 1356 Vestmeria
359 1306 517 1359 donat,
542 1320 594 1350 ea
616 1303 737 1366 lege,
781 1313 831 1348 ut
848 1300 929 1363 qui
953 1298 1161 1362 proxime
1194 1298 1243 1345 in
1277 1316 1470 1362 regnum
1495 1303 1733 1350 Scotorum
1756 1305 1855 1352 suc-

87 1374 282 1420 cessurus
303 1372 408 1418 esset
431 1370 759 1416 sacramentum
784 1365 1049 1428 Anglorum
1067 1364 1188 1427 Regi
1210 1380 1292 1411 ceu
1315 1365 1524 1427 supremo
1546 1383 1706 1413 eorum
1727 1369 1855 1416 loco-

87 1455 190 1484 rum
211 1436 400 1483 domino
422 1435 608 1481 diceret.
676 1429 861 1478 Deinde
884 1430 1042 1485 Danos
1063 1430 1200 1476 variis
1225 1428 1558 1477 calamitatibus
1579 1432 1766 1480 afflifios
1791 1435 1859 1481 fa-

87 1503 176 1549 cile
199 1502 246 1548 in
285 1502 408 1548 suam
431 1498 655 1546 ditionem
676 1494 856 1560 redegit
874 1512 902 1542 t·
930 1511 1014 1544 nec
1035 1493 1127 1556 ipse
1145 1494 1227 1541 diu
1249 1495 1291 1542 ei
1311 1494 1512 1542 viCtoriae
1542 1495 1754 1559 superstes
1785 1499 1858 1546 fu-

11 1617 14 1620 *
87 1566 142 1614 it.
212 1565 356 1630 Angli
373 1564 421 1610 in
443 1565 597 1610 locum
618 1561 713 1624 ejus
733 1561 917 1608 fratrem
938 1559 1171 1607 Edredum
1194 1561 1371 1624 Regem
1395 1573 1562 1607 creant.
1631 1562 1859 1610 Adversus

89 1631 211 1679 hunc
230 1645 337 1677 cum
357 1628 500 1684 Dani,
540 1627 621 1691 qui
642 1625 1024 1673 Northumbriam
1049 1625 1282 1679 tenebant,
1308 1641 1391 1671 nec
1414 1641 1613 1688 unquam
1633 1626 1755 1673 bona
1771 1629 1861 1675 fide

87 1713 254 1759 pacem
276 1711 382 1742 cum
406 1693 571 1755 Anglis
595 1692 811 1746 fecerant,
833 1690 1130 1744 rebellassent,
1156 1689 1391 1751 multaque
1409 1690 1510 1737 loca
1529 1690 1706 1737 munita
1725 1693 1783 1739 de
1805 1710 1862 1741 eo

93 1761 142 1806 in
167 1759 340 1806 diversa
360 1757 492 1818 regni
526 1767 652 1818 parte
675 1767 898 1816 occupato
920 1753 1147 1816 caepiffent
1172 1772 1182 1799 :
1234 1770 1286 1800 ac
1318 1755 1365 1799 in
1402 1755 1561 1816 primis
1583 1757 1860 1814 Eboracum,

95 1825 256 1870 decem
287 1822 490 1876 millibus
515 1822 754 1867 Scotorum
791 1819 840 1865 in
874 1817 1120 1865 subsidium
1152 1818 1350 1880 acceptis
1375 1819 1554 1881 A‘nglus
1581 1836 1658 1867 eos
1696 1836 1865 1885 magna

96 1888 228 1935 clade
251 1886 544 1949 compescuit.
590 1883 924 1930 Milcolumbus
947 1883 1136 1929 domurn
1159 1884 1355 1929 reversus
1379 1894 1525 1929 totum
1550 1883 1593 1929 se
1614 1884 1738 1945 pacis
1756 1887 1864 1933 arti-

97 1952 181 1998 bus
205 1953 348 1999 dedit.
416 1952 486 1998 Ut
508 1961 659 1996 autem
683 1949 794 1994 belli
812 1949 1017 2002 vulnera,
1043 1963 1096 1993 ac
1114 1947 1390 2009 potissimum
1413 1946 1663 2003 licentiam,
1688 1953 1738 1998 δε
1760 1950 1864 1997 lux-

96 2006 178 2062 *um
201 2017 389 2071 sanaret,
410 2013 639 2070 universos
661 2015 900 2061 Scotorum
920 2024 1169 2058 conventus
1182 2011 1403 2072 juridicos
1423 2011 1605 2058 alternis
1625 2013 1719 2060 fere
1737 2017 1866 2063 annis

99 2079 322 2127 invisebat
343 2098 353 2126 ε
379 2085 419 2127 Sc
438 2080 612 2126 summa
629 2093 733 2129 cum
751 2077 962 2140 aequitate
974 2076 1047 2137 jus
1067 2075 1264 2123 dicebat.
1302 2076 1513 2123 Tandem
1536 2077 1718 2125 decimo
1731 2080 1866 2142 quin-

100 2157 149 2192 to
172 2145 301 2209 regni
322 2161 443 2191 anno
479 2145 589 2190 dum
624 2142 769 2190 acrius
792 2141 1033 2188 latrocinia
1054 2141 1226 2204 punit‚‘
1251 2147 1290 2188 δε
1314 2142 1495 2188 luxuria
1520 2141 1774 2192 diffluentes
1791 2146 1866 2208 ju-

99 2209 280 2257 niorum
305 2226 450 2256 mores
473 2220 670 2262 coercet,
708 2207 756 2254 in
781 2207 994 2253 Moravia
1028 2208 1163 2252 noEtu
1188 2223 1214 2253 a
1243 2207 1489 2269 conjuratis
1524 2208 1584 2254 est
1623 2208 1866 2259 extinstus.

103 2273 336 2321 Facinoris
357 2273 524 2321 conscii
552 2272 799 2336 diligenter
818 2289 843 2318 a
860 2271 1126 2335 proceribus
1146 2272 1338 2334 quaesiti,
1380 2288 1431 2317 ac
1449 2272 1713 2333 deprehensi
1744 2276 1870 2323 vario

100 2334 426 2403 suppliciorum
447 2354 614 2404 genere
634 2354 718 2400 pro
743 2337 956 2400 cujusque
976 2353 1115 2400 opera
1136 2336 1182 2383 in
1207 2337 1370 2384 scelere
1391 2338 1614 2399 patrando
1636 2339 1816 2392 affeffi„

116 2470 118 2472 .
742 2425 989 2486 LXXVII.
1045 2425 1088 2470 R
1106 2425 1143 2469 E
1169 2426 1230 2472 X.

167 2500 298 2545 XIX.
332 2501 365 2546 P
381 2501 422 2546 R
439 2500 484 2545 O
500 2499 698 2545 XIME
733 2499 942 2562 regnavit
963 2499 1174 2546 Indulfus
1198 2516 1208 2544 τ
1245 2498 1326 2562 qui
1359 2499 1493 2547 rebus
1527 2500 1656 2548 domi
1681 2519 1872 2568 compo-

105 2563 198 2610 sitis
222 2564 483 2627 proximum
513 2563 798 2626 septennium
820 2563 867 2610 in
886 2564 1059 2610 summa
1081 2564 1410 2626 tranquillitate
1433 2565 1662 2629 transegit.
1732 2571 1871 2617 Otta-

105 2645 164 2674 vo
195 2630 379 2674 demum
406 2628 536 2691 regni
568 2645 687 2674 anno
711 2628 834 2675 Dani
857 2629 977 2692 aegre
1001 2629 1194 2675 ferentes
1217 2628 1466 2676 amicitiam
1492 2631 1750 2694 Anglorum
1784 2633 1873 2680 suae

108 2693 604 2755 praelata1n‚foedusque
623 2707 895 2755 perpetuum
921 2711 945 2739 a
964 2694 1141 2740 duobus
1165 2693 1373 2756 Regibus
1392 2696 1600 2742 adversus
1619 2696 1661 2743 se
1683 2697 1872 2754 saetam,

107 2758 238 2804 classe
259 2757 595 2820 quinquaginta
618 2759 800 2804 navium
821 2758 968 2804 Scotis
989 2757 1103 2804 nibil
1128 2758 1276 2804 minus
1295 2760 1707 2821 expeciantibusin
1748 2765 1875 2810 aestu-

106 2821 252 2867 arium
287 2824 466 2868 Fort‘nae
490 2821 690 2868 fluminis
713 2822 892 2886 ingreffi
922 2839 1065 2885 prope
1087 2823 1412 2885 necopinantes
1435 2827 1761 2886 oppresserunt.
1829 2830 1876 2875 I-

107 2886 231 2948 gitur
252 2887 299 2933 in
334 2903 380 2934 re
403 2899 497 2932 tam
519 2887 543 2931 s
544 2886 666 2933 abita
689 2887 886 2942 terroris,
922 2904 974 2933 ac
996 2886 1314 2950 trepidationis
1337 2889 1473 2951 plena
1497 2889 1679 2937 fuerunt
1700 2891 1873 2948 omnia,

107 2951 209 2997 aliis
231 2951 351 2997 bona
370 2951 444 2997 sua
464 2951 512 2997 in
535 2952 636 2998 loca
659 2953 843 3007 tutiora,
870 2969 922 2998 ac
942 2953 1270 2998 mediterranea
1289 2953 1679 3009 transferentibus,
1700 2955 1800 3002 aliis
1820 2958 1880 3004 ad

108 3031 232 3061 mare
268 3016 660 3071 concurrentibus,
699 3030 749 3063 ut
774 3018 946 3064 hostem
985 3016 1254 3063 exscendere
1279 3017 1587 3080 prohiberent.
1654 3021 1882 3069 Praeerant

110 3079 226 3125 claffi
253 3081 410 3143 HagO,
437 3087 484 3128 :Sc
511 3081 740 3127 Helricus.
796 3082 863 3128 Hi
885 3082 1308 3134 cum'Lothian-am,
1334 3099 1384 3127 ac
1407 3083 1574 3128 deinde
1598 3083 1742 3129 Fifam
1768 3085 1880 3132 frus-

113 3157 182 3189 tra
208 3146 456 3197 -entaffent,
497 3145 591 3190 Tai
613 3145 866 3192 aestuarinm
905 3148 1091 3192 adeunt.
1161 3147 1264 3192 Illic
1299 3163 1484 3208 quoque
1520 3161 1636 3192 terra
1657 3148 1883 3210 prohibiti

112 3223 218 3254 cum
232 3208 459 3271 reliquum
474 3208 579 3255 litus
592 3210 1053 3272 legerent,AEneiam‚
1071 3211 1156 3256 five
1171 3211 1437 3271 Angustam,
1456 3211 1700 3268 Mestriani,
1717 3213 1884 3261 Marri-

120 3271 499 3327 am‚ssuchaniam
516 3274 812 3335 praeterves‘ti,
823 3291 904 3321 nec
925 3275 1108 3336 usquam
1125 3274 1295 3320 admissi
1309 3286 1524 3336 tanquam
1539 3275 1770 3324 discessuri
1784 3280 1886 3326 vela

116 3335 167 3382 in
190 3338 332 3383 altum
354 3337 594 3383 dederunt.
662 3338 845 3385 Deinde
867 3339 1079 3385 omnibus
1098 3338 1260 3384 securis
1285 3337 1379 3400 post
1402 3338 1577 3402 aliquot
1599 3341 1694 3388 dies
1719 3343 1886 3390 rev'efti

115 3400 167 3447 in
196 3402 329 3448 litore
352 3403 514 3448 Boinae.
531 3401 585 3446 ad
611 3401 785 3447 Collini
806 3403 1007 3450 fluminis
1027 3402 1186 3448 ostium
1207 3405 1327 3448 unffi
1351 3402 1500 3449 locum
1522 3406 1739 3453 idoneum
1762 3420 1889 3455 ante-

120 3482 260 3527 quam
282 3466 409 3513 edito
449 3466 650 3511 tumultu
688 3468 852 3514 accolae
888 3481 1204 3527 accurrerent„
1233 3468 1361 3513 nullo
1383 3468 1657 3530 prohibente
1684 3471 1892 3521 ¹militem

123 3543 379 3592 exponunt.
444 3532 615 3581 Eorum
638 3530 884 3578 adventum
908 3548 1011 3578 cum
1029 3531 1228 3577 rescisset·
1247 3532 1475 3587 Indulfus,
1496 3551 1612 3596 pene
1638 3536 1804 3582 famam
1828 3536 1894 3590 sui

176 3641 236 3693 (Ξ)
265 3642 443 3681 Over-sea
472 3656 574 3690 rnen,
604 3631 838 3681 out-landiih'
872 3657 973 3689 men,
989 3657 1030 3680 ox·
1052 3650 1118 3679 not
1136 3642 1180 3680 of
1194 3643 1256 3681 the
1276 3643 1371 3681 same
1384 3653 1552 3693 country,
1571 3645 1785 3695 foreigners.

1776 3733 1893 3781 prae-
