<?xml version="1.0" encoding="UTF-8"?>
<!DOCTYPE html PUBLIC "-//W3C//DTD XHTML 1.0 Transitional//EN"
    "http://www.w3.org/TR/xhtml1/DTD/xhtml1-transitional.dtd">
<html xmlns="http://www.w3.org/1999/xhtml" xml:lang="en" lang="en">
 <head>
  <title>
</title>
<meta http-equiv="Content-Type" content="text/html;charset=utf-8" />
  <meta name='ocr-system' content='tesseract 3.04.00' />
  <meta name='ocr-capabilities' content='ocr_page ocr_carea ocr_par ocr_line ocrx_word'/>
</head>
<body>
  <div class='ocr_page' id='page_1' title='image "./rerumscoticarumh00buch_0022.png"; bbox 0 0 2096 3869; ppageno 0'>
   <div class='ocr_carea' id='block_1_1' title="bbox 196 148 1646 233">
    <p class='ocr_par' dir='ltr' id='par_1_1' title="bbox 196 148 1646 233">
     <span class='ocr_line' id='line_1_1' title="bbox 196 148 1646 233; baseline 0.001 -11"><span class='ocrx_word' id='word_1_1' title='bbox 196 156 236 222; x_wconf 82' lang='lat'>6</span> <span class='ocrx_word' id='word_1_2' title='bbox 502 156 858 221; x_wconf 61' lang='lat' dir='ltr'>Renum</span> <span class='ocrx_word' id='word_1_3' title='bbox 948 148 1646 233; x_wconf 51' lang='lat' dir='ltr'>&#39;Scofrrean-um</span> 
     </span>
    </p>
   </div>
   <div class='ocr_carea' id='block_1_2' title="bbox 192 251 2015 2828">
    <p class='ocr_par' dir='ltr' id='par_1_2' title="bbox 192 251 1964 322">
     <span class='ocr_line' id='line_1_2' title="bbox 192 251 1964 322; baseline 0.003 -20"><span class='ocrx_word' id='word_1_4' title='bbox 192 268 350 302; x_wconf 86' lang='lat' dir='ltr'>onem.</span> <span class='ocrx_word' id='word_1_5' title='bbox 415 251 495 301; x_wconf 85' lang='lat' dir='ltr'>Sin</span> <span class='ocrx_word' id='word_1_6' title='bbox 525 256 583 302; x_wconf 79' lang='lat' dir='ltr'>ad</span> <span class='ocrx_word' id='word_1_7' title='bbox 603 255 852 319; x_wconf 85' lang='lat' dir='ltr'>genuinum</span> <span class='ocrx_word' id='word_1_8' title='bbox 875 252 1006 299; x_wconf 87' lang='lat' dir='ltr'>latini</span> <span class='ocrx_word' id='word_1_9' title='bbox 1037 251 1255 299; x_wconf 76' lang='lat' dir='ltr'>sermonis</span> <span class='ocrx_word' id='word_1_10' title='bbox 1274 251 1430 302; x_wconf 84' lang='lat' dir='ltr'>sonum</span> <span class='ocrx_word' id='word_1_11' title='bbox 1453 255 1655 303; x_wconf 65' lang='lat' dir='ltr'>infleetet</span> <span class='ocrx_word' id='word_1_12' title='bbox 1673 268 1807 305; x_wconf 74' lang='lat' dir='ltr'>voces</span> <span class='ocrx_word' id='word_1_13' title='bbox 1829 254 1964 322; x_wconf 81' lang='lat' dir='ltr'>pere-</span> 
     </span>
    </p>

    <p class='ocr_par' dir='ltr' id='par_1_3' title="bbox 230 316 1962 381">
     <span class='ocr_line' id='line_1_3' title="bbox 230 316 1962 381; baseline 0.005 -18"><span class='ocrx_word' id='word_1_14' title='bbox 230 317 366 374; x_wconf 87' lang='lat' dir='ltr'>rinas‚</span> <span class='ocrx_word' id='word_1_15' title='bbox 389 333 479 365; x_wconf 86' lang='lat' dir='ltr'>non</span> <span class='ocrx_word' id='word_1_16' title='bbox 503 319 652 366; x_wconf 80' lang='lat' dir='ltr'>minus</span> <span class='ocrx_word' id='word_1_17' title='bbox 673 316 891 381; x_wconf 83' lang='lat' dir='ltr'>flagitiose</span> <span class='ocrx_word' id='word_1_18' title='bbox 911 316 1137 378; x_wconf 82' lang='lat' dir='ltr'>peccabit,</span> <span class='ocrx_word' id='word_1_19' title='bbox 1161 319 1469 378; x_wconf 83' lang='lat' dir='ltr'>quam&#39;Caesar</span> <span class='ocrx_word' id='word_1_20' title='bbox 1488 320 1536 367; x_wconf 91' lang='lat' dir='ltr'>in</span> <span class='ocrx_word' id='word_1_21' title='bbox 1558 320 1698 368; x_wconf 89' lang='lat' dir='ltr'>verbo</span> <span class='ocrx_word' id='word_1_22' title='bbox 1717 322 1962 372; x_wconf 61' lang='lat' dir='ltr'>Britannus</span> 
     </span>
    </p>

    <p class='ocr_par' dir='ltr' id='par_1_4' title="bbox 192 379 2015 1407">
     <span class='ocr_line' id='line_1_4' title="bbox 241 379 1960 445; baseline 0.004 -17"><span class='ocrx_word' id='word_1_23' title='bbox 241 381 343 429; x_wconf 71' lang='lat' dir='ltr'>cisse</span> <span class='ocrx_word' id='word_1_24' title='bbox 363 381 546 430; x_wconf 89' lang='lat' dir='ltr'>dicitur.</span> <span class='ocrx_word' id='word_1_25' title='bbox 613 382 739 445; x_wconf 83' lang='lat' dir='ltr'>Qid</span> <span class='ocrx_word' id='word_1_26' title='bbox 759 381 900 444; x_wconf 86' lang='lat' dir='ltr'>igitur</span> <span class='ocrx_word' id='word_1_27' title='bbox 921 380 1088 426; x_wconf 86' lang='lat' dir='ltr'>Luddo</span> <span class='ocrx_word' id='word_1_28' title='bbox 1109 379 1326 428; x_wconf 81' lang='lat' dir='ltr'>faciemus</span> <span class='ocrx_word' id='word_1_29' title='bbox 1346 385 1364 428; x_wconf 86' lang='lat'>?</span> <span class='ocrx_word' id='word_1_30' title='bbox 1410 396 1459 432; x_wconf 91' lang='lat' dir='ltr'>ut</span> <span class='ocrx_word' id='word_1_31' title='bbox 1480 384 1714 432; x_wconf 87' lang='lat' dir='ltr'>hominem</span> <span class='ocrx_word' id='word_1_32' title='bbox 1737 391 1779 434; x_wconf 86' lang='lat'>&amp;</span> <span class='ocrx_word' id='word_1_33' title='bbox 1814 389 1960 436; x_wconf 84' lang='lat' dir='ltr'>mole-</span> 
     </span>
     <span class='ocr_line' id='line_1_5' title="bbox 192 443 1962 511; baseline -0.002 -19"><span class='ocrx_word' id='word_1_34' title='bbox 192 446 326 502; x_wconf 81' lang='lat' dir='ltr'>stum,</span> <span class='ocrx_word' id='word_1_35' title='bbox 351 451 391 494; x_wconf 74' lang='grc' dir='ltr'>δι</span> <span class='ocrx_word' id='word_1_36' title='bbox 412 446 637 496; x_wconf 88' lang='lat' dir='ltr'>morosum</span> <span class='ocrx_word' id='word_1_37' title='bbox 659 447 889 508; x_wconf 84' lang='lat' dir='ltr'>placemus</span> <span class='ocrx_word' id='word_1_38' title='bbox 909 447 928 490; x_wconf 73' lang='grc' dir='ltr'><strong><em>ἓ</em></strong></span> <span class='ocrx_word' id='word_1_39' title='bbox 969 443 1260 490; x_wconf 85' lang='lat' dir='ltr'>Prudamiam</span> <span class='ocrx_word' id='word_1_40' title='bbox 1282 445 1505 501; x_wconf 84' lang='lat' dir='ltr'>dicemus,</span> <span class='ocrx_word' id='word_1_41' title='bbox 1525 449 1678 511; x_wconf 72' lang='lat' dir='ltr'>potius</span> <span class='ocrx_word' id='word_1_42' title='bbox 1698 465 1839 511; x_wconf 81' lang='lat' dir='ltr'>quam</span> <span class='ocrx_word' id='word_1_43' title='bbox 1860 452 1962 498; x_wconf 76' lang='lat' dir='ltr'>Bri..</span> 
     </span>
     <span class='ocr_line' id='line_1_6' title="bbox 193 507 1961 571; baseline 0.003 -14"><span class='ocrx_word' id='word_1_44' title='bbox 193 510 397 558; x_wconf 79' lang='lat' dir='ltr'>tanniam</span> <span class='ocrx_word' id='word_1_45' title='bbox 422 515 440 558; x_wconf 86' lang='lat'>?</span> <span class='ocrx_word' id='word_1_46' title='bbox 474 512 581 558; x_wconf 90' lang='lat' dir='ltr'>Hoc</span> <span class='ocrx_word' id='word_1_47' title='bbox 602 525 685 557; x_wconf 89' lang='lat' dir='ltr'>nec</span> <span class='ocrx_word' id='word_1_48' title='bbox 707 510 898 556; x_wconf 92' lang='lat' dir='ltr'>Luddus</span> <span class='ocrx_word' id='word_1_49' title='bbox 921 520 1022 568; x_wconf 11' lang='lat' dir='ltr'>tam,</span> <span class='ocrx_word' id='word_1_50' title='bbox 1035 507 1211 555; x_wconf 87' lang='lat' dir='ltr'>severus</span> <span class='ocrx_word' id='word_1_51' title='bbox 1233 508 1428 557; x_wconf 81' lang='lat' dir='ltr'>aliorum</span> <span class='ocrx_word' id='word_1_52' title='bbox 1449 513 1604 559; x_wconf 91' lang='lat' dir='ltr'>censor</span> <span class='ocrx_word' id='word_1_53' title='bbox 1624 511 1779 571; x_wconf 66' lang='lat' dir='ltr'>exiget</span> <span class='ocrx_word' id='word_1_54' title='bbox 1805 532 1817 562; x_wconf 90' lang='lat'><strong>:</strong></span> <span class='ocrx_word' id='word_1_55' title='bbox 1851 515 1961 562; x_wconf 90' lang='lat' dir='ltr'>Per-</span> 
     </span>
     <span class='ocr_line' id='line_1_7' title="bbox 194 571 1961 641; baseline 0.003 -21"><span class='ocrx_word' id='word_1_56' title='bbox 194 576 349 621; x_wconf 85' lang='lat' dir='ltr'>mittet</span> <span class='ocrx_word' id='word_1_57' title='bbox 369 575 491 622; x_wconf 87' lang='lat' dir='ltr'>enim</span> <span class='ocrx_word' id='word_1_58' title='bbox 515 587 567 622; x_wconf 90' lang='lat' dir='ltr'>ut</span> <span class='ocrx_word' id='word_1_59' title='bbox 584 575 609 622; x_wconf 82' lang='grc' dir='ltr'>ὲ</span> <span class='ocrx_word' id='word_1_60' title='bbox 631 574 826 621; x_wconf 87' lang='lat' dir='ltr'>Prudam</span> <span class='ocrx_word' id='word_1_61' title='bbox 850 571 1124 619; x_wconf 85' lang='lat' dir='ltr'>Prudaniam</span> <span class='ocrx_word' id='word_1_62' title='bbox 1147 573 1448 621; x_wconf 68' lang='lat' dir='ltr'><strong>declinemus.</strong></span> <span class='ocrx_word' id='word_1_63' title='bbox 1517 577 1659 638; x_wconf 73' lang='lat' dir='ltr'>Qiod</span> <span class='ocrx_word' id='word_1_64' title='bbox 1682 571 1715 625; x_wconf 77' lang='lat' dir='ltr'>li</span> <span class='ocrx_word' id='word_1_65' title='bbox 1734 578 1836 641; x_wconf 81' lang='lat' dir='ltr'>quis</span> <span class='ocrx_word' id='word_1_66' title='bbox 1861 579 1961 627; x_wconf 84' lang='lat' dir='ltr'>Bri-</span> 
     </span>
     <span class='ocr_line' id='line_1_8' title="bbox 196 636 1965 702; baseline 0.005 -18"><span class='ocrx_word' id='word_1_67' title='bbox 196 639 417 695; x_wconf 80' lang='lat' dir='ltr'>tanniam,</span> <span class='ocrx_word' id='word_1_68' title='bbox 441 651 518 685; x_wconf 90' lang='lat' dir='ltr'>aut</span> <span class='ocrx_word' id='word_1_69' title='bbox 540 637 816 686; x_wconf 86' lang='lat' dir='ltr'>Brettaniam</span> <span class='ocrx_word' id='word_1_70' title='bbox 841 637 955 684; x_wconf 74' lang='lat' dir='ltr'>ausit</span> <span class='ocrx_word' id='word_1_71' title='bbox 991 636 1160 693; x_wconf 83' lang='lat' dir='ltr'>dicere,</span> <span class='ocrx_word' id='word_1_72' title='bbox 1199 638 1315 701; x_wconf 90' lang='lat' dir='ltr'>quid</span> <span class='ocrx_word' id='word_1_73' title='bbox 1353 638 1477 686; x_wconf 85' lang='lat' dir='ltr'>alind</span> <span class='ocrx_word' id='word_1_74' title='bbox 1515 641 1965 702; x_wconf 66' lang='lat' dir='ltr'>quam-sacrosancta:</span> 
     </span>
     <span class='ocr_line' id='line_1_9' title="bbox 195 699 1963 766; baseline 0.003 -18"><span class='ocrx_word' id='word_1_75' title='bbox 195 703 425 751; x_wconf 79' lang='lat' dir='ltr'>vetustatis</span> <span class='ocrx_word' id='word_1_76' title='bbox 446 702 644 755; x_wconf 69' lang='lat' dir='ltr'>violatae,</span> <span class='ocrx_word' id='word_1_77' title='bbox 672 707 711 748; x_wconf 63' lang='grc' dir='ltr'>δι</span> <span class='ocrx_word' id='word_1_78' title='bbox 735 699 950 748; x_wconf 88' lang='lat' dir='ltr'>sermonis</span> <span class='ocrx_word' id='word_1_79' title='bbox 967 700 1162 764; x_wconf 82' lang='lat' dir='ltr'>antiqui,</span> <span class='ocrx_word' id='word_1_80' title='bbox 1185 702 1435 766; x_wconf 76' lang='lat' dir='ltr'>sincerique</span> <span class='ocrx_word' id='word_1_81' title='bbox 1454 704 1766 758; x_wconf 85' lang='lat' dir='ltr'>contaminati,</span> <span class='ocrx_word' id='word_1_82' title='bbox 1784 713 1824 755; x_wconf 70' lang='grc' dir='ltr'>ει</span> <span class='ocrx_word' id='word_1_83' title='bbox 1844 707 1869 754; x_wconf 82' lang='grc' dir='ltr'>ὲ</span> <span class='ocrx_word' id='word_1_84' title='bbox 1887 724 1963 754; x_wconf 88' lang='lat' dir='ltr'>ro·-</span> 
     </span>
     <span class='ocr_line' id='line_1_10' title="bbox 195 764 1964 834; baseline 0.003 -22"><span class='ocrx_word' id='word_1_85' title='bbox 195 766 324 813; x_wconf 82' lang='lat' dir='ltr'>busto</span> <span class='ocrx_word' id='word_1_86' title='bbox 345 768 427 814; x_wconf 86' lang='lat' dir='ltr'>illo</span> <span class='ocrx_word' id='word_1_87' title='bbox 461 773 500 814; x_wconf 84' lang='lat'>&amp;</span> <span class='ocrx_word' id='word_1_88' title='bbox 525 766 720 812; x_wconf 92' lang='lat' dir='ltr'>masculo</span> <span class='ocrx_word' id='word_1_89' title='bbox 755 764 862 812; x_wconf 91' lang='lat' dir='ltr'>sono</span> <span class='ocrx_word' id='word_1_90' title='bbox 890 765 938 812; x_wconf 90' lang='lat' dir='ltr'>in</span> <span class='ocrx_word' id='word_1_91' title='bbox 963 766 1232 813; x_wconf 76' lang='lat' dir='ltr'>muliebrem</span> <span class='ocrx_word' id='word_1_92' title='bbox 1256 767 1500 816; x_wconf 88' lang='lat' dir='ltr'>mollitiem</span> <span class='ocrx_word' id='word_1_93' title='bbox 1521 767 1652 817; x_wconf 70' lang='lat' dir='ltr'>fraffi</span> <span class='ocrx_word' id='word_1_94' title='bbox 1672 785 1802 818; x_wconf 85' lang='lat' dir='ltr'>reum</span> <span class='ocrx_word' id='word_1_95' title='bbox 1831 787 1964 834; x_wconf 80' lang='lat' dir='ltr'>pera-</span> 
     </span>
     <span class='ocr_line' id='line_1_11' title="bbox 194 829 1965 894; baseline 0.003 -17"><span class='ocrx_word' id='word_1_96' title='bbox 194 843 276 894; x_wconf 84' lang='lat' dir='ltr'>get</span> <span class='ocrx_word' id='word_1_97' title='bbox 295 835 312 877; x_wconf 84' lang='lat'>?</span> <span class='ocrx_word' id='word_1_98' title='bbox 347 831 540 877; x_wconf 87' lang='lat' dir='ltr'>Nihilne</span> <span class='ocrx_word' id='word_1_99' title='bbox 559 846 669 892; x_wconf 92' lang='lat' dir='ltr'>ergo</span> <span class='ocrx_word' id='word_1_100' title='bbox 691 845 746 876; x_wconf 84' lang='lat' dir='ltr'>ex</span> <span class='ocrx_word' id='word_1_101' title='bbox 770 829 968 876; x_wconf 86' lang='lat' dir='ltr'>horroris</span> <span class='ocrx_word' id='word_1_102' title='bbox 990 831 1149 877; x_wconf 82' lang='lat' dir='ltr'>vetusti</span> <span class='ocrx_word' id='word_1_103' title='bbox 1171 830 1377 894; x_wconf 80' lang='lat' dir='ltr'>squalore</span> <span class='ocrx_word' id='word_1_104' title='bbox 1399 845 1574 881; x_wconf 85' lang='lat' dir='ltr'>mutare</span> <span class='ocrx_word' id='word_1_105' title='bbox 1596 832 1729 880; x_wconf 79' lang='lat' dir='ltr'>nobis</span> <span class='ocrx_word' id='word_1_106' title='bbox 1751 833 1818 882; x_wconf 83' lang='lat' dir='ltr'>fas</span> <span class='ocrx_word' id='word_1_107' title='bbox 1835 835 1922 882; x_wconf 89' lang='lat' dir='ltr'>erit</span> <span class='ocrx_word' id='word_1_108' title='bbox 1941 839 1965 882; x_wconf 83' lang='lat'>?</span> 
     </span>
     <span class='ocr_line' id='line_1_12' title="bbox 195 893 1964 958; baseline 0.003 -17"><span class='ocrx_word' id='word_1_109' title='bbox 195 908 275 941; x_wconf 89' lang='lat' dir='ltr'>aut</span> <span class='ocrx_word' id='word_1_110' title='bbox 296 895 325 941; x_wconf 83' lang='lat' dir='ltr'>fi</span> <span class='ocrx_word' id='word_1_111' title='bbox 350 911 440 941; x_wconf 89' lang='lat' dir='ltr'>non</span> <span class='ocrx_word' id='word_1_112' title='bbox 467 906 657 948; x_wconf 87' lang='lat' dir='ltr'>mutare,</span> <span class='ocrx_word' id='word_1_113' title='bbox 683 893 835 941; x_wconf 86' lang='lat' dir='ltr'>saltem</span> <span class='ocrx_word' id='word_1_114' title='bbox 860 894 978 940; x_wconf 75' lang='lat' dir='ltr'>male</span> <span class='ocrx_word' id='word_1_115' title='bbox 1002 907 1179 941; x_wconf 87' lang='lat' dir='ltr'>tornata</span> <span class='ocrx_word' id='word_1_116' title='bbox 1200 896 1428 958; x_wconf 77' lang='lat' dir='ltr'>perpolite</span> <span class='ocrx_word' id='word_1_117' title='bbox 1448 898 1674 945; x_wconf 83' lang='lat' dir='ltr'>vocabula</span> <span class='ocrx_word' id='word_1_118' title='bbox 1695 901 1715 945; x_wconf 68' lang='grc' dir='ltr'><strong><em>ἱ</em></strong></span> <span class='ocrx_word' id='word_1_119' title='bbox 1747 905 1788 947; x_wconf 75' lang='grc' dir='ltr'>δε</span> <span class='ocrx_word' id='word_1_120' title='bbox 1812 899 1870 946; x_wconf 87' lang='lat' dir='ltr'>ab</span> <span class='ocrx_word' id='word_1_121' title='bbox 1891 899 1964 947; x_wconf 86' lang='lat' dir='ltr'>in·</span> 
     </span>
     <span class='ocr_line' id='line_1_13' title="bbox 196 957 1963 1020; baseline 0.004 -16"><span class='ocrx_word' id='word_1_122' title='bbox 196 960 320 1006; x_wconf 84' lang='lat' dir='ltr'>culta</span> <span class='ocrx_word' id='word_1_123' title='bbox 340 958 420 1006; x_wconf 90' lang='lat' dir='ltr'>illa</span> <span class='ocrx_word' id='word_1_124' title='bbox 440 958 723 1006; x_wconf 84' lang='lat' dir='ltr'>immanitate</span> <span class='ocrx_word' id='word_1_125' title='bbox 745 959 964 1020; x_wconf 90' lang='lat' dir='ltr'>paulatim</span> <span class='ocrx_word' id='word_1_126' title='bbox 988 957 1052 1004; x_wconf 88' lang='lat' dir='ltr'>ita</span> <span class='ocrx_word' id='word_1_127' title='bbox 1080 959 1327 1014; x_wconf 59' lang='lat' dir='ltr'>inflectere,</span> <span class='ocrx_word' id='word_1_128' title='bbox 1366 973 1414 1006; x_wconf 87' lang='lat' dir='ltr'>ut</span> <span class='ocrx_word' id='word_1_129' title='bbox 1436 960 1591 1007; x_wconf 86' lang='lat' dir='ltr'>saltem</span> <span class='ocrx_word' id='word_1_130' title='bbox 1611 977 1704 1008; x_wconf 85' lang='lat' dir='ltr'>vox</span> <span class='ocrx_word' id='word_1_131' title='bbox 1725 962 1963 1013; x_wconf 85' lang='lat' dir='ltr'>hominem</span> 
     </span>
     <span class='ocr_line' id='line_1_14' title="bbox 195 1022 1964 1087; baseline 0.003 -18"><span class='ocrx_word' id='word_1_132' title='bbox 195 1023 323 1069; x_wconf 88' lang='lat' dir='ltr'>sonet</span> <span class='ocrx_word' id='word_1_133' title='bbox 353 1026 370 1069; x_wconf 81' lang='lat'>?</span> <span class='ocrx_word' id='word_1_134' title='bbox 423 1029 465 1070; x_wconf 84' lang='lat'>&amp;</span> <span class='ocrx_word' id='word_1_135' title='bbox 497 1023 621 1087; x_wconf 91' lang='lat' dir='ltr'>quod</span> <span class='ocrx_word' id='word_1_136' title='bbox 661 1023 850 1083; x_wconf 86' lang='lat' dir='ltr'>majores</span> <span class='ocrx_word' id='word_1_137' title='bbox 884 1023 1019 1069; x_wconf 87' lang='lat' dir='ltr'>nostri</span> <span class='ocrx_word' id='word_1_138' title='bbox 1050 1022 1098 1069; x_wconf 91' lang='lat' dir='ltr'>in</span> <span class='ocrx_word' id='word_1_139' title='bbox 1135 1024 1208 1084; x_wconf 90' lang='grc' dir='ltr'>(ι)</span> <span class='ocrx_word' id='word_1_140' title='bbox 1250 1023 1465 1080; x_wconf 73' lang='lat' dir='ltr'>Morinis,</span> <span class='ocrx_word' id='word_1_141' title='bbox 1501 1030 1542 1071; x_wconf 73' lang='grc' dir='ltr'>δι</span> <span class='ocrx_word' id='word_1_142' title='bbox 1567 1026 1894 1080; x_wconf 66' lang='lat' dir='ltr'>Murcum-usa,</span> <span class='ocrx_word' id='word_1_143' title='bbox 1919 1035 1964 1077; x_wconf 72' lang='grc' dir='ltr'>δι’</span> 
     </span>
     <span class='ocr_line' id='line_1_15' title="bbox 195 1085 1966 1148; baseline 0.002 -15"><span class='ocrx_word' id='word_1_144' title='bbox 195 1087 449 1134; x_wconf 80' lang='lat' dir='ltr'>Armoricis</span> <span class='ocrx_word' id='word_1_145' title='bbox 482 1085 629 1134; x_wconf 77' lang='lat' dir='ltr'>fecisse</span> <span class='ocrx_word' id='word_1_146' title='bbox 666 1087 872 1134; x_wconf 89' lang='lat' dir='ltr'>videmus</span> <span class='ocrx_word' id='word_1_147' title='bbox 898 1106 908 1133; x_wconf 75' lang='grc' dir='ltr'>ε</span> <span class='ocrx_word' id='word_1_148' title='bbox 946 1098 995 1133; x_wconf 89' lang='lat' dir='ltr'>ut</span> <span class='ocrx_word' id='word_1_149' title='bbox 1030 1088 1106 1148; x_wconf 83' lang='lat'>(2)</span> <span class='ocrx_word' id='word_1_150' title='bbox 1138 1088 1168 1134; x_wconf 84' lang='lat' dir='ltr'>fi</span> <span class='ocrx_word' id='word_1_151' title='bbox 1199 1087 1278 1134; x_wconf 84' lang='lat' dir='ltr'>has</span> <span class='ocrx_word' id='word_1_152' title='bbox 1300 1103 1434 1135; x_wconf 88' lang='lat' dir='ltr'>voces</span> <span class='ocrx_word' id='word_1_153' title='bbox 1469 1088 1638 1136; x_wconf 89' lang='lat' dir='ltr'>donare</span> <span class='ocrx_word' id='word_1_154' title='bbox 1663 1090 1852 1137; x_wconf 84' lang='lat' dir='ltr'>civitate</span> <span class='ocrx_word' id='word_1_155' title='bbox 1873 1092 1966 1138; x_wconf 88' lang='lat' dir='ltr'>La-</span> 
     </span>
     <span class='ocr_line' id='line_1_16' title="bbox 194 1150 2015 1215; baseline 0.004 -17"><span class='ocrx_word' id='word_1_156' title='bbox 194 1150 293 1198; x_wconf 82' lang='lat' dir='ltr'>tina</span> <span class='ocrx_word' id='word_1_157' title='bbox 325 1168 417 1199; x_wconf 85' lang='lat' dir='ltr'>non</span> <span class='ocrx_word' id='word_1_158' title='bbox 454 1151 681 1215; x_wconf 80' lang='lat' dir='ltr'>possimus,</span> <span class='ocrx_word' id='word_1_159' title='bbox 718 1151 840 1198; x_wconf 71' lang='lat' dir='ltr'>certe</span> <span class='ocrx_word' id='word_1_160' title='bbox 870 1150 917 1197; x_wconf 90' lang='lat' dir='ltr'>in</span> <span class='ocrx_word' id='word_1_161' title='bbox 958 1151 1021 1197; x_wconf 88' lang='lat' dir='ltr'>eis</span> <span class='ocrx_word' id='word_1_162' title='bbox 1053 1151 1286 1201; x_wconf 68' lang='lat' dir='ltr'>amiftum.</span> <span class='ocrx_word' id='word_1_163' title='bbox 1312 1159 1351 1199; x_wconf 86' lang='lat'>&amp;</span> <span class='ocrx_word' id='word_1_164' title='bbox 1386 1152 1600 1200; x_wconf 78' lang='lat' dir='ltr'>incess‘um</span> <span class='ocrx_word' id='word_1_165' title='bbox 1621 1153 1835 1201; x_wconf 83' lang='lat' dir='ltr'>Latinum</span> <span class='ocrx_word' id='word_1_166' title='bbox 1859 1154 1977 1206; x_wconf 18' lang='lat' dir='ltr'>imi-t</span> <span class='ocrx_word' id='word_1_167' title='bbox 2013 1155 2015 1160; x_wconf 65' lang='grc'>’</span> 
     </span>
     <span class='ocr_line' id='line_1_17' title="bbox 196 1215 1964 1281; baseline 0.004 -20"><span class='ocrx_word' id='word_1_168' title='bbox 196 1219 378 1262; x_wconf 77' lang='lat' dir='ltr'>remur?</span> <span class='ocrx_word' id='word_1_169' title='bbox 427 1216 513 1262; x_wconf 89' lang='lat' dir='ltr'>Sed</span> <span class='ocrx_word' id='word_1_170' title='bbox 550 1233 630 1280; x_wconf 88' lang='lat' dir='ltr'>per</span> <span class='ocrx_word' id='word_1_171' title='bbox 652 1217 867 1263; x_wconf 86' lang='lat' dir='ltr'>Luddum</span> <span class='ocrx_word' id='word_1_172' title='bbox 893 1219 964 1277; x_wconf 90' lang='lat' dir='ltr'>(ut</span> <span class='ocrx_word' id='word_1_173' title='bbox 987 1215 1144 1275; x_wconf 92' lang='lat' dir='ltr'>video)</span> <span class='ocrx_word' id='word_1_174' title='bbox 1169 1231 1260 1264; x_wconf 92' lang='lat' dir='ltr'>non</span> <span class='ocrx_word' id='word_1_175' title='bbox 1295 1216 1418 1262; x_wconf 88' lang='lat' dir='ltr'>licet.</span> <span class='ocrx_word' id='word_1_176' title='bbox 1489 1218 1563 1264; x_wconf 89' lang='lat' dir='ltr'>Ad</span> <span class='ocrx_word' id='word_1_177' title='bbox 1585 1219 1816 1281; x_wconf 76' lang='lat' dir='ltr'>augustam</span> <span class='ocrx_word' id='word_1_178' title='bbox 1836 1219 1964 1268; x_wconf 85' lang='lat' dir='ltr'>illam</span> 
     </span>
     <span class='ocr_line' id='line_1_18' title="bbox 195 1279 1967 1336; baseline 0.002 -8"><span class='ocrx_word' id='word_1_179' title='bbox 195 1296 279 1328; x_wconf 85' lang='lat' dir='ltr'>nos</span> <span class='ocrx_word' id='word_1_180' title='bbox 312 1292 496 1327; x_wconf 86' lang='lat' dir='ltr'>revocat</span> <span class='ocrx_word' id='word_1_181' title='bbox 528 1281 839 1328; x_wconf 83' lang='lat' dir='ltr'>Prudanorum</span> <span class='ocrx_word' id='word_1_182' title='bbox 874 1281 1176 1328; x_wconf 85' lang='lat' dir='ltr'>vetustatem:</span> <span class='ocrx_word' id='word_1_183' title='bbox 1210 1287 1251 1328; x_wconf 67' lang='grc' dir='ltr'><strong>ἃ</strong></span> <span class='ocrx_word' id='word_1_184' title='bbox 1291 1279 1320 1326; x_wconf 70' lang='grc' dir='ltr'>εἴ</span> <span class='ocrx_word' id='word_1_185' title='bbox 1350 1281 1528 1336; x_wconf 88' lang='lat' dir='ltr'>Bardis,</span> <span class='ocrx_word' id='word_1_186' title='bbox 1559 1287 1599 1330; x_wconf 75' lang='grc' dir='ltr'>δι</span> <span class='ocrx_word' id='word_1_187' title='bbox 1637 1283 1967 1333; x_wconf 72' lang='lat' dir='ltr'>Senecionibue</span> 
     </span>
     <span class='ocr_line' id='line_1_19' title="bbox 195 1345 788 1407; baseline 0 -16"><span class='ocrx_word' id='word_1_188' title='bbox 195 1357 320 1391; x_wconf 77' lang='lat' dir='ltr'>vetat</span> <span class='ocrx_word' id='word_1_189' title='bbox 343 1345 525 1407; x_wconf 89' lang='lat' dir='ltr'>usquam</span> <span class='ocrx_word' id='word_1_190' title='bbox 548 1345 788 1392; x_wconf 82' lang='lat' dir='ltr'>divertere.</span> 
     </span>
    </p>

    <p class='ocr_par' dir='ltr' id='par_1_5' title="bbox 195 1409 1973 2828">
     <span class='ocr_line' id='line_1_20' title="bbox 261 1409 1967 1476; baseline 0.004 -21"><span class='ocrx_word' id='word_1_191' title='bbox 261 1410 320 1456; x_wconf 88' lang='lat' dir='ltr'>X.</span> <span class='ocrx_word' id='word_1_192' title='bbox 357 1411 420 1455; x_wconf 92' lang='lat' dir='ltr'>At</span> <span class='ocrx_word' id='word_1_193' title='bbox 440 1409 746 1457; x_wconf 83' lang='lat' dir='ltr'>vetustiffimos</span> <span class='ocrx_word' id='word_1_194' title='bbox 769 1410 1060 1465; x_wconf 87' lang='lat' dir='ltr'>Graecorum,</span> <span class='ocrx_word' id='word_1_195' title='bbox 1077 1415 1117 1457; x_wconf 85' lang='lat'>&amp;</span> <span class='ocrx_word' id='word_1_196' title='bbox 1134 1409 1402 1458; x_wconf 88' lang='lat' dir='ltr'>Latinorum</span> <span class='ocrx_word' id='word_1_197' title='bbox 1424 1427 1657 1474; x_wconf 89' lang='lat' dir='ltr'>nunquam</span> <span class='ocrx_word' id='word_1_198' title='bbox 1681 1412 1779 1459; x_wconf 83' lang='lat' dir='ltr'>haec</span> <span class='ocrx_word' id='word_1_199' title='bbox 1800 1411 1967 1476; x_wconf 86' lang='lat' dir='ltr'>religio</span> 
     </span>
     <span class='ocr_line' id='line_1_21' title="bbox 196 1473 1962 1541; baseline 0.003 -21"><span class='ocrx_word' id='word_1_200' title='bbox 196 1473 361 1520; x_wconf 85' lang='lat' dir='ltr'>tenuit.</span> <span class='ocrx_word' id='word_1_201' title='bbox 427 1473 595 1538; x_wconf 88' lang='lat' dir='ltr'>Neque</span> <span class='ocrx_word' id='word_1_202' title='bbox 633 1475 867 1537; x_wconf 85' lang='lat' dir='ltr'>postquam</span> <span class='ocrx_word' id='word_1_203' title='bbox 900 1474 1114 1521; x_wconf 85' lang='lat' dir='ltr'>sermonis</span> <span class='ocrx_word' id='word_1_204' title='bbox 1141 1473 1319 1538; x_wconf 88' lang='lat' dir='ltr'>antiqui</span> <span class='ocrx_word' id='word_1_205' title='bbox 1341 1474 1464 1539; x_wconf 88' lang='lat' dir='ltr'>rigor</span> <span class='ocrx_word' id='word_1_206' title='bbox 1489 1476 1529 1522; x_wconf 88' lang='lat' dir='ltr'>se</span> <span class='ocrx_word' id='word_1_207' title='bbox 1552 1477 1962 1541; x_wconf 80' lang='lat' dir='ltr'>remitterecoepit,</span> 
     </span>
     <span class='ocr_line' id='line_1_22' title="bbox 196 1537 1966 1606; baseline 0.004 -23"><span class='ocrx_word' id='word_1_208' title='bbox 196 1538 436 1601; x_wconf 86' lang='lat' dir='ltr'>quisquam</span> <span class='ocrx_word' id='word_1_209' title='bbox 460 1537 562 1594; x_wconf 87' lang='lat' dir='ltr'>fuit,</span> <span class='ocrx_word' id='word_1_210' title='bbox 586 1538 668 1602; x_wconf 88' lang='lat' dir='ltr'>qui</span> <span class='ocrx_word' id='word_1_211' title='bbox 691 1541 762 1601; x_wconf 88' lang='lat'>(3)</span> <span class='ocrx_word' id='word_1_212' title='bbox 787 1538 947 1593; x_wconf 87' lang='lat' dir='ltr'>famul,</span> <span class='ocrx_word' id='word_1_213' title='bbox 976 1544 1016 1585; x_wconf 69' lang='grc' dir='ltr'>δε</span> <span class='ocrx_word' id='word_1_214' title='bbox 1038 1540 1184 1602; x_wconf 82' lang='lat' dir='ltr'>volup</span> <span class='ocrx_word' id='word_1_215' title='bbox 1201 1540 1397 1589; x_wconf 87' lang='lat' dir='ltr'>retinere</span> <span class='ocrx_word' id='word_1_216' title='bbox 1430 1539 1657 1595; x_wconf 86' lang='lat' dir='ltr'>maluerit,</span> <span class='ocrx_word' id='word_1_217' title='bbox 1685 1556 1823 1603; x_wconf 85' lang='lat' dir='ltr'>quam</span> <span class='ocrx_word' id='word_1_218' title='bbox 1859 1558 1966 1606; x_wconf 80' lang='lat' dir='ltr'>quae</span> 
     </span>
     <span class='ocr_line' id='line_1_23' title="bbox 195 1601 1966 1664; baseline 0.002 -16"><span class='ocrx_word' id='word_1_219' title='bbox 195 1601 244 1648; x_wconf 84' lang='lat' dir='ltr'>in</span> <span class='ocrx_word' id='word_1_220' title='bbox 267 1619 423 1649; x_wconf 86' lang='lat' dir='ltr'>eorum</span> <span class='ocrx_word' id='word_1_221' title='bbox 446 1603 598 1650; x_wconf 90' lang='lat' dir='ltr'>locum</span> <span class='ocrx_word' id='word_1_222' title='bbox 616 1603 910 1649; x_wconf 77' lang='lat' dir='ltr'>successerunt</span> <span class='ocrx_word' id='word_1_223' title='bbox 930 1602 1148 1664; x_wconf 89' lang='lat' dir='ltr'>recipere,</span> <span class='ocrx_word' id='word_1_224' title='bbox 1170 1604 1274 1650; x_wconf 87' lang='lat' dir='ltr'>&amp;in</span> <span class='ocrx_word' id='word_1_225' title='bbox 1294 1603 1617 1656; x_wconf 78' lang='lat' dir='ltr'>transferendis</span> <span class='ocrx_word' id='word_1_226' title='bbox 1639 1604 1665 1655; x_wconf 80' lang='grc' dir='ltr'>ὲ</span> <span class='ocrx_word' id='word_1_227' title='bbox 1686 1606 1855 1664; x_wconf 75' lang='lat' dir='ltr'>Graeco</span> <span class='ocrx_word' id='word_1_228' title='bbox 1876 1607 1966 1654; x_wconf 88' lang='lat' dir='ltr'>La-</span> 
     </span>
     <span class='ocr_line' id='line_1_24' title="bbox 196 1665 1965 1732; baseline 0.002 -19"><span class='ocrx_word' id='word_1_229' title='bbox 196 1665 322 1718; x_wconf 82' lang='lat' dir='ltr'>tinis,</span> <span class='ocrx_word' id='word_1_230' title='bbox 347 1679 425 1712; x_wconf 87' lang='lat' dir='ltr'>aut</span> <span class='ocrx_word' id='word_1_231' title='bbox 446 1666 471 1714; x_wconf 85' lang='grc' dir='ltr'>ὲ</span> <span class='ocrx_word' id='word_1_232' title='bbox 491 1668 655 1714; x_wconf 91' lang='lat' dir='ltr'>Latino</span> <span class='ocrx_word' id='word_1_233' title='bbox 679 1666 856 1712; x_wconf 83' lang='lat' dir='ltr'>Graecis</span> <span class='ocrx_word' id='word_1_234' title='bbox 878 1666 1050 1713; x_wconf 84' lang='lat' dir='ltr'>summa</span> <span class='ocrx_word' id='word_1_235' title='bbox 1071 1668 1254 1714; x_wconf 84' lang='lat' dir='ltr'>libertas</span> <span class='ocrx_word' id='word_1_236' title='bbox 1273 1668 1377 1714; x_wconf 86' lang='lat' dir='ltr'>suit.</span> <span class='ocrx_word' id='word_1_237' title='bbox 1445 1667 1562 1730; x_wconf 85' lang='lat' dir='ltr'>Qis</span> <span class='ocrx_word' id='word_1_238' title='bbox 1602 1685 1804 1732; x_wconf 85' lang='lat' dir='ltr'>unquam</span> <span class='ocrx_word' id='word_1_239' title='bbox 1837 1671 1965 1717; x_wconf 88' lang='lat' dir='ltr'>Lati-</span> 
     </span>
     <span class='ocr_line' id='line_1_25' title="bbox 197 1729 1966 1796; baseline 0.002 -18"><span class='ocrx_word' id='word_1_240' title='bbox 197 1729 267 1778; x_wconf 81' lang='lat' dir='ltr'>nis</span> <span class='ocrx_word' id='word_1_241' title='bbox 290 1730 404 1777; x_wconf 87' lang='lat' dir='ltr'>vitio</span> <span class='ocrx_word' id='word_1_242' title='bbox 418 1731 570 1785; x_wconf 83' lang='lat' dir='ltr'>vertit,</span> <span class='ocrx_word' id='word_1_243' title='bbox 629 1732 719 1777; x_wconf 88' lang='lat' dir='ltr'>uod</span> <span class='ocrx_word' id='word_1_244' title='bbox 739 1731 1026 1792; x_wconf 71' lang='lat' dir='ltr'>polydeucen</span> <span class='ocrx_word' id='word_1_245' title='bbox 1047 1731 1091 1778; x_wconf 89' lang='lat' dir='ltr'>in</span> <span class='ocrx_word' id='word_1_246' title='bbox 1114 1732 1366 1785; x_wconf 86' lang='lat' dir='ltr'>Pollucem,</span> <span class='ocrx_word' id='word_1_247' title='bbox 1387 1733 1515 1796; x_wconf 74' lang='lat' dir='ltr'>quod</span> <span class='ocrx_word' id='word_1_248' title='bbox 1535 1733 1762 1781; x_wconf 86' lang='lat' dir='ltr'>Heraclea</span> <span class='ocrx_word' id='word_1_249' title='bbox 1779 1734 1826 1781; x_wconf 90' lang='lat' dir='ltr'>in</span> <span class='ocrx_word' id='word_1_250' title='bbox 1842 1735 1966 1781; x_wconf 82' lang='lat' dir='ltr'>Her·</span> 
     </span>
     <span class='ocr_line' id='line_1_26' title="bbox 196 1795 1968 1862; baseline 0.003 -20"><span class='ocrx_word' id='word_1_251' title='bbox 196 1796 366 1848; x_wconf 78' lang='lat' dir='ltr'>colem,</span> <span class='ocrx_word' id='word_1_252' title='bbox 390 1795 517 1858; x_wconf 89' lang='lat' dir='ltr'>quod</span> <span class='ocrx_word' id='word_1_253' title='bbox 533 1795 617 1842; x_wconf 90' lang='lat' dir='ltr'>Asc</span> <span class='ocrx_word' id='word_1_254' title='bbox 638 1795 774 1858; x_wconf 86' lang='lat' dir='ltr'>epion</span> <span class='ocrx_word' id='word_1_255' title='bbox 798 1795 845 1842; x_wconf 87' lang='lat' dir='ltr'>in</span> <span class='ocrx_word' id='word_1_256' title='bbox 868 1795 1181 1858; x_wconf 82' lang='lat' dir='ltr'>AEsculapium</span> <span class='ocrx_word' id='word_1_257' title='bbox 1200 1796 1420 1843; x_wconf 88' lang='lat' dir='ltr'>verterint</span> <span class='ocrx_word' id='word_1_258' title='bbox 1443 1799 1461 1842; x_wconf 85' lang='lat'>?</span> <span class='ocrx_word' id='word_1_259' title='bbox 1498 1797 1593 1843; x_wconf 87' lang='lat' dir='ltr'>Aut</span> <span class='ocrx_word' id='word_1_260' title='bbox 1618 1797 1813 1852; x_wconf 66' lang='lat' dir='ltr'>Graecia,</span> <span class='ocrx_word' id='word_1_261' title='bbox 1838 1799 1968 1862; x_wconf 85' lang='lat' dir='ltr'>quod</span> 
     </span>
     <span class='ocr_line' id='line_1_27' title="bbox 197 1859 1968 1924; baseline 0.004 -19"><span class='ocrx_word' id='word_1_262' title='bbox 197 1874 284 1922; x_wconf 86' lang='lat' dir='ltr'>pro</span> <span class='ocrx_word' id='word_1_263' title='bbox 304 1859 473 1906; x_wconf 90' lang='lat' dir='ltr'>Catulo</span> <span class='ocrx_word' id='word_1_264' title='bbox 491 1859 694 1915; x_wconf 74' lang='lat' dir='ltr'>Catium,</span> <span class='ocrx_word' id='word_1_265' title='bbox 710 1875 793 1921; x_wconf 87' lang='lat' dir='ltr'>pro</span> <span class='ocrx_word' id='word_1_266' title='bbox 811 1861 960 1906; x_wconf 88' lang='lat' dir='ltr'>Remo</span> <span class='ocrx_word' id='word_1_267' title='bbox 978 1861 1179 1908; x_wconf 87' lang='lat' dir='ltr'>Romum</span> <span class='ocrx_word' id='word_1_268' title='bbox 1203 1859 1436 1909; x_wconf 87' lang='lat' dir='ltr'>dixerint?</span> <span class='ocrx_word' id='word_1_269' title='bbox 1461 1860 1590 1924; x_wconf 60' lang='lat' dir='ltr'>Quid</span> <span class='ocrx_word' id='word_1_270' title='bbox 1611 1859 1659 1910; x_wconf 91' lang='lat' dir='ltr'>in</span> <span class='ocrx_word' id='word_1_271' title='bbox 1683 1862 1890 1910; x_wconf 72' lang='lat' dir='ltr'>Bar-baris</span> <span class='ocrx_word' id='word_1_272' title='bbox 1907 1864 1968 1912; x_wconf 80' lang='lat' dir='ltr'>ad</span> 
     </span>
     <span class='ocr_line' id='line_1_28' title="bbox 197 1922 1967 1976; baseline 0.003 -6"><span class='ocrx_word' id='word_1_273' title='bbox 197 1923 240 1970; x_wconf 85' lang='lat' dir='ltr'>se</span> <span class='ocrx_word' id='word_1_274' title='bbox 262 1922 585 1971; x_wconf 84' lang='lat' dir='ltr'>transferendis</span> <span class='ocrx_word' id='word_1_275' title='bbox 609 1928 626 1969; x_wconf 85' lang='lat'>?</span> <span class='ocrx_word' id='word_1_276' title='bbox 675 1939 785 1970; x_wconf 88' lang='lat' dir='ltr'>num</span> <span class='ocrx_word' id='word_1_277' title='bbox 821 1923 978 1970; x_wconf 84' lang='lat' dir='ltr'>Graeci</span> <span class='ocrx_word' id='word_1_278' title='bbox 1011 1922 1279 1973; x_wconf 85' lang='lat' dir='ltr'>dubitarunt</span> <span class='ocrx_word' id='word_1_279' title='bbox 1318 1925 1404 1972; x_wconf 86' lang='lat' dir='ltr'>AL</span> <span class='ocrx_word' id='word_1_280' title='bbox 1445 1923 1670 1972; x_wconf 86' lang='lat' dir='ltr'>Punicum</span> <span class='ocrx_word' id='word_1_281' title='bbox 1708 1925 1757 1976; x_wconf 84' lang='lat' dir='ltr'>in</span> <span class='ocrx_word' id='word_1_282' title='bbox 1793 1927 1967 1976; x_wconf 82' lang='lat' dir='ltr'>ultimis</span> 
     </span>
     <span class='ocr_line' id='line_1_29' title="bbox 197 1986 1964 2054; baseline 0.002 -18"><span class='ocrx_word' id='word_1_283' title='bbox 197 1986 452 2043; x_wconf 59' lang='lat' dir='ltr'>diaionum</span> <span class='ocrx_word' id='word_1_284' title='bbox 475 1986 653 2050; x_wconf 89' lang='lat' dir='ltr'>syllabis</span> <span class='ocrx_word' id='word_1_285' title='bbox 688 1988 734 2034; x_wconf 90' lang='lat' dir='ltr'>in</span> <span class='ocrx_word' id='word_1_286' title='bbox 763 1989 836 2036; x_wconf 86' lang='lat' dir='ltr'>AS</span> <span class='ocrx_word' id='word_1_287' title='bbox 859 2001 1124 2036; x_wconf 87' lang='lat' dir='ltr'>convertere</span> <span class='ocrx_word' id='word_1_288' title='bbox 1144 1991 1162 2035; x_wconf 89' lang='lat'>?</span> <span class='ocrx_word' id='word_1_289' title='bbox 1195 2005 1303 2036; x_wconf 88' lang='lat' dir='ltr'>num</span> <span class='ocrx_word' id='word_1_290' title='bbox 1327 1990 1359 2036; x_wconf 83' lang='lat' dir='ltr'>fi</span> <span class='ocrx_word' id='word_1_291' title='bbox 1381 1989 1483 2053; x_wconf 83' lang='lat' dir='ltr'>quis</span> <span class='ocrx_word' id='word_1_292' title='bbox 1508 1989 1716 2038; x_wconf 82' lang='lat' dir='ltr'>Annibas</span> <span class='ocrx_word' id='word_1_293' title='bbox 1759 2006 1844 2054; x_wconf 89' lang='lat' dir='ltr'>pro</span> <span class='ocrx_word' id='word_1_294' title='bbox 1867 1992 1964 2039; x_wconf 91' lang='lat' dir='ltr'>An-</span> 
     </span>
     <span class='ocr_line' id='line_1_30' title="bbox 198 2051 1967 2116; baseline 0.002 -17"><span class='ocrx_word' id='word_1_295' title='bbox 198 2052 323 2099; x_wconf 80' lang='lat' dir='ltr'>nibal</span> <span class='ocrx_word' id='word_1_296' title='bbox 346 2051 481 2106; x_wconf 82' lang='lat' dir='ltr'>dixit.</span> <span class='ocrx_word' id='word_1_297' title='bbox 497 2068 682 2099; x_wconf 84' lang='lat' dir='ltr'>omnem</span> <span class='ocrx_word' id='word_1_298' title='bbox 712 2051 905 2099; x_wconf 64' lang='lat' dir='ltr'>historiae</span> <span class='ocrx_word' id='word_1_299' title='bbox 929 2053 1203 2115; x_wconf 86' lang='lat' dir='ltr'>majestatem</span> <span class='ocrx_word' id='word_1_300' title='bbox 1226 2053 1530 2116; x_wconf 55' lang='lat' dir='ltr'>proculcatit,</span> <span class='ocrx_word' id='word_1_301' title='bbox 1550 2053 1790 2103; x_wconf 82' lang='lat' dir='ltr'>veritatem</span> <span class='ocrx_word' id='word_1_302' title='bbox 1812 2070 1967 2103; x_wconf 82' lang='lat' dir='ltr'>corru-</span> 
     </span>
     <span class='ocr_line' id='line_1_31' title="bbox 197 2116 1967 2182; baseline 0.005 -20"><span class='ocrx_word' id='word_1_303' title='bbox 197 2117 285 2179; x_wconf 83' lang='lat' dir='ltr'>pit,</span> <span class='ocrx_word' id='word_1_304' title='bbox 310 2128 388 2163; x_wconf 88' lang='lat' dir='ltr'>aut</span> <span class='ocrx_word' id='word_1_305' title='bbox 410 2118 652 2163; x_wconf 87' lang='lat' dir='ltr'>Poenorum</span> <span class='ocrx_word' id='word_1_306' title='bbox 687 2116 856 2176; x_wconf 63' lang='lat' dir='ltr'>liuzuae</span> <span class='ocrx_word' id='word_1_307' title='bbox 895 2118 1121 2165; x_wconf 86' lang='lat' dir='ltr'>maculam</span> <span class='ocrx_word' id='word_1_308' title='bbox 1147 2118 1288 2164; x_wconf 88' lang='lat' dir='ltr'>ullam</span> <span class='ocrx_word' id='word_1_309' title='bbox 1313 2117 1460 2165; x_wconf 79' lang='lat' dir='ltr'>inuffit</span> <span class='ocrx_word' id='word_1_310' title='bbox 1486 2122 1502 2163; x_wconf 88' lang='lat'>?</span> <span class='ocrx_word' id='word_1_311' title='bbox 1538 2119 1708 2167; x_wconf 89' lang='lat' dir='ltr'>Videte</span> <span class='ocrx_word' id='word_1_312' title='bbox 1738 2129 1967 2182; x_wconf 78' lang='lat' dir='ltr'>quantum</span> 
     </span>
     <span class='ocr_line' id='line_1_32' title="bbox 197 2170 1969 2292; baseline 0.004 -65"><span class='ocrx_word' id='word_1_313' title='bbox 197 2194 405 2227; x_wconf 88' lang='lat' dir='ltr'>veterum</span> <span class='ocrx_word' id='word_1_314' title='bbox 428 2181 675 2235; x_wconf 84' lang='lat' dir='ltr'>Saxonum,</span> <span class='ocrx_word' id='word_1_315' title='bbox 701 2170 1020 2236; x_wconf 65' lang='lat' dir='ltr'>&amp;Danorurm</span> <span class='ocrx_word' id='word_1_316' title='bbox 1041 2182 1122 2244; x_wconf 85' lang='lat' dir='ltr'>qui</span> <span class='ocrx_word' id='word_1_317' title='bbox 1144 2182 1358 2292; x_wconf 59' lang='lat' dir='ltr'>posterius</span> <span class='ocrx_word' id='word_1_318' title='bbox 1380 2181 1704 2247; x_wconf 87' lang='lat' dir='ltr'>immigrarunt</span> <span class='ocrx_word' id='word_1_319' title='bbox 1723 2183 1771 2230; x_wconf 92' lang='lat' dir='ltr'>in</span> <span class='ocrx_word' id='word_1_320' title='bbox 1790 2183 1969 2234; x_wconf 77' lang='lat' dir='ltr'>Britan·</span> 
     </span>
     <span class='ocr_line' id='line_1_33' title="bbox 196 2244 1969 2313; baseline 0.004 -22"><span class='ocrx_word' id='word_1_321' title='bbox 196 2244 340 2301; x_wconf 82' lang='lat' dir='ltr'>niam,</span> <span class='ocrx_word' id='word_1_322' title='bbox 356 2244 650 2294; x_wconf 79' lang='lat' dir='ltr'>humanitatis</span> <span class='ocrx_word' id='word_1_323' title='bbox 673 2250 712 2292; x_wconf 83' lang='lat'>&amp;</span> <span class='ocrx_word' id='word_1_324' title='bbox 732 2245 878 2292; x_wconf 78' lang='lat' dir='ltr'>cultus</span> <span class='ocrx_word' id='word_1_325' title='bbox 901 2246 1095 2293; x_wconf 86' lang='lat' dir='ltr'>studium</span> <span class='ocrx_word' id='word_1_326' title='bbox 1118 2264 1144 2292; x_wconf 90' lang='lat' dir='ltr'>a</span> <span class='ocrx_word' id='word_1_327' title='bbox 1199 2246 1282 2294; x_wconf 86' lang='lat' dir='ltr'>hac</span> <span class='ocrx_word' id='word_1_328' title='bbox 1305 2247 1458 2294; x_wconf 89' lang='lat' dir='ltr'>Luddi</span> <span class='ocrx_word' id='word_1_329' title='bbox 1475 2246 1760 2296; x_wconf 83' lang='lat' dir='ltr'>immanitate</span> <span class='ocrx_word' id='word_1_330' title='bbox 1779 2254 1820 2295; x_wconf 73' lang='grc' dir='ltr'>δε</span> <span class='ocrx_word' id='word_1_331' title='bbox 1837 2248 1969 2313; x_wconf 61' lang='grc' dir='ltr'>Γςυιὲ</span> 
     </span>
     <span class='ocr_line' id='line_1_34' title="bbox 196 2309 1971 2377; baseline 0.002 -21"><span class='ocrx_word' id='word_1_332' title='bbox 196 2309 307 2356; x_wconf 86' lang='lat' dir='ltr'>loris</span> <span class='ocrx_word' id='word_1_333' title='bbox 340 2309 626 2356; x_wconf 66' lang='lat' dir='ltr'>affeetatione</span> <span class='ocrx_word' id='word_1_334' title='bbox 652 2309 877 2356; x_wconf 84' lang='lat' dir='ltr'>diffident.</span> <span class='ocrx_word' id='word_1_335' title='bbox 945 2310 1019 2357; x_wconf 86' lang='lat' dir='ltr'>Illi</span> <span class='ocrx_word' id='word_1_336' title='bbox 1040 2310 1221 2364; x_wconf 88' lang='lat' dir='ltr'>inculti,</span> <span class='ocrx_word' id='word_1_337' title='bbox 1254 2317 1294 2359; x_wconf 73' lang='grc' dir='ltr'>δε</span> <span class='ocrx_word' id='word_1_338' title='bbox 1329 2311 1478 2359; x_wconf 67' lang='lat' dir='ltr'>omnis</span> <span class='ocrx_word' id='word_1_339' title='bbox 1505 2310 1778 2363; x_wconf 76' lang='lat' dir='ltr'>eruditionis</span> <span class='ocrx_word' id='word_1_340' title='bbox 1799 2311 1971 2377; x_wconf 75' lang='lat' dir='ltr'>ignari,</span> 
     </span>
     <span class='ocr_line' id='line_1_35' title="bbox 197 2372 1971 2430; baseline 0.003 -10"><span class='ocrx_word' id='word_1_341' title='bbox 197 2374 304 2420; x_wconf 68' lang='lat' dir='ltr'>cum</span> <span class='ocrx_word' id='word_1_342' title='bbox 325 2372 544 2421; x_wconf 82' lang='lat' dir='ltr'>veniffent</span> <span class='ocrx_word' id='word_1_343' title='bbox 564 2376 620 2420; x_wconf 90' lang='lat' dir='ltr'>ad</span> <span class='ocrx_word' id='word_1_344' title='bbox 644 2374 850 2420; x_wconf 79' lang='lat' dir='ltr'>homines</span> <span class='ocrx_word' id='word_1_345' title='bbox 872 2375 1101 2430; x_wconf 88' lang='lat' dir='ltr'>barbaros,</span> <span class='ocrx_word' id='word_1_346' title='bbox 1128 2381 1167 2421; x_wconf 68' lang='grc' dir='ltr'>δι</span> <span class='ocrx_word' id='word_1_347' title='bbox 1188 2376 1513 2430; x_wconf 83' lang='lat' dir='ltr'>balbutientes,</span> <span class='ocrx_word' id='word_1_348' title='bbox 1531 2392 1620 2422; x_wconf 84' lang='lat' dir='ltr'>non</span> <span class='ocrx_word' id='word_1_349' title='bbox 1646 2376 1788 2428; x_wconf 89' lang='lat' dir='ltr'>solum</span> <span class='ocrx_word' id='word_1_350' title='bbox 1810 2392 1971 2426; x_wconf 79' lang='lat' dir='ltr'>eorum</span> 
     </span>
     <span class='ocr_line' id='line_1_36' title="bbox 197 2437 1970 2504; baseline 0.002 -19"><span class='ocrx_word' id='word_1_351' title='bbox 197 2437 451 2502; x_wconf 81' lang='lat' dir='ltr'>stribligine</span> <span class='ocrx_word' id='word_1_352' title='bbox 479 2437 521 2484; x_wconf 88' lang='lat' dir='ltr'>se</span> <span class='ocrx_word' id='word_1_353' title='bbox 555 2438 658 2501; x_wconf 82' lang='lat' dir='ltr'>passi</span> <span class='ocrx_word' id='word_1_354' title='bbox 698 2454 788 2485; x_wconf 90' lang='lat' dir='ltr'>non</span> <span class='ocrx_word' id='word_1_355' title='bbox 824 2439 923 2485; x_wconf 78' lang='lat' dir='ltr'>sunt</span> <span class='ocrx_word' id='word_1_356' title='bbox 953 2439 1093 2494; x_wconf 83' lang='lat' dir='ltr'>infici,</span> <span class='ocrx_word' id='word_1_357' title='bbox 1128 2439 1198 2486; x_wconf 81' lang='lat' dir='ltr'>sed</span> <span class='ocrx_word' id='word_1_358' title='bbox 1221 2441 1396 2504; x_wconf 83' lang='lat' dir='ltr'>gustata</span> <span class='ocrx_word' id='word_1_359' title='bbox 1416 2439 1550 2487; x_wconf 86' lang='lat' dir='ltr'>semel</span> <span class='ocrx_word' id='word_1_360' title='bbox 1575 2439 1792 2489; x_wconf 71' lang='lat' dir='ltr'>Graeci&amp;</span> <span class='ocrx_word' id='word_1_361' title='bbox 1816 2441 1970 2489; x_wconf 81' lang='lat' dir='ltr'>Latini</span> 
     </span>
     <span class='ocr_line' id='line_1_37' title="bbox 196 2500 1969 2568; baseline 0.002 -20"><span class='ocrx_word' id='word_1_362' title='bbox 196 2500 415 2549; x_wconf 84' lang='lat' dir='ltr'>sermonis</span> <span class='ocrx_word' id='word_1_363' title='bbox 432 2501 648 2550; x_wconf 86' lang='lat' dir='ltr'>suavitate</span> <span class='ocrx_word' id='word_1_364' title='bbox 670 2504 865 2549; x_wconf 88' lang='lat' dir='ltr'>multum</span> <span class='ocrx_word' id='word_1_365' title='bbox 888 2520 944 2550; x_wconf 76' lang='lat' dir='ltr'>cx</span> <span class='ocrx_word' id='word_1_366' title='bbox 967 2520 1039 2558; x_wconf 92' lang='lat' dir='ltr'>eo,</span> <span class='ocrx_word' id='word_1_367' title='bbox 1079 2519 1218 2567; x_wconf 88' lang='lat' dir='ltr'>quem</span> <span class='ocrx_word' id='word_1_368' title='bbox 1247 2504 1330 2568; x_wconf 81' lang='lat' dir='ltr'>ipsi</span> <span class='ocrx_word' id='word_1_369' title='bbox 1352 2505 1621 2552; x_wconf 81' lang='lat' dir='ltr'>invexerant</span> <span class='ocrx_word' id='word_1_370' title='bbox 1643 2504 1848 2559; x_wconf 88' lang='lat' dir='ltr'>horrore,</span> <span class='ocrx_word' id='word_1_371' title='bbox 1871 2505 1969 2552; x_wconf 89' lang='lat' dir='ltr'>abs·</span> 
     </span>
     <span class='ocr_line' id='line_1_38' title="bbox 197 2566 1973 2634; baseline 0.003 -22"><span class='ocrx_word' id='word_1_372' title='bbox 197 2566 419 2614; x_wconf 80' lang='lat' dir='ltr'>terserunt</span> <span class='ocrx_word' id='word_1_373' title='bbox 451 2584 462 2613; x_wconf 71' lang='grc' dir='ltr'><strong>ε</strong></span> <span class='ocrx_word' id='word_1_374' title='bbox 496 2569 705 2630; x_wconf 82' lang='lat' dir='ltr'>quaedam</span> <span class='ocrx_word' id='word_1_375' title='bbox 730 2568 956 2615; x_wconf 85' lang='lat' dir='ltr'>vocabula</span> <span class='ocrx_word' id='word_1_376' title='bbox 985 2568 1209 2630; x_wconf 84' lang='lat' dir='ltr'>asperiora</span> <span class='ocrx_word' id='word_1_377' title='bbox 1231 2569 1525 2634; x_wconf 81' lang='lat' dir='ltr'>le.igarunt;</span> <span class='ocrx_word' id='word_1_378' title='bbox 1558 2568 1623 2615; x_wconf 86' lang='lat' dir='ltr'>ita</span> <span class='ocrx_word' id='word_1_379' title='bbox 1663 2582 1712 2617; x_wconf 87' lang='lat' dir='ltr'>ut</span> <span class='ocrx_word' id='word_1_380' title='bbox 1753 2569 1843 2616; x_wconf 87' lang='lat' dir='ltr'>fine</span> <span class='ocrx_word' id='word_1_381' title='bbox 1878 2570 1973 2618; x_wconf 79' lang='lat' dir='ltr'>ulla</span> 
     </span>
     <span class='ocr_line' id='line_1_39' title="bbox 197 2630 1973 2696; baseline 0.002 -19"><span class='ocrx_word' id='word_1_382' title='bbox 197 2630 376 2678; x_wconf 89' lang='lat' dir='ltr'>aurium</span> <span class='ocrx_word' id='word_1_383' title='bbox 416 2632 661 2678; x_wconf 73' lang='lat' dir='ltr'>offensione</span> <span class='ocrx_word' id='word_1_384' title='bbox 696 2631 878 2678; x_wconf 88' lang='lat' dir='ltr'>tolerari</span> <span class='ocrx_word' id='word_1_385' title='bbox 909 2633 1086 2695; x_wconf 70' lang='lat' dir='ltr'>possint,</span> <span class='ocrx_word' id='word_1_386' title='bbox 1124 2633 1279 2696; x_wconf 85' lang='lat' dir='ltr'>qualia</span> <span class='ocrx_word' id='word_1_387' title='bbox 1308 2634 1408 2681; x_wconf 90' lang='lat' dir='ltr'>sunt</span> <span class='ocrx_word' id='word_1_388' title='bbox 1430 2632 1617 2680; x_wconf 83' lang='lat' dir='ltr'>Oxonia</span> <span class='ocrx_word' id='word_1_389' title='bbox 1638 2637 1680 2680; x_wconf 71' lang='grc' dir='ltr'>δε</span> <span class='ocrx_word' id='word_1_390' title='bbox 1710 2634 1863 2690; x_wconf 80' lang='lat' dir='ltr'>Roffa,</span> <span class='ocrx_word' id='word_1_391' title='bbox 1922 2649 1973 2682; x_wconf 80' lang='lat' dir='ltr'>ro</span> 
     </span>
     <span class='ocr_line' id='line_1_40' title="bbox 198 2651 1973 2761; baseline 0.003 -20"><span class='ocrx_word' id='word_1_392' title='bbox 198 2693 491 2743; x_wconf 83' lang='lat' dir='ltr'>Oxonfordia</span> <span class='ocrx_word' id='word_1_393' title='bbox 513 2701 552 2743; x_wconf 87' lang='lat'>&amp;</span> <span class='ocrx_word' id='word_1_394' title='bbox 572 2695 898 2751; x_wconf 86' lang='lat' dir='ltr'>Raufchestria,</span> <span class='ocrx_word' id='word_1_395' title='bbox 932 2702 972 2744; x_wconf 77' lang='grc' dir='ltr'>δε</span> <span class='ocrx_word' id='word_1_396' title='bbox 995 2699 1231 2760; x_wconf 71' lang='lat' dir='ltr'>plaeraque</span> <span class='ocrx_word' id='word_1_397' title='bbox 1262 2697 1352 2745; x_wconf 82' lang='lat' dir='ltr'>alia</span> <span class='ocrx_word' id='word_1_398' title='bbox 1387 2714 1445 2745; x_wconf 89' lang='lat' dir='ltr'>ne</span> <span class='ocrx_word' id='word_1_399' title='bbox 1476 2710 1762 2760; x_wconf 84' lang='lat' dir='ltr'>repugnante</span> <span class='ocrx_word' id='word_1_400' title='bbox 1782 2651 1973 2761; x_wconf 43' lang='lat' dir='ltr'>quiderm</span> 
     </span>
     <span class='ocr_line' id='line_1_41' title="bbox 197 2759 1973 2828; baseline 0.002 -21"><span class='ocrx_word' id='word_1_401' title='bbox 197 2759 383 2809; x_wconf 80' lang='lat' dir='ltr'>LuddO.</span> <span class='ocrx_word' id='word_1_402' title='bbox 451 2760 542 2807; x_wconf 89' lang='lat' dir='ltr'>Sed</span> <span class='ocrx_word' id='word_1_403' title='bbox 561 2776 646 2808; x_wconf 89' lang='lat' dir='ltr'>nec</span> <span class='ocrx_word' id='word_1_404' title='bbox 662 2759 755 2824; x_wconf 88' lang='lat' dir='ltr'>ipse</span> <span class='ocrx_word' id='word_1_405' title='bbox 776 2761 965 2822; x_wconf 90' lang='lat' dir='ltr'>quidem</span> <span class='ocrx_word' id='word_1_406' title='bbox 985 2763 1032 2810; x_wconf 92' lang='lat' dir='ltr'>in</span> <span class='ocrx_word' id='word_1_407' title='bbox 1051 2763 1140 2810; x_wconf 88' lang='lat' dir='ltr'>hoc</span> <span class='ocrx_word' id='word_1_408' title='bbox 1161 2778 1329 2827; x_wconf 87' lang='lat' dir='ltr'>genere</span> <span class='ocrx_word' id='word_1_409' title='bbox 1344 2777 1506 2826; x_wconf 85' lang='lat' dir='ltr'>parum</span> <span class='ocrx_word' id='word_1_410' title='bbox 1524 2761 1607 2808; x_wconf 84' lang='lat' dir='ltr'>fibi</span> <span class='ocrx_word' id='word_1_411' title='bbox 1622 2762 1867 2826; x_wconf 85' lang='lat' dir='ltr'>permittit,</span> <span class='ocrx_word' id='word_1_412' title='bbox 1891 2762 1973 2828; x_wconf 83' lang='lat' dir='ltr'>qui</span> 
     </span>
    </p>
   </div>
   <div class='ocr_carea' id='block_1_3' title="bbox 251 2888 1054 2943">
    <p class='ocr_par' dir='ltr' id='par_1_6' title="bbox 251 2888 1054 2943">
     <span class='ocr_line' id='line_1_42' title="bbox 251 2888 1054 2943; baseline 0.002 -14"><span class='ocrx_word' id='word_1_413' title='bbox 251 2888 312 2942; x_wconf 68' lang='lat' dir='ltr'>(i)</span> <span class='ocrx_word' id='word_1_414' title='bbox 333 2890 394 2941; x_wconf 81' lang='lat'>(2)</span> <span class='ocrx_word' id='word_1_415' title='bbox 423 2890 547 2928; x_wconf 82' lang='lat' dir='ltr'>These</span> <span class='ocrx_word' id='word_1_416' title='bbox 574 2903 670 2928; x_wconf 79' lang='lat' dir='ltr'>were</span> <span class='ocrx_word' id='word_1_417' title='bbox 702 2904 828 2928; x_wconf 84' lang='lat' dir='ltr'>names</span> <span class='ocrx_word' id='word_1_418' title='bbox 860 2892 904 2929; x_wconf 92' lang='lat' dir='ltr'>of</span> <span class='ocrx_word' id='word_1_419' title='bbox 923 2892 1054 2943; x_wconf 83' lang='lat' dir='ltr'>people</span> 
     </span>
    </p>
   </div>
   <div class='ocr_carea' id='block_1_4' title="bbox 197 2892 1972 2992">
    <p class='ocr_par' dir='ltr' id='par_1_7' title="bbox 197 2892 1972 2992">
     <span class='ocr_line' id='line_1_43' title="bbox 1120 2892 1972 2942; baseline 0.001 -11"><span class='ocrx_word' id='word_1_420' title='bbox 1120 2892 1358 2942; x_wconf 74' lang='lat' dir='ltr'>Polydeuces,</span> <span class='ocrx_word' id='word_1_421' title='bbox 1375 2893 1567 2937; x_wconf 69' lang='lat' dir='ltr'>Heraclea,</span> <span class='ocrx_word' id='word_1_422' title='bbox 1586 2892 1794 2942; x_wconf 74' lang='lat' dir='ltr'>Asclepius,</span> <span class='ocrx_word' id='word_1_423' title='bbox 1824 2899 1863 2930; x_wconf 81' lang='lat' dir='ltr'>to</span> <span class='ocrx_word' id='word_1_424' title='bbox 1882 2894 1972 2932; x_wconf 80' lang='lat' dir='ltr'>Pol-</span> 
     </span>
     <span class='ocr_line' id='line_1_44' title="bbox 197 2944 1053 2992; baseline -0.001 -9"><span class='ocrx_word' id='word_1_425' title='bbox 197 2947 268 2984; x_wconf 72' lang='lat' dir='ltr'>and</span> <span class='ocrx_word' id='word_1_426' title='bbox 281 2944 393 2983; x_wconf 78' lang='lat' dir='ltr'>&#39;cities</span> <span class='ocrx_word' id='word_1_427' title='bbox 410 2957 459 2981; x_wconf 90' lang='lat' dir='ltr'>on</span> <span class='ocrx_word' id='word_1_428' title='bbox 485 2944 550 2982; x_wconf 87' lang='lat' dir='ltr'>the</span> <span class='ocrx_word' id='word_1_429' title='bbox 580 2945 632 2982; x_wconf 87' lang='lat' dir='ltr'>N.</span> <span class='ocrx_word' id='word_1_430' title='bbox 656 2945 699 2981; x_wconf 84' lang='lat' dir='ltr'>E.</span> <span class='ocrx_word' id='word_1_431' title='bbox 728 2946 822 2980; x_wconf 85' lang='lat' dir='ltr'>coast</span> <span class='ocrx_word' id='word_1_432' title='bbox 840 2947 884 2982; x_wconf 78' lang='lat' dir='ltr'>of</span> <span class='ocrx_word' id='word_1_433' title='bbox 900 2947 1053 2992; x_wconf 69' lang='lat' dir='ltr'>france,</span> 
     </span>
    </p>
   </div>
   <div class='ocr_carea' id='block_1_5' title="bbox 1118 2945 1990 2995">
    <p class='ocr_par' dir='ltr' id='par_1_8' title="bbox 1118 2945 1990 2995">
     <span class='ocr_line' id='line_1_45' title="bbox 1118 2945 1990 2995; baseline 0.003 -12"><span class='ocrx_word' id='word_1_434' title='bbox 1118 2947 1197 2992; x_wconf 81' lang='lat' dir='ltr'>lux,</span> <span class='ocrx_word' id='word_1_435' title='bbox 1212 2947 1406 2991; x_wconf 77' lang='lat' dir='ltr'>Hercules,</span> <span class='ocrx_word' id='word_1_436' title='bbox 1420 2945 1662 2995; x_wconf 59' lang='lat' dir='ltr'>AZsculapius</span> <span class='ocrx_word' id='word_1_437' title='bbox 1677 2960 1688 2982; x_wconf 74' lang='grc' dir='ltr'><strong>ε</strong></span> <span class='ocrx_word' id='word_1_438' title='bbox 1702 2959 1739 2983; x_wconf 79' lang='lat' dir='ltr'>as</span> <span class='ocrx_word' id='word_1_439' title='bbox 1752 2945 1990 2990; x_wconf 68' lang='lat' dir='ltr'>theGreeks,</span> 
     </span>
    </p>
   </div>
   <div class='ocr_carea' id='block_1_6' title="bbox 194 2997 1053 3578">
    <p class='ocr_par' dir='ltr' id='par_1_9' title="bbox 194 2997 1053 3459">
     <span class='ocr_line' id='line_1_46' title="bbox 196 2997 1052 3049; baseline 0.002 -15"><span class='ocrx_word' id='word_1_440' title='bbox 196 3000 330 3037; x_wconf 85' lang='lat' dir='ltr'>named</span> <span class='ocrx_word' id='word_1_441' title='bbox 349 2998 447 3047; x_wconf 79' lang='lat' dir='ltr'>from</span> <span class='ocrx_word' id='word_1_442' title='bbox 470 2997 534 3034; x_wconf 88' lang='lat' dir='ltr'>the</span> <span class='ocrx_word' id='word_1_443' title='bbox 552 2998 613 3035; x_wconf 87' lang='lat' dir='ltr'>old</span> <span class='ocrx_word' id='word_1_444' title='bbox 638 2997 781 3034; x_wconf 84' lang='lat' dir='ltr'>French</span> <span class='ocrx_word' id='word_1_445' title='bbox 802 3001 900 3036; x_wconf 82' lang='lat' dir='ltr'>word</span> <span class='ocrx_word' id='word_1_446' title='bbox 926 2999 1052 3049; x_wconf 83' lang='lat' dir='ltr'>More,</span> 
     </span>
     <span class='ocr_line' id='line_1_47' title="bbox 195 3050 1053 3098; baseline 0.002 -11"><span class='ocrx_word' id='word_1_447' title='bbox 195 3050 280 3088; x_wconf 86' lang='lat' dir='ltr'>that</span> <span class='ocrx_word' id='word_1_448' title='bbox 298 3051 342 3096; x_wconf 88' lang='lat' dir='ltr'>is,</span> <span class='ocrx_word' id='word_1_449' title='bbox 364 3050 488 3088; x_wconf 82' lang='lat' dir='ltr'>Mare.</span> <span class='ocrx_word' id='word_1_450' title='bbox 542 3050 615 3087; x_wconf 85' lang='lat' dir='ltr'>His</span> <span class='ocrx_word' id='word_1_451' title='bbox 635 3050 809 3098; x_wconf 81' lang='lat' dir='ltr'>meaning</span> <span class='ocrx_word' id='word_1_452' title='bbox 828 3051 873 3097; x_wconf 91' lang='lat' dir='ltr'>is,</span> <span class='ocrx_word' id='word_1_453' title='bbox 887 3051 970 3089; x_wconf 85' lang='lat' dir='ltr'>that</span> <span class='ocrx_word' id='word_1_454' title='bbox 987 3052 1053 3089; x_wconf 88' lang='lat' dir='ltr'>the</span> 
     </span>
     <span class='ocr_line' id='line_1_48' title="bbox 196 3102 1051 3152; baseline 0.002 -12"><span class='ocrx_word' id='word_1_455' title='bbox 196 3104 347 3141; x_wconf 83' lang='lat' dir='ltr'>ancient</span> <span class='ocrx_word' id='word_1_456' title='bbox 377 3105 488 3140; x_wconf 84' lang='lat' dir='ltr'>Latin</span> <span class='ocrx_word' id='word_1_457' title='bbox 514 3102 679 3149; x_wconf 79' lang='lat' dir='ltr'>authors,</span> <span class='ocrx_word' id='word_1_458' title='bbox 700 3103 850 3152; x_wconf 80' lang='lat' dir='ltr'>writing</span> <span class='ocrx_word' id='word_1_459' title='bbox 875 3105 921 3146; x_wconf 80' lang='lat' dir='ltr'>of</span> <span class='ocrx_word' id='word_1_460' title='bbox 950 3104 1051 3142; x_wconf 81' lang='lat' dir='ltr'>these</span> 
     </span>
     <span class='ocr_line' id='line_1_49' title="bbox 196 3156 1053 3207; baseline 0.002 -13"><span class='ocrx_word' id='word_1_461' title='bbox 196 3158 332 3207; x_wconf 58' lang='lat' dir='ltr'>placa,</span> <span class='ocrx_word' id='word_1_462' title='bbox 367 3158 427 3196; x_wconf 80' lang='lat' dir='ltr'>did</span> <span class='ocrx_word' id='word_1_463' title='bbox 470 3166 536 3194; x_wconf 90' lang='lat' dir='ltr'>not</span> <span class='ocrx_word' id='word_1_464' title='bbox 569 3166 657 3194; x_wconf 85' lang='lat' dir='ltr'>turn</span> <span class='ocrx_word' id='word_1_465' title='bbox 689 3156 795 3194; x_wconf 87' lang='lat' dir='ltr'>them</span> <span class='ocrx_word' id='word_1_466' title='bbox 828 3157 909 3196; x_wconf 87' lang='lat' dir='ltr'>into</span> <span class='ocrx_word' id='word_1_467' title='bbox 939 3159 1053 3199; x_wconf 85' lang='lat' dir='ltr'>Latin</span> 
     </span>
     <span class='ocr_line' id='line_1_50' title="bbox 194 3208 1052 3255; baseline 0.003 -9"><span class='ocrx_word' id='word_1_468' title='bbox 194 3212 332 3255; x_wconf 79' lang='lat' dir='ltr'>words,</span> <span class='ocrx_word' id='word_1_469' title='bbox 355 3208 479 3246; x_wconf 84' lang='lat' dir='ltr'>which</span> <span class='ocrx_word' id='word_1_470' title='bbox 500 3210 549 3247; x_wconf 86' lang='lat' dir='ltr'>he</span> <span class='ocrx_word' id='word_1_471' title='bbox 567 3209 705 3247; x_wconf 80' lang='lat' dir='ltr'>calleth</span> <span class='ocrx_word' id='word_1_472' title='bbox 728 3213 757 3232; x_wconf 88' lang='lat'><em>“</em></span> <span class='ocrx_word' id='word_1_473' title='bbox 776 3210 927 3248; x_wconf 71' lang='lat' dir='ltr'>civitate</span> <span class='ocrx_word' id='word_1_474' title='bbox 946 3209 1052 3249; x_wconf 79' lang='lat' dir='ltr'>Lati-</span> 
     </span>
     <span class='ocr_line' id='line_1_51' title="bbox 197 3262 1052 3311; baseline 0.002 -11"><span class='ocrx_word' id='word_1_475' title='bbox 197 3266 227 3286; x_wconf 86' lang='lat'><strong>“</strong></span> <span class='ocrx_word' id='word_1_476' title='bbox 254 3277 302 3300; x_wconf 86' lang='lat' dir='ltr'>na</span> <span class='ocrx_word' id='word_1_477' title='bbox 332 3263 511 3307; x_wconf 80' lang='lat' dir='ltr'>donare‚&#39;‘</span> <span class='ocrx_word' id='word_1_478' title='bbox 535 3272 595 3311; x_wconf 87' lang='lat' dir='ltr'>yet</span> <span class='ocrx_word' id='word_1_479' title='bbox 623 3262 713 3311; x_wconf 84' lang='lat' dir='ltr'>they</span> <span class='ocrx_word' id='word_1_480' title='bbox 742 3264 910 3301; x_wconf 86' lang='lat' dir='ltr'>declined</span> <span class='ocrx_word' id='word_1_481' title='bbox 945 3264 1052 3302; x_wconf 85' lang='lat' dir='ltr'>them</span> 
     </span>
     <span class='ocr_line' id='line_1_52' title="bbox 194 3314 1052 3360; baseline 0.001 -6"><span class='ocrx_word' id='word_1_482' title='bbox 194 3314 279 3354; x_wconf 76' lang='lat' dir='ltr'>like</span> <span class='ocrx_word' id='word_1_483' title='bbox 314 3316 424 3352; x_wconf 87' lang='lat' dir='ltr'>Latin</span> <span class='ocrx_word' id='word_1_484' title='bbox 461 3328 594 3360; x_wconf 74' lang='lat' dir='ltr'>nouus,</span> <span class='ocrx_word' id='word_1_485' title='bbox 634 3315 759 3352; x_wconf 80' lang='lat' dir='ltr'>which</span> <span class='ocrx_word' id='word_1_486' title='bbox 805 3317 861 3353; x_wconf 65' lang='lat' dir='ltr'>he&#39;</span> <span class='ocrx_word' id='word_1_487' title='bbox 888 3318 1052 3355; x_wconf 78' lang='lat' dir='ltr'>termeth</span> 
     </span>
     <span class='ocr_line' id='line_1_53' title="bbox 195 3368 1051 3408; baseline 0.005 -3"><span class='ocrx_word' id='word_1_488' title='bbox 195 3372 226 3391; x_wconf 88' lang='lat'><strong>“</strong></span> <span class='ocrx_word' id='word_1_489' title='bbox 253 3368 433 3406; x_wconf 53' lang='lat' dir='ltr'>incessum</span> <span class='ocrx_word' id='word_1_490' title='bbox 461 3371 496 3405; x_wconf 74' lang='grc' dir='ltr'>δε</span> <span class='ocrx_word' id='word_1_491' title='bbox 529 3368 710 3405; x_wconf 73' lang='grc' dir='ltr'>ειτηίἐὶιιῐη</span> <span class='ocrx_word' id='word_1_492' title='bbox 746 3370 926 3408; x_wconf 86' lang='lat' dir='ltr'>Latinum</span> <span class='ocrx_word' id='word_1_493' title='bbox 961 3371 1051 3408; x_wconf 86' lang='lat' dir='ltr'>irni-</span> 
     </span>
     <span class='ocr_line' id='line_1_54' title="bbox 196 3422 370 3459; baseline 0 -1"><span class='ocrx_word' id='word_1_494' title='bbox 196 3425 226 3445; x_wconf 89' lang='lat'><em>“</em></span> <span class='ocrx_word' id='word_1_495' title='bbox 253 3422 370 3459; x_wconf 81' lang='lat' dir='ltr'>tari.”</span> 
     </span>
    </p>

    <p class='ocr_par' dir='ltr' id='par_1_10' title="bbox 194 3474 1051 3578">
     <span class='ocr_line' id='line_1_55' title="bbox 249 3474 1051 3526; baseline 0.005 -16"><span class='ocrx_word' id='word_1_496' title='bbox 249 3475 311 3525; x_wconf 88' lang='lat'>(3)</span> <span class='ocrx_word' id='word_1_497' title='bbox 340 3475 490 3525; x_wconf 22' lang='lat' dir='ltr'>Famu-l,</span> <span class='ocrx_word' id='word_1_498' title='bbox 502 3474 646 3523; x_wconf 85' lang='lat' dir='ltr'>Volup,</span> <span class='ocrx_word' id='word_1_499' title='bbox 677 3488 774 3512; x_wconf 84' lang='lat' dir='ltr'>were</span> <span class='ocrx_word' id='word_1_500' title='bbox 800 3475 890 3513; x_wconf 82' lang='lat' dir='ltr'>·used</span> <span class='ocrx_word' id='word_1_501' title='bbox 910 3477 956 3526; x_wconf 89' lang='lat' dir='ltr'>by</span> <span class='ocrx_word' id='word_1_502' title='bbox 986 3476 1051 3514; x_wconf 84' lang='lat' dir='ltr'>the</span> 
     </span>
     <span class='ocr_line' id='line_1_56' title="bbox 194 3526 942 3578; baseline 0.001 -13"><span class='ocrx_word' id='word_1_503' title='bbox 194 3529 341 3565; x_wconf 76' lang='lat' dir='ltr'>ancient</span> <span class='ocrx_word' id='word_1_504' title='bbox 355 3528 483 3564; x_wconf 81' lang='lat' dir='ltr'>Latins</span> <span class='ocrx_word' id='word_1_505' title='bbox 498 3527 555 3563; x_wconf 85' lang='lat' dir='ltr'>for</span> <span class='ocrx_word' id='word_1_506' title='bbox 569 3526 745 3572; x_wconf 54' lang='lat' dir='ltr'>famulate,</span> <span class='ocrx_word' id='word_1_507' title='bbox 762 3530 942 3578; x_wconf 90' lang='lat' dir='ltr'>voluptas.</span> 
     </span>
    </p>
   </div>
   <div class='ocr_carea' id='block_1_7' title="bbox 947 3551 1054 3560">
    <p class='ocr_par' dir='ltr' id='par_1_11' title="bbox 947 3551 1054 3560">
     <span class='ocr_line' id='line_1_57' title="bbox 947 3551 1054 3560; baseline 0 0"><span class='ocrx_word' id='word_1_508' title='bbox 947 3551 1054 3560; x_wconf 95' lang='lat' dir='ltr'> </span> 
     </span>
    </p>
   </div>
   <div class='ocr_carea' id='block_1_8' title="bbox 194 3580 1066 3621">
    <p class='ocr_par' dir='ltr' id='par_1_12' title="bbox 194 3580 1066 3621">
     <span class='ocr_line' id='line_1_58' title="bbox 194 3580 1066 3621; baseline -0.001 -2"><span class='ocrx_word' id='word_1_509' title='bbox 194 3580 384 3619; x_wconf 80' lang='lat' dir='ltr'>Likewise</span> <span class='ocrx_word' id='word_1_510' title='bbox 398 3580 462 3619; x_wconf 80' lang='lat' dir='ltr'>the</span> <span class='ocrx_word' id='word_1_511' title='bbox 477 3581 604 3618; x_wconf 85' lang='lat' dir='ltr'>Latins</span> <span class='ocrx_word' id='word_1_512' title='bbox 617 3589 703 3619; x_wconf 84' lang='lat' dir='ltr'>turn</span> <span class='ocrx_word' id='word_1_513' title='bbox 715 3580 781 3619; x_wconf 85' lang='lat' dir='ltr'>the</span> <span class='ocrx_word' id='word_1_514' title='bbox 794 3582 926 3621; x_wconf 84' lang='lat' dir='ltr'>Greek</span> <span class='ocrx_word' id='word_1_515' title='bbox 936 3585 1053 3621; x_wconf 89' lang='lat' dir='ltr'>words</span> <span class='ocrx_word' id='word_1_516' title='bbox 1064 3614 1066 3618; x_wconf 82' lang='grc'>,</span> 
     </span>
    </p>
   </div>
   <div class='ocr_carea' id='block_1_9' title="bbox 1115 2999 1974 3622">
    <p class='ocr_par' dir='ltr' id='par_1_13' title="bbox 1115 2999 1974 3622">
     <span class='ocr_line' id='line_1_59' title="bbox 1118 2999 1971 3045; baseline 0.004 -9"><span class='ocrx_word' id='word_1_517' title='bbox 1118 3008 1206 3037; x_wconf 86' lang='lat' dir='ltr'>turn</span> <span class='ocrx_word' id='word_1_518' title='bbox 1221 3001 1392 3043; x_wconf 86' lang='lat' dir='ltr'>Catulus,</span> <span class='ocrx_word' id='word_1_519' title='bbox 1412 2999 1571 3045; x_wconf 72' lang='lat' dir='ltr'>Remus,</span> <span class='ocrx_word' id='word_1_520' title='bbox 1594 3007 1633 3036; x_wconf 88' lang='lat' dir='ltr'>to</span> <span class='ocrx_word' id='word_1_521' title='bbox 1652 3000 1780 3037; x_wconf 70' lang='lat' dir='ltr'>Catlos</span> <span class='ocrx_word' id='word_1_522' title='bbox 1799 3002 1869 3037; x_wconf 83' lang='lat' dir='ltr'>and</span> <span class='ocrx_word' id='word_1_523' title='bbox 1889 3001 1971 3039; x_wconf 85' lang='lat' dir='ltr'>Ro-</span> 
     </span>
     <span class='ocr_line' id='line_1_60' title="bbox 1119 3051 1971 3104; baseline 0.002 -14"><span class='ocrx_word' id='word_1_524' title='bbox 1119 3066 1199 3090; x_wconf 77' lang='lat' dir='ltr'>mos</span> <span class='ocrx_word' id='word_1_525' title='bbox 1217 3068 1230 3102; x_wconf 73' lang='grc' dir='ltr'>ς</span> <span class='ocrx_word' id='word_1_526' title='bbox 1251 3055 1321 3090; x_wconf 90' lang='lat' dir='ltr'>and</span> <span class='ocrx_word' id='word_1_527' title='bbox 1339 3052 1403 3090; x_wconf 75' lang='lat' dir='ltr'>the</span> <span class='ocrx_word' id='word_1_528' title='bbox 1417 3051 1687 3104; x_wconf 85' lang='lat' dir='ltr'>Carthaginian</span> <span class='ocrx_word' id='word_1_529' title='bbox 1700 3066 1742 3090; x_wconf 88' lang='lat' dir='ltr'>or</span> <span class='ocrx_word' id='word_1_530' title='bbox 1754 3053 1871 3092; x_wconf 71' lang='lat' dir='ltr'>l&#39;unic</span> <span class='ocrx_word' id='word_1_531' title='bbox 1886 3057 1971 3092; x_wconf 84' lang='lat' dir='ltr'>An-</span> 
     </span>
     <span class='ocr_line' id='line_1_61' title="bbox 1119 3106 1970 3152; baseline 0.002 -10"><span class='ocrx_word' id='word_1_532' title='bbox 1119 3106 1237 3151; x_wconf 79' lang='lat' dir='ltr'>nibal,</span> <span class='ocrx_word' id='word_1_533' title='bbox 1258 3106 1457 3151; x_wconf 81' lang='lat' dir='ltr'>Asdrubal,</span> <span class='ocrx_word' id='word_1_534' title='bbox 1487 3113 1527 3143; x_wconf 84' lang='lat' dir='ltr'>to</span> <span class='ocrx_word' id='word_1_535' title='bbox 1546 3106 1732 3152; x_wconf 73' lang='lat' dir='ltr'>Annibas,</span> <span class='ocrx_word' id='word_1_536' title='bbox 1755 3106 1938 3144; x_wconf 87' lang='lat' dir='ltr'>Asdrubas</span> <span class='ocrx_word' id='word_1_537' title='bbox 1957 3120 1970 3144; x_wconf 65' lang='grc' dir='ltr'><strong>ε</strong></span> 
     </span>
     <span class='ocr_line' id='line_1_62' title="bbox 1118 3158 1972 3207; baseline 0 -12"><span class='ocrx_word' id='word_1_538' title='bbox 1118 3171 1156 3195; x_wconf 85' lang='lat' dir='ltr'>as</span> <span class='ocrx_word' id='word_1_539' title='bbox 1183 3159 1271 3206; x_wconf 83' lang='lat' dir='ltr'>also,</span> <span class='ocrx_word' id='word_1_540' title='bbox 1293 3159 1357 3196; x_wconf 84' lang='lat' dir='ltr'>the</span> <span class='ocrx_word' id='word_1_541' title='bbox 1384 3160 1536 3204; x_wconf 64' lang='lat' dir='ltr'>saxons,</span> <span class='ocrx_word' id='word_1_542' title='bbox 1557 3158 1694 3207; x_wconf 84' lang='lat' dir='ltr'>having</span> <span class='ocrx_word' id='word_1_543' title='bbox 1724 3159 1881 3197; x_wconf 86' lang='lat' dir='ltr'>subdued</span> <span class='ocrx_word' id='word_1_544' title='bbox 1907 3159 1972 3196; x_wconf 82' lang='lat' dir='ltr'>the</span> 
     </span>
     <span class='ocr_line' id='line_1_63' title="bbox 1118 3212 1970 3259; baseline 0.001 -11"><span class='ocrx_word' id='word_1_545' title='bbox 1118 3212 1281 3259; x_wconf 87' lang='lat' dir='ltr'>Britons‚</span> <span class='ocrx_word' id='word_1_546' title='bbox 1301 3212 1481 3249; x_wconf 81' lang='lat' dir='ltr'>mollified</span> <span class='ocrx_word' id='word_1_547' title='bbox 1497 3212 1562 3249; x_wconf 81' lang='lat' dir='ltr'>the</span> <span class='ocrx_word' id='word_1_548' title='bbox 1581 3225 1709 3250; x_wconf 79' lang='lat' dir='ltr'>names</span> <span class='ocrx_word' id='word_1_549' title='bbox 1725 3212 1970 3258; x_wconf 80' lang='lat' dir='ltr'>Oxenfordia,</span> 
     </span>
     <span class='ocr_line' id='line_1_64' title="bbox 1118 3264 1973 3312; baseline 0 -10"><span class='ocrx_word' id='word_1_550' title='bbox 1118 3265 1394 3311; x_wconf 84' lang='lat' dir='ltr'>Raufchestria,</span> <span class='ocrx_word' id='word_1_551' title='bbox 1411 3274 1449 3302; x_wconf 87' lang='lat' dir='ltr'>to</span> <span class='ocrx_word' id='word_1_552' title='bbox 1468 3266 1631 3312; x_wconf 82' lang='lat' dir='ltr'>Oxonia,</span> <span class='ocrx_word' id='word_1_553' title='bbox 1651 3264 1786 3303; x_wconf 80' lang='lat' dir='ltr'>Roffa=</span> <span class='ocrx_word' id='word_1_554' title='bbox 1806 3274 1871 3302; x_wconf 88' lang='lat' dir='ltr'>not</span> <span class='ocrx_word' id='word_1_555' title='bbox 1891 3267 1973 3304; x_wconf 86' lang='lat' dir='ltr'>that</span> 
     </span>
     <span class='ocr_line' id='line_1_65' title="bbox 1119 3318 1972 3364; baseline 0.002 -10"><span class='ocrx_word' id='word_1_556' title='bbox 1119 3318 1365 3364; x_wconf 78' lang='lat' dir='ltr'>Oxenfordia‚</span> <span class='ocrx_word' id='word_1_557' title='bbox 1402 3318 1661 3356; x_wconf 77' lang='lat' dir='ltr'>Raufchestria</span> <span class='ocrx_word' id='word_1_558' title='bbox 1698 3331 1794 3355; x_wconf 80' lang='lat' dir='ltr'>were</span> <span class='ocrx_word' id='word_1_559' title='bbox 1830 3318 1972 3356; x_wconf 75' lang='lat' dir='ltr'>‘British</span> 
     </span>
     <span class='ocr_line' id='line_1_66' title="bbox 1118 3370 1972 3420; baseline 0.001 -12"><span class='ocrx_word' id='word_1_560' title='bbox 1118 3384 1260 3418; x_wconf 72' lang='lat' dir='ltr'>rames,</span> <span class='ocrx_word' id='word_1_561' title='bbox 1294 3373 1359 3408; x_wconf 83' lang='lat' dir='ltr'>but</span> <span class='ocrx_word' id='word_1_562' title='bbox 1391 3371 1520 3409; x_wconf 85' lang='lat' dir='ltr'>indeed</span> <span class='ocrx_word' id='word_1_563' title='bbox 1539 3383 1634 3408; x_wconf 81' lang='lat' dir='ltr'>were</span> <span class='ocrx_word' id='word_1_564' title='bbox 1664 3370 1824 3419; x_wconf 79' lang='lat' dir='ltr'>brought</span> <span class='ocrx_word' id='word_1_565' title='bbox 1842 3371 1886 3420; x_wconf 83' lang='lat' dir='ltr'>by</span> <span class='ocrx_word' id='word_1_566' title='bbox 1906 3371 1972 3409; x_wconf 87' lang='lat' dir='ltr'>the</span> 
     </span>
     <span class='ocr_line' id='line_1_67' title="bbox 1118 3423 1974 3472; baseline 0.002 -13"><span class='ocrx_word' id='word_1_567' title='bbox 1118 3426 1257 3462; x_wconf 73' lang='lat' dir='ltr'>Saxons</span> <span class='ocrx_word' id='word_1_568' title='bbox 1273 3423 1650 3472; x_wconf 79' lang='lat' dir='ltr'>fromGermany(f0r</span> <span class='ocrx_word' id='word_1_569' title='bbox 1661 3423 1765 3461; x_wconf 84' lang='lat' dir='ltr'>there</span> <span class='ocrx_word' id='word_1_570' title='bbox 1782 3437 1842 3460; x_wconf 88' lang='lat' dir='ltr'>are</span> <span class='ocrx_word' id='word_1_571' title='bbox 1854 3433 1974 3461; x_wconf 81' lang='lat' dir='ltr'>towns</span> 
     </span>
     <span class='ocr_line' id='line_1_68' title="bbox 1115 3476 1973 3523; baseline 0.003 -10"><span class='ocrx_word' id='word_1_572' title='bbox 1115 3477 1161 3514; x_wconf 81' lang='lat' dir='ltr'>of</span> <span class='ocrx_word' id='word_1_573' title='bbox 1183 3478 1248 3515; x_wconf 84' lang='lat' dir='ltr'>the</span> <span class='ocrx_word' id='word_1_574' title='bbox 1275 3478 1371 3515; x_wconf 88' lang='lat' dir='ltr'>same</span> <span class='ocrx_word' id='word_1_575' title='bbox 1391 3490 1500 3514; x_wconf 83' lang='lat' dir='ltr'>name</span> <span class='ocrx_word' id='word_1_576' title='bbox 1517 3476 1640 3523; x_wconf 68' lang='lat' dir='ltr'>there)</span> <span class='ocrx_word' id='word_1_577' title='bbox 1672 3478 1741 3514; x_wconf 90' lang='lat' dir='ltr'>and</span> <span class='ocrx_word' id='word_1_578' title='bbox 1760 3477 1973 3516; x_wconf 79' lang='lat' dir='ltr'>afterwards</span> 
     </span>
     <span class='ocr_line' id='line_1_69' title="bbox 1117 3529 1973 3584; baseline -0.001 -16"><span class='ocrx_word' id='word_1_579' title='bbox 1117 3531 1301 3569; x_wconf 83' lang='lat' dir='ltr'>mollified</span> <span class='ocrx_word' id='word_1_580' title='bbox 1321 3532 1365 3584; x_wconf 76' lang='lat' dir='ltr'>by</span> <span class='ocrx_word' id='word_1_581' title='bbox 1387 3530 1462 3573; x_wconf 61' lang='lat' dir='ltr'>,the</span> <span class='ocrx_word' id='word_1_582' title='bbox 1492 3530 1644 3580; x_wconf 73' lang='lat' dir='ltr'>English</span> <span class='ocrx_word' id='word_1_583' title='bbox 1663 3530 1774 3580; x_wconf 79' lang='lat' dir='ltr'>being</span> <span class='ocrx_word' id='word_1_584' title='bbox 1797 3542 1901 3570; x_wconf 80' lang='lat' dir='ltr'>more</span> <span class='ocrx_word' id='word_1_585' title='bbox 1919 3529 1973 3568; x_wconf 83' lang='lat' dir='ltr'>ci-</span> 
     </span>
     <span class='ocr_line' id='line_1_70' title="bbox 1115 3583 1603 3622; baseline 0.006 -1"><span class='ocrx_word' id='word_1_586' title='bbox 1115 3583 1267 3622; x_wconf 82' lang='lat' dir='ltr'>vilized.</span> <span class='ocrx_word' id='word_1_587' title='bbox 1598 3586 1603 3589; x_wconf 75' lang='grc'><strong>’</strong></span> 
     </span>
    </p>
   </div>
   <div class='ocr_carea' id='block_1_10' title="bbox 1928 3660 1994 3720">
    <p class='ocr_par' dir='ltr' id='par_1_14' title="bbox 1928 3660 1994 3720">
     <span class='ocr_line' id='line_1_71' title="bbox 1928 3660 1994 3720; baseline 0.03 -13"><span class='ocrx_word' id='word_1_588' title='bbox 1928 3660 1994 3720; x_wconf 55' lang='lat' dir='ltr'>iu⁴</span> 
     </span>
    </p>
   </div>
  </div>
 </body>
</html>
