1994 3833
157 140 288 205 592
465 120 833 185 RERUM
928 117 1616 185 Sco‘rrcARUM

144 215 309 278 Nonas
334 217 528 280 Augusti
559 214 696 262 Limn
708 215 814 262 uehi
837 216 998 277 praesto
1021 217 1158 262 essent
1178 217 1243 273 ,ad
1279 214 1576 277 impedienda
1609 217 1918 269 seditiosorum

140 280 336 328 comitia
367 281 562 342 Reginae
585 280 770 326 nomine
792 279 982 326 indicta.
1041 280 1225 330 Deinde
1245 279 1459 326 ordinum
1484 293 1757 328 conventum
1780 286 1920 347 Regis

149 345 333 393 nomine
353 344 519 392 indixit
540 344 586 389 in
605 342 838 390 decimum
863 344 1083 390 Octobris
1106 344 1246 391 diem.
1281 344 1411 390 Mifit
1433 360 1617 407 quoque
1640 346 1696 391 ad
1721 348 1835 393 arcis
1857 351 1920 395 E-

148 408 481 470 dimburgenfis
496 407 779 468 praefectum,
793 408 877 471 qui
889 408 1039 454 adhuc
1053 408 1252 471 partium
1271 408 1519 471 Regiarum
1535 408 1730 454 studium
1749 411 1921 460 strenue

150 473 405 526 fimulabat,
429 487 692 534 quanquam
716 489 874 519 omnes
896 473 992 533 ejus
1011 473 1214 519 actiones
1236 473 1440 519 animum
1465 472 1523 518 ab
1544 471 1749 520 oratione
1773 475 1920 521 osten·
1939 508 1943 511 «

149 539 309 584 derent
342 536 559 582 alienum.
628 537 706 582 Ab
727 554 783 583 eo
819 538 1003 599 petebat
1043 538 1274 583 machinas
1310 533 1486 599 aliquot
1522 546 1686 589 aenea3‚
1725 553 1920 600 appara-

148 616 340 663 tumque
390 600 447 645 ad
471 615 543 645 eas
568 603 824 647 tractandas
860 601 1169 655 necessarium,
1195 601 1341 664 magis
1367 613 1415 647 ut
1437 601 1638 647 animum
1660 600 1756 661 ejus
1781 604 1925 648 nuda·

148 678 234 720 ret,
254 681 391 726 quam
416 663 490 726 spe
513 665 640 726 quod
665 666 903 726 petebatur
924 665 1218 727 impetrandi.
1287 666 1372 711 Ille
1395 681 1497 711 cum
1522 665 1656 710 initio
1680 665 1780 711 satis
1803 667 1922 712 libe.

147 730 300 775 raliter
332 728 612 791 promisisset,
653 743 898 791 appetente
929 730 1223 776 comitiorum
1255 730 1329 775 die
1363 728 1575 791 promissa
1606 728 1917 792 flagitantibus
1960 753 1966 769 ι

146 793 440 855 impudenter
457 793 693 840 recusavit.
730 796 866 840 Suam
887 795 1007 840 euim
1029 810 1217 856 operam
1235 795 1292 840 ad
1309 793 1921 856 concordiamjungendam,

148 875 239 904 non
260 858 316 903 ad
337 857 620 903 fundendum
643 860 880 905 Scotorum
896 858 1162 921 sanguinem
1180 858 1355 919 semper
1368 858 1465 904 fore
1482 870 1701 920 paratam.
1735 858 1924 904 Nihilo-2

151 923 303 968 minus
336 923 503 968 Prorex
526 923 583 968 ad
606 922 728 968 diem
764 922 1073 969 Limnuchum
1098 923 1224 969 venit
1246 923 1453 985 quinque
1491 922 1696 968 millibus
1719 936 1920 968 armato-

146 986 530 1046 rum-comitatu&
601 988 687 1033 Sed
711 988 817 1034 cum
841 988 957 1034 nihil
981 988 1037 1033 ab
1055 988 1255 1034 hostibus
1280 987 1453 1034 moveri
1475 986 1668 1039 audiret,
1693 986 1773 1032 nifi
1794 988 1922 1048 quod

148 1050 362 1099 Erechini
384 1051 441 1096 ab
467 1052 690 1098 Huntlaeo
710 1067 895 1099 centum
917 1053 1148 1115 sexaginta
1177 1050 1444 1098 mercenarii
1466 1050 1679 1097 collocati
1699 1065 1844 1103 erant,
1869 1064 1920 1096 ac

149 1116 352 1179 edictum
372 1117 671 1178 propofitum,
696 1128 743 1162 ut
762 1118 1080 1163 Brechinenles
1100 1117 1410 1179 providerent,
1429 1127 1478 1162 ut
1499 1116 1553 1162 ad
1577 1127 1790 1178 quartum
1814 1115 1924 1161 Idus

149 1177 347 1243 Augusti
382 1192 666 1227 commeatus
704 1181 803 1227 illic
839 1182 1017 1243 aliquot
1055 1182 1260 1228 millibus
1299 1180 1537 1227 hominum
1583 1179 1688 1226 esset
1723 1192 1923 1240 paratus,

150 1242 416 1291 Praesidiarii
439 1245 496 1289 'ab
518 1261 574 1290 eo
596 1245 744 1292 relicti
763 1262 852 1293 non
878 1246 1017 1292 modo
1047 1247 1187 1300 cives,
1212 1247 1285 1293 sed
1307 1262 1466 1291 omnes
1484 1243 1623 1291 etiam
1646 1256 1922 1306 praetereun-

150 1322 215 1356 tes
240 1309 479 1356 itineribus
501 1308 680 1365 inseffis,
702 1310 971 1372 spoliabant.
1039 1307 1207 1358 Prore'x
1230 1311 1286 1357 de
1308 1309 1483 1357 consilii
1504 1308 1721 1362 sententia
1741 1310 1796 1355 εὸ
1819 1324 1925 1371 proa-
1954 1309 1960 1319 ”

152 1373 288 1420 ficisci
310 1373 461 1421 statui-t
487 1391 497 1419 :
542 1387 591 1421 ut
620 1387 724 1421 ante
748 1375 962 1422 Huntlaei
983 1376 1231 1422 adventum
1255 1376 1409 1421 locum
1432 1383 1679 1436 occuparet
1702 1373 1758 1418 ad
1781 1373 1927 1419 multa

150 1440 447 1486 commodum
481 1456 492 1484 :
529 1442 579 1487 Sc
616 1438 700 1494 ibi,
727 1440 756 1485 fi
780 1441 949 1486 neceffe
981 1442 1102 1494 effet,
1139 1452 1243 1486 ante
1265 1455 1403 1501 quam
1426 1438 1614 1501 reliquae
1637 1437 1923 1483 adversarum

149 1505 349 1564 partium
370 1500 514 1564 copiae
537 1504 852 1559 convenirent,
877 1520 982 1550 cum
1005 1521 1060 1551 eo
1085 1504 1245 1566 praelio
1267 1504 1545 1557 decerneret,
1565 1502 1784 1563 illamque
1807 1500 1924 1546 sclo-
1982 1504 1985 1510 '

150 1568 445 1628 petar-iorum,
465 1583 604 1627 quam
628 1584 765 1614 unam
787 1568 1035 1622 habebant,
1062 1585 1247 1615 manum
1271 1568 1460 1621 deleret,
1486 1571 1525 1613 &
1548 1566 1761 1614 factionis
1785 1565 1925 1611 duces

142 1632 370 1693 >*quosdam
405 1636 530 1693 (nam
553 1632 759 1678 audierat
783 1632 851 1678 ibi
870 1633 955 1680 esse
979 1632 1236 1679 Crafordiae
1260 1631 1513 1685 Comitem,
1539 1635 1585 1680 ὅ(
1610 1629 1831 1676 Iacobum
1855 1630 1927 1676 O·

151 1696 368 1759 gilvium,
393 1702 431 1743 δι
453 1697 671 1742 Iacobum
694 1695 968 1755 Balfurium)
994 1699 1051 1744 de
1074 1695 1319 1758 improviso
1343 1695 1639 1758 opprimeret.
1933 1730 1935 1732 -

161 1819 165 1823 q
193 1814 196 1815 ⁷
219 1762 375 1808 XXII.
408 1760 556 1824 Igitur
578 1761 777 1808 Patricio
799 1761 1030 1816 Lindesio,
1069 1765 1118 1811 ὃς
1143 1761 1384 1807 Gulielmo
1408 1762 1604 1807 Ruveno
1628 1758 1826 1821 supremi
1850 1774 1927 1806 or-

147 1824 290 1879 dinis,
316 1831 355 1872 δι
378 1826 549 1872 Iacobo
572 1826 890 1872 Haliburtono
916 1827 1137 1888 praefecto
1160 1824 1382 1872 Taoduni
1403 1823 1650 1886 praemilliS,
1685 1835 1734 1869 ut
1755 1836 1927 1886 quanta

151 1891 326 1951 pollent
346 1889 576 1936 celeritate
595 1891 815 1954 affumpta
831 1890 1074 1951 juventute
1092 1889 1332 1944 Taoduni,
1355 1894 1394 1935 &
1413 1888 1568 1935 Perthi
1590 1904 1792 1934 rumores
1810 1904 1927 1948 prae-

151 1954 376 2001 venirent.
445 1955 514 2001 Hi
548 1971 811 2017 quanquam
836 1956 894 2001 ad
929 1955 1208 2002 celeri-tatem
1236 1954 1351 2000 nihil
1386 1953 1468 2000 fibi
1501 1952 1669 2015 reliqui
1705 1949 1924 2006 fecissent,

151 2034 205 2066 ac
235 2019 443 2081 proxima
467 2031 601 2066 nocte
623 2019 808 2065 sublatis
831 2019 1043 2081 ineqnos
1067 2018 1301 2082 peditibus
1325 2018 1611 2072 festinassent,
1635 2032 1741 2062 cum
1757 2016 1854 2077 jam
1877 2015 1928 2063 in

152 2084 416 2146 propinquo
439 2085 595 2138 essent,
633 2099 685 2130 ac
709 2082 901 2130 lentiore
923 2084 1067 2147 gradu
1093 2084 1376 2135 incederent,
1402 2099 1457 2128 ne
1480 2078 1660 2144 fatigati
1682 2097 1738 2128 ex
1760 2079 1927 2127 itinere

146 2149 206 2194 ad
225 2150 399 2195 hostem
432 2160 662 2195 recentem
696 2149 1002 2210 pervenirent,
1041 2148 1243 2212 trepidus
1267 2146 1543 2194 Brechinum
1575 2144 1768 2191 nuncius
1792 2145 1927 2191 affer-

151 2225 240 2266 tur,
267 2206 411 2260 hostes
436 2214 597 2261 adeffe.
666 2212 901 2276 Ogilvius,
927 2219 965 2260 δι
990 2212 1234 2267 BalfuriuS,
1259 2211 1341 2274 qui
1361 2211 1480 2257 forte
1501 2211 1705 2264 aderant,
1731 2209 1928 2255 militem

151 2277 367 2332 breviter,
403 2294 455 2324 ac
476 2294 559 2341 pro
584 2290 793 2340 ternpore
820 2277 1011 2324 allocuti
1035 2278 1158 2324 bono
1188 2277 1344 2323 animo
1366 2275 1449 2321 effe
1464 2275 1663 2336 jubent:
1704 2273 1824 2319 intra
1847 2272 1928 2320 tri-

150 2338 294 2388 duum
315 2342 356 2389 se
375 2357 482 2389 cum
501 2343 726 2390 Hu-ntlaeo
745 2342 987 2397 rediturOS,
1001 2341 1248 2404 'statim-que
1271 2340 1402 2404 equis
1422 2338 1668 2386 conscensis
1686 2353 1767 2401 per
1789 2342 1929 2400 pr'ox..

151 2406 269 2454 imos
295 2419 472 2455 montes
510 2407 568 2454 ad
590 2407 689 2454 suos
729 2407 1030 2454 contendunt.
1094 2406 1278 2454 -Mi-l-ites
1316 2403 1467 2451 relicti
1503 2403 1631 2465 quod
1664 2403 1834 2464 cuique
1868 2403 1928 2454 ad

152 2478 476 2526 manumerat,
517 2471 762 2534 diripiunt.
829 2473 1000 2518 Eorum
1035 2470 1216 2518 circiter
1237 2468 1405 2532 viginti
1440 2468 1603 2516 turrim
1625 2467 1788 2529 templi
1821 2483 1931 2529 pros

149 2536 373 2598 pinquam
405 2550 649 2598 occupant.
719 2535 891 2582 Caeteri
920 2536 968 2582 in
993 2538 1112 2582 aedes
1146 2537 1216 2596 (1)
1251 2533 1449 2583 Comitis
1483 2531 1688 2587 Marriae,
1718 2546 1823 2593 quae
1856 2548 1928 2576 ar-

149 2600 217 2646 cis
241 2600 375 2646 instar
397 2600 444 2647 in
469 2601 682 2663 proximo
718 2602 898 2646 tumulo
923 2601 1013 2646 fitae
1039 2600 1215 2663 oppido
1238 2598 1499 2652 imminent,
1537 2595 1830 2658 confugiunt.
1856 2596 1928 2641 Ia-
1960 2612 1963 2619 ·

151 2663 294 2711 cobus
313 2664 573 2728 Duglassius
592 2664 820 2711 Mortonii
841 2667 1010 2711 Comes
1034 2680 1137 2710 cum
1161 2663 1442 2727 octingentis
1464 2660 1695 2724 equitibus
1719 2660 1929 2721 longiore
1966 2679 1971 2684 ·

151 2727 227 2775 via
249 2729 420 2776 ducens
456 2728 671 2791 postridie
705 2728 850 2775 affuit.
921 2730 1090 2775 Prorex
1115 2728 1301 2775 dimiffis
1334 2727 1525 2774 domum
1560 2722 1843 2778 Levinianis‚
1878 2728 1931 2772 δε
1976 2725 1994 2781 J

151 2791 447 2847 Renfroanis,
476 2804 524 2839 ut
547 2793 633 2839 suis
655 2794 774 2856 agris
798 2792 1007 2855 praefidio
1029 2795 1183 2846 eli-ent,
1211 2793 1239 2838 ss
1262 2791 1376 2855 quid
1398 2792 1457 2838 ab
1480 2787 1750 2853 Argathelia
1773 2803 1927 2833 move-

150 2870 294 2913 retur,
335 2857 428 2921 ipse
452 2856 588 2904 tertio
610 2857 685 2904 die
716 2857 991 2904 Brechinum
1015 2858 1261 2919 -praemiffos
1285 2855 1545 2918 assequitur.
1615 2854 1686 2914 (2)
1726 2853 1847 2898 Cum
1870 2853 1929 2898 ad
1969 2876 1978 2882 ·

151 2939 385 2970 rumorem
409 2923 631 2969 adventus
652 2921 750 2982 ejus
770 2919 986 2968 nobilitas
1011 2922 1035 2968 ὲ
1057 2921 1223 2968 vicinis
1247 2919 1368 2984 agris
1391 2919 1658 2972 conflueret,
1681 2932 1735 2963 ac
1751 2916 1847 2976 jam
1871 2916 1957 2963 ad:

152 2987 326 3049 septem
351 2986 496 3033 millia
519 2998 800 3033 armatorum
833 2984 882 3031 in
903 2985 1052 3032 castris
1077 2985 1380 3040 censerentur,
1405 2983 1487 3046 qui
1509 2982 1557 3030 in
1581 2981 1697 3033 turri
1714 2979 1846 3027 sacrae
1868 2995 1927 3025 ae-

151 3051 222 3097 dis
241 3062 388 3106 erant,
427 3049 576 3098 statim
599 3050 887 3097 deditionem
912 3049 1135 3097 fecerunt.
1203 3048 1394 3111 Reliqui
1416 3065 1522 3095 cum
1558 3042 1617 3094 ad
1636 3059 1808 3108 paucos
1831 3043 1928 3090 dies

151 3117 195 3162 {e
217 3115 318 3163 satis
340 3114 505 3162 acriter
526 3114 842 3170 defendissent,
859 3130 916 3169 ,ac
938 3115 1204 3170 nonnullos,
1226 3113 1307 3177 qui
1326 3111 1554 3161 incautius
1577 3110 1804 3162 subibant,
1825 3120 1949 3179 par-3
1967 3128 1973 3135 ·

151 3179 237 3226 tim
258 3178 545 3234 occidissent,
586 3179 755 3242 partim
776 3179 1097 3234 vulnerassent,
1132 3179 1319 3226 tandem
1348 3176 1506 3224 audito
1531 3191 1676 3222 aeneas
1698 3173 1965 3244 machina-st.¹

152 3244 406 3298 admoveri,
431 3247 480 3294 ὃς
503 3243 546 3290 se
567 3245 626 3290 ab
662 3244 887 3290 Huntlaeo
909 3242 1147 3291 destitutos
1163 3243 1272 3298 effe,
1308 3245 1359 3293 ὃς
1378 3241 1462 3304 ipsi
1482 3239 1672 3303 Proregi
1697 3237 1739 3283 se
1761 3251 1930 3300 pei-rni-
1955 3243 1963 3303 J

155 3307 325 3356 serunt,
347 3314 354 3318 “
393 3309 438 3355 Is
461 3306 672 3373 triginta,
703 3307 785 3371 qui
804 3307 1030 3371 plaerique
1052 3306 1176 3371 capti
1197 3318 1348 3363 antea,
1372 3322 1426 3354 ac
1446 3304 1610 3352 dimiffi
1633 3303 1828 3356 fuerant,
1854 3307 1941 3353 aut„
1963 3314 1966 3315 ⁷

209 3424 273 3473 (1)
302 3425 390 3464 T‘ne
428 3426 564 3476 barony
587 3427 633 3465 of
647 3426 811 3465 Brechin
839 3426 1019 3475 belonged
1072 3427 1118 3465 of
1130 3427 1324 3476 Pittodry=
1345 3425 1440 3464 after
1457 3423 1555 3471 that,
1571 3418 1661 3461 Mar
1676 3422 1752 3461 sold
1764 3419 1795 3458 it
1810 3417 1931 3459 tothe

154 3485 195 3517 ω
213 3478 258 3515 fir
274 3478 446 3515 Thomas
469 3480 625 3517 Erikine
661 3481 837 3530 secretary
854 3490 893 3517 to
923 3479 1019 3528 king
1073 3481 1149 3518 earl
1167 3480 1212 3518 of
1225 3480 1427 3517 Panmure.
1843 3478 1846 3483 ’

153 3531 281 3582 James
297 3543 331 3581 5.
348 3530 403 3568 see
420 3532 486 3568 lib.
506 3544 567 3580 14.
581 3547 664 3581 cap.
680 3533 836 3593 57.who
845 3533 1021 3573 excamb-
1131 3533 1195 3582 (2)
1210 3532 1310 3570 This
1327 3533 1358 3572 is
1369 3531 1585 3581 commonly
1599 3528 1715 3568 “ned
1730 3525 1794 3565 the
1808 3522 1931 3584 1³0qu

154 3585 198 3621 ed
217 3584 246 3624 it
264 3583 359 3623 with
379 3583 444 3622 the
462 3587 536 3625 earl
555 3586 599 3626 of
611 3586 698 3627 Mar
720 3586 778 3627 for
796 3586 861 3627 the
884 3586 1020 3638 barony
1074 3585 1119 3627 of
1133 3585 1310 3641 Brecpin.
1884 3586 1934 3619 ¹¹¹
