2106 3838
198 176 283 252 34
501 162 857 228 RERUM
951 154 1651 225 S-co‘rrcanum

199 257 417 321 gitemus,
435 258 615 323 quoties
636 261 683 307 in
712 256 946 306 manifesto
967 271 1117 302 errore
1134 256 1533 318 deprehendantur
1555 255 1794 317 scriptores
1817 267 1967 300 rerum

202 335 462 384 genarum:
503 324 682 386 quoties
721 334 898 374 nutent,
936 319 1163 372 dubitent,
1204 320 1424 366 aestuent:
1457 331 1679 382 quantum
1704 333 1804 370 ,non
1830 319 1969 362 modo

206 387 286 432 alii
323 389 380 433 ab
403 387 502 434 aliis
540 388 813 438 dissentiant,
847 385 919 429 sed
957 386 1007 431 &
1047 381 1129 444 ipsi
1154 382 1235 428 fibi
1260 383 1373 445 saepe
1396 399 1485 429 non
1510 384 1723 430 constent.
1794 382 1912 428 Haec
1939 381 1970 426 fi

204 451 483 513 contingunt
507 448 552 498 iis
566 487 576 503 ‚
594 451 673 513 qui
694 465 859 510 magno
879 448 1031 493 labore
1050 445 1096 491 in
1118 445 1311 492 studium
1323 445 1523 493 veritatis
1543 446 1834 498 incumbunt,
1853 443 1971 505 quid

205 515 267 560 ab
289 515 378 561 illis
401 517 665 578 sperandum
691 514 767 565 est,
800 511 878 573 qni
902 511 991 556 fine
1015 509 1245 556 literarum
1268 509 1440 555 auxilio
1477 514 1590 572 (quo
1609 510 1691 573 qni
1715 523 1885 555 temere
1906 506 1973 552 la·

208 578 379 630 ‚buntur
401 579 556 641 possint
574 576 704 638 erigi,
787 577 843 621 de
862 573 1080 621 industria
1097 572 1367 620 mentientes
1384 573 1617 636 redargui)
1639 573 1718 619 soli
1737 571 1977 619 confidunt

210 659 376 689 memor
410 665 438 689 ἀ»
463 647 479 687 ἱ
520 643 585 688 Ut
609 639 817 686 omittam
842 640 969 701 quod
991 655 1044 684 ea
1063 637 1240 684 incultu
1266 636 1403 684 soleat
1424 635 1653 690 imminui,
1677 641 1718 683 &
1742 647 1872 682 aetate
1896 635 1975 680 de·

205 706 404 761 ssbjssimri,
431 712 468 752 «ζ’-5»
503 706 661 751 morbo
684 703 862 764 penitus
886 700 1114 764 extingui.
1184 701 1259 748 Ad
1284 701 1379 748 haec
1404 701 1434 747 si
1473 700 1662 746 accedat
1699 701 1770 758 (ut
1794 699 1843 743 fit
1866 698 1977 759 pla:-

207 786 279 818 rur
302 774 409 831 que)
438 770 634 831 patronis
656 767 731 812 ad.
750 767 873 813 landi
897 766 1110 821 studium,
1130 778 1210 811 aut
1230 763 1427 811 diacedat
1449 761 1727 825 obseqoendi
1750 760 1977 814 voluntas&

213 848 289 879 aut
312 832 581 879 interveniat
600 832 679 882 ira,
704 830 881 884 odium,
905 830 1096 879 invidia,
1116 847 1216 892 quae
1235 827 1375 875 animi
1391 827 1617 889 judicium
1637 826 1779 871 solent
1797 839 1980 886 perver-

213 911 255 943 ι(-
266 915 325 944 rc,
350 898 451 958 quis
475 907 637 942 audeat
662 910 717 940 ex
737 894 897 940 horum
922 893 1188 940 aufioritate
1209 891 1457 954 quicquam
1486 907 1570 954 pro
1591 905 1699 936 vero
1742 889 1981 941 affirmare,

213 977 289 1006 aut
316 981 393 1007 teu
419 961 577 1007 falsum
600 958 837 1006 refellere?
863 973 940 1004 aut
958 957 1059 1020 quis
1084 972 1165 1019 pro
1187 968 1311 1001 certo
1334 957 1498 1009 tradet,
1520 953 1644 1017 quod
1671 953 1697 998 a
1719 964 1811 998 tarn
1834 951 1981 997 incer-

217 1025 272 1070 tis
293 1025 548 1071 auctoribm
582 1021 808 1085 acceperit
832 1026 851 1069 ἓ
915 1024 967 1068 ln
1003 1034 1130 1068 tanto
1152 1019 1294 1083 igitur
1330 1018 1597 1081 scriptorum
1623 1029 1826 1062 veterum
1852 1017 1982 1062 silen-

211 1087 285 1135 -tio
306 1106 452 1136 rerum
476 1087 784 1151 antiquarum,
825 1091 871 1135 ἃ
896 1085 982 1132 sua:
1007 1086 1274 1148 plaerunque
1294 1082 1441 1129 aetatis
1464 1079 1739 1144 ignorantia,
1769 1076 1848 1124 ubi
1871 1079 1985 1125 nihil

219 1152 461 1215 comperti,
505 1152 618 1199 nih.l
645 1151 907 1197 sinceriesse
930 1149 1089 1212 potest,
1121 1147 1363 1194 modestius
1388 1148 1474 1193 esse
1497 1162 1596 1192 reor
1616 1160 1718 1207 quae
1742 1141 1910 1189 nescias
1930 1143 1985 1189 sr-

210 1217 358 1263 'lendo
383 1218 545 1279 pudori
579 1215 758 1269 servire,
784 1231 921 1276 quam
947 1213 1055 1259 falsa
1083 1211 1470 1259 comminiscendo
1504 1222 1626 1255 tuam
1652 1205 1986 1270 impudentiam

210 1298 433 1346 ¹‘pr-ogere,
524 1279 714 1326 aliorum
734 1278 911 1338 judicia
931 1290 1238 1323 contemnere.
1301 1274 1438 1338 Apud
1455 1290 1620 1321 omnes
1645 1271 1786 1334 igitur
1811 1270 1987 1318 Britan·

222 1363 385 1392 n‹·rum
409 1344 612 1392 nationes
634 1357 759 1390 tanta
777 1342 1142 1402 suitscriptorum
1167 1339 1370 1402 penuria,
1399 1352 1445 1385 ut
1468 1351 1571 1384 ante
1595 1338 1907 1383 Romanorum
1929 1336 1985 1381 il-

226 1412 303 1457 luc
326 1412 571 1456 adventum
593 1406 750 1455 omnia
772 1406 935 1453 silentii
956 1405 1085 1451 vastis
1101 1404 1297 1450 tenebris
1319 1398 1838 1465 consepultajacucrint,
1862 1415 1914 1445 ac
1938 1415 1993 1446 ne

225 1491 295 1521 res
317 1475 504 1536 quidem
528 1491 555 1520 a
576 1470 794 1520 Romanis
816 1471 880 1517 ibi
905 1470 1044 1531 gestas
1066 1469 1267 1523 aliunde,
1299 1483 1433 1530 quam
1460 1467 1485 1513 ὲ
1509 1463 1707 1518 Graecis‚
1732 1463 1993 1527 Latinisque

229 1555 336 1585 mon
363 1537 539 1586 -mentis
561 1537 778 1597 colligere
812 1533 1022 1598 possimus
1048 1553 1058 1580 :
1115 1549 1142 1580 o
1192 1549 1291 1596 qua-
1316 1534 1560 1578 adventum
1585 1545 1742 1576 eorum
1765 1530 1994 1590 praecesse-

228 1616 351 1656 runt,
377 1604 432 1648 de
468 1601 535 1648 his
575 1601 721 1663 magis
755 1616 913 1645 eorum
936 1596 1222 1658 conjeffiluris,
1262 1613 1399 1658 quam
1436 1594 1593 1642 nostris
1626 1595 1679 1640 stt
1715 1593 1995 1639 credendum

230 1666 519 1713 commentis.
589 1666 711 1711 Nam
735 1680 837 1725 quse
862 1663 994 1709 nostri
1018 1662 1252 1723 scriptores
1284 1660 1341 1706 de
1364 1660 1449 1705 sum
1471 1659 1659 1722 quisque
1682 1655 1996 1720 gentis-origi-

233 1748 289 1778 ne
315 1730 630 1793 prodiderunt,
654 1728 767 1774 adeo
789 1728 889 1773 sunt
914 1726 1119 1778 absurda,
1139 1738 1188 1770 ut
1211 1740 1300 1770 non
1324 1722 1621 1770 existimarem
1644 1720 1893 1768 refellenda
1914 1722 1998 1771 ess‘e

213 1791 519 1857 'diliyentiun
545 1794 624 1841 nisi
648 1793 800 1839 essent.
827 1791 907 1854 qui
929 1789 1017 1837 illis
1042 1787 1330 1841 commentis,
1354 1789 1481 1835 velut
1503 1787 1623 1834 seriis
1645 1785 1996 1840 obleetarentur,

234 1863 277 1911 ὅ·
305 1859 466 1906 alienis
491 1856 655 1920 plumis
678 1856 824 1903 ornati
849 1856 928 1902 s1bi
951 1853 1191 1918 magnifice
1215 1855 1458 1915 placerent.

302 1923 372 1970 ΠΙ
424 1924 526 1970 Nec
551 1921 790 1969 minimam
818 1920 865 1966 in
888 1920 975 1966 hoc
998 1918 1184 1980 negotio
1206 1916 1518 1964 difficultatem
1542 1916 1672 1963 affert
1689 1913 1999 1963 recentiorum

237 1988 506 2060 scriptorum
525 1987 698 2033 diversa
721 1984 993 2032 tradentium
1015 1997 1140 2030 tanta
1156 1983 1274 2029 inter
1294 1981 1338 2028 se
1359 1980 1600 2035 discordia,
1619 1995 1667 2028 ut
1689 1997 1778 2026 non
1802 1979 1935 2034 facile
1951 1980 2004 2026 sit

230 2053 438 2114 judicare
462 2069 599 2114 quem
625 2049 896 2113 potissimum
922 2049 1158 2111 sequamur
1191 2064 1202 2093 z
1253 2059 1380 2094 tanta
1395 2055 1502 2092 v'ero
1524 2043 1788 2098 absurdita5‚
1832 2058 1879 2090 ut
1901 2060 2000 2090 om-

216 2119 320 2164 'nes
341 2117 671 2181 propemodum
688 2115 790 2175 jure
810 2113 989 2177 optimo
1009 2113 1247 2158 videantur
1269 2109 1556 2173 repudiandi.
1609 2110 1777 2172 Neque
1798 2124 1887 2169 ego
1910 2122 2003 2154 tam

239 2180 443 2227 demiror
460 2194 662 2227 veterum
685 2179 729 2225 in
751 2196 795 2225 re
830 2191 921 2225 tam
945 2177 1129 2224 obscura
1153 2174 1398 2227 silentium,
1427 2189 1504 2221 aut
1525 2175 1826 2220 recentiorum
1850 2171 1896 2218 in
1922 2173 2005 2218 fin-

244 2248 397 2309 gendo
420 2244 708 2295 discordiam,
729 2260 864 2307 quarn
891 2257 1135 2303 paucorum
1160 2240 1432 2285 concordem
1457 2237 1804 2302 impudentiam.
1854 2236 1927 2282 De
1946 2236 2004 2282 il-

246 2311 300 2355 lis
334 2310 455 2356 enirn
498 2309 795 2371 tcmporibus,
831 2307 997 2370 quibus
1035 2305 1187 2352 omnia
1219 2317 1346 2350 erant
1383 2302 1623 2359 instabilia,
1718 2301 1892 2349 incerta
1914 2314 2005 2347 tam

247 2377 500 2420 constanter
533 2373 689 2420 omnia
727 2374 966 2424 affirmant,
993 2383 1041 2429 ut
1066 2368 1241 2416 aurium
1279 2368 1429 2430 potius
1454 2384 1612 2414 vanam
1636 2364 2007 2420 oblectationem,

245 2454 385 2500 quam
400 2437 671 2484 narrationis
697 2437 831 2483 fidem
855 2436 1060 2498 spec‘tass'e
1078 2435 1334 2480 videantur.
1386 2431 1549 2480 Primis
1569 2430 1692 2479 enim
1715 2429 2009 2492 flliatempo-

249 2501 375 2560 ribus
397 2517 502 2547 cum
529 2500 750 2552 l-iritar-nis
774 2501 960 2563 perinde
979 2515 1030 2546 ac
1048 2497 1260 2562 plurimis
1275 2496 1375 2543 aliis
1399 2495 1659 2543 nationibus
1678 2511 1800 2541 rarus
1822 2493 1939 2540 foret
1962 2511 2013 2540 a-

251 2565 320 2628 gri
344 2581 367 2611 c
392 2564 527 2612 feudi
553 2565 667 2620 usus,
706 2565 835 2612 diviti
853 2581 969 2626 vque
1001 2579 1160 2610 omnes
1198 2560 1245 2609 in
1267 2577 1430 2625 pecore
1462 2562 1616 2615 essent,
1655 2559 1864 2606 homines
1887 2557 2015 2605 nulla

247 2646 399 2677 rerum
423 2630 613 2680 suarum,
633 2645 737 2692 qua:
756 2645 898 2692 prope
921 2629 1056 2675 nulla:
1078 2638 1222 2680 erant,
1249 2627 1434 2673 caritate
1456 2623 1640 2679 imbuti,
1664 2624 1772 2670 dum
1791 2622 1862 2669 vel
1882 2638 2017 2685 apo-

224 2738 229 2742 .
252 2693 839 2756 tertioribuspellerentur,
875 2694 947 2739 vel
980 2692 1249 2738 infirmiores
1270 2690 1352 2753 ipsi
1375 2690 1616 2752 pellerent,
1636 2689 1707 2734 vel
1733 2686 1942 2735 uberiora
1964 2686 2015 2733 in

250 2759 369 2806 locis
386 2756 536 2812 vastis,
554 2763 591 2804 δι
608 2757 794 2804 incultis
805 2756 970 2827 pascua
982 2755 1275 2818 sequerentur
1289 2753 1430 2801 facile
1448 2753 1569 2800 sedes
1588 2750 1852 2799 mutabant:
1881 2750 2016 2810 facile
2085 2771 2091 2786 ·

224 2823 388 2872 -etiam
413 2821 670 2868 cum-novis
692 2820 891 2873 dominis
914 2818 1118 2866 locorum
1143 2818 1329 2866 nomina
1358 2819 1663 2869 mutabantur.
1709 2817 1910 2862 Multam
1931 2814 2016 2861 eti-

226 2922 231 2925 ·
252 2904 328 2935 am
346 2885 500 2933 attulit
518 2886 798 2931 difficultatis
820 2884 1160 2946 opulentiorum
1183 2883 1265 2930 illa
1285 2881 1495 2936 ambitio,
1509 2880 1609 2945 qui,
1633 2878 1699 2926 uti
1716 2878 1783 2925 sui
1801 2877 2016 2926 memori-

224 2968 326 3000 -am
352 2950 535 3013 posteris
556 2950 946 3003 commendarent,
967 2948 1190 3002 nationes,
1214 2945 1490 3010 provincias,
1518 2955 1561 2993 ὅς
1588 2943 1771 3008 oppida·
1802 2943 1850 2989 in
1887 2943 2016 2990 suum

254 3032 423 3064 nomen
446 3016 740 3078 adoptabant.
810 3012 1041 3060 Omnibus
1077 3011 1169 3058 fere
1189 3010 1377 3057 urbibus
1401 3007 1633 3082 Hispania:
1657 3008 1766 3054 bina
1787 3021 1915 3054 erant
1937 3023 2020 3054 no-

253 3081 398 3134 mina,
421 3079 631 3126 omnium
652 3079 698 3126 in
721 3077 880 3124 eadem
903 3078 1117 3132 cultores,
1141 3083 1168 3122 ὅ
1209 3089 1314 3121 cum
1335 3074 1587 3120 cultoribus
1612 3071 1811 3126 urbium,
1836 3077 1876 3118 δι
1900 3071 2020 3135 regi·

255 3159 396 3194 onum
420 3143 608 3190 nomina
628 3142 743 3206 saepe
766 3142 950 3196 fuerunt
971 3152 1161 3187 mutata.
1215 3137 1287 3187 Ut
1305 3153 1458 3186 autem
1472 3138 1751 3202 AEgyptum,
1763 3132 2018 3198 Graeciam,

257 3212 298 3265 ὃς
322 3205 647 3271 longinquiora
666 3206 953 3261 omittamus,
978 3204 1129 3253 nonne
1751 3252 1754 3253 ι
1774 3248 1777 3250 .
1939 3199 1942 3202 ’

397 3284 399 3286 ’
577 3280 650 3339 (ι)
686 3277 860 3341 Saepius
884 3283 925 3328 ἃ
956 3293 1123 3324 nomen
1147 3273 1529 3341 posuit-Saturnia
1547 3275 1684 3323 tellus
1706 3276 1727 3321 ἶ

230 3335 245 3374 .'
287 3326 290 3330 -
323 3349 518 3399 Accedit
540 3351 675 3413 >quod
720 3349 886 3399 eisdem
928 3348 1143 3416 gentibus
1175 3348 1230 3396 in
1274 3349 1432 3396 eadem
1463 3359 1582 3396 nerra
1623 3339 2029 3412 degentibus'non

256 3425 416 3484 eadem
440 3416 614 3478 semper
634 3415 821 3463 nomina
837 3415 1008 3464 soleant
1027 3414 1127 3462 effe.
1182 3413 1306 3460 Nam
1330 3429 1434 3477 quae
1456 3410 1678 3462 Romanis
1698 3410 1760 3462 est
1782 3407 2026 3473 Hispania,

312 3544 374 3597 (2)
384 3546 490 3583 ‘Even
508 3543 606 3593 Italy
615 3542 681 3581 the
694 3541 741 3581 ki
759 3546 882 3592 rgdom
897 3543 939 3581 o'
955 3544 1105 3590 saturn,
1170 3542 1363 3596 Hesperii,
1388 3541 1518 3591 Iulia,
1535 3544 1608 3582 διε.

261 3599 322 3637 diu
341 3599 446 3637 osten
463 3597 606 3646 change
623 3596 673 3636 its
688 3608 817 3645 natue,
843 3609 880 3635 as
909 3596 1107 3644 Oinotria,
1294 3613 1308 3620 >·
1491 3625 1495 3629 .
1624 3609 1625 3613 =

1854 3649 2034 3702 Graecis
