2106 3838
246 184 333 268 78
538 184 906 251 RERUM
998 181 1687 255 SCoT1CARuM

244 283 459 356 gentibus
481 283 582 331 sunt
599 284 836 348 appellati)
861 298 985 328 oram
1011 283 1291 331 Germanico
1320 286 1431 333 mari
1449 286 1647 335 vicinam
1666 286 1841 352 ingreffi
1870 294 2012 355 pulfis

244 349 426 404 incolis,
445 348 527 413 qui
548 354 588 396 &
610 349 714 402 rari,
740 353 780 394 &
802 347 921 392 inter
942 346 982 392 se
1002 346 1227 393 discordes
1253 364 1398 405 erant,
1435 367 1648 415 magnam
1671 353 1768 414 ejus
1786 370 1877 401 orae
1898 367 2004 429 par-

247 424 339 461 tem
356 412 404 461 in
426 411 550 459 suam
572 411 791 463 ditionem
815 411 1088 473 redegerunt
1113 429 1124 457 :
1162 411 1377 474 brevique
1395 414 1644 477 primailla
1665 432 1770 463 cum
1794 420 1937 467 Scons
1958 437 2006 467 a.

245 477 431 525 micitiae
470 475 665 539 auspicia
707 474 880 535 sequuti
910 473 1184 537 conjugibus
1215 475 1271 521 ab
1294 476 1358 522 eis
1389 480 1584 541 acceptis
1620 482 1666 527 in
1703 498 1838 529 unam
1860 501 2006 546 prope
2032 518 2035 519 γ

243 555 429 607 gentem
452 540 730 586 coaluerunt.
800 538 871 583 Ita
886 538 1010 597 enirn
1027 539 1238 586 effectum
1261 541 1338 594 est,
1380 553 1427 587 ut
1445 542 1673 604 frequenti
1694 547 1831 601 ultro,
1866 548 2006 594 citro-

242 625 333 671 que
354 615 612 653 commeatu
633 617 799 664 magna
821 602 1059 650 Scotorum
1085 604 1333 650 multitudo
1354 607 1426 652 vel
1449 606 1506 652 ab
1528 608 1737 660 affinibus
1760 612 1909 658 adhuc
1931 611 2005 658 in-

241 671 383 719 firmis
406 682 593 721 retenta,
617 666 689 711 vel
713 666 1060 714 domesticarum
1084 684 1233 714 rerum
1255 669 1445 731 penuria
1470 670 1681 733 impulsa,
1711 675 1784 721 vel
1806 675 2005 723 charita—

237 748 284 784 te
301 737 479 783 suorum
501 731 619 777 inter
641 729 788 776 Ρὶἂοε
811 731 965 777 locum
988 731 1225 778 domicilio
1247 746 1443 795 caperet.
1926 787 1941 793 ,

302 801 390 847 III.
424 795 538 843 Picti
557 793 705 858 primo
718 794 920 841 affinium
940 796 1138 842 adventu
1156 796 1247 842 laeti
1260 811 1367 842 curn
1384 799 1622 862 augescere
1640 800 1861 862 paulatim
1881 805 1998 850 mul-

233 861 481 912 titudinem
502 871 754 914 cernerent,
781 859 1029 907 formidare
1054 873 1292 922 coeperunt
1327 878 1382 908 ne
1415 878 1521 910 cum
1554 864 1754 926 primum
1789 866 1911 937 spem
1934 867 2003 913 vi-

235 945 305 975 res
328 924 473 974 Scotis
497 922 712 976 facerent,
738 923 821 986 ipsi
843 922 907 970 eis
929 923 1118 969 obnoxii
1140 924 1451 982 redderentur,
1498 928 1648 990 primo
1671 929 1846 975 secretis
1869 930 2001 978 coiti-

231 991 416 1044 onibus,
441 987 607 1036 deinde
629 989 781 1052 palam
802 987 853 1034 in
873 987 1068 1042 consiliis
1087 987 1279 1036 fremere
1293 1004 1551 1051 coeperunt,
1572 993 1924 1054 providendum,
1947 1012 2003 1043 ne

236 1053 469 1121 peregrini
506 1052 655 1100 secum
687 1054 781 1116 post
806 1052 1096 1098 miscerentur
1121 1071 1131 1098 ε
1180 1053 1493 1115 rationemque
1514 1054 1779 1111 ineundam,
1820 1068 1870 1103 ut
1897 1074 2001 1120 qua:

236 1121 402 1168 adesset
424 1116 671 1164 multitudo
693 1117 988 1164 minueretur.
1031 1116 1230 1178 Jachitus
1252 1117 1389 1165 etiam
1412 1120 1554 1183 vulgo
1577 1135 1730 1166 rumor
1751 1121 1810 1167 est
1831 1119 2005 1168 divini-

234 1195 307 1233 tus
343 1181 478 1231 Pictis
515 1184 586 1244 (1)
611 1180 862 1229 diffionem
893 1182 978 1227 effe
999 1181 1170 1235 datam,
1213 1182 1326 1237 fore,
1361 1197 1409 1229 ut
1432 1184 1678 1247 aliquando
1707 1198 1803 1232 tota
1842 1195 1954 1250 gene·
1974 1203 2002 1234 a

236 1247 383 1297 Scotis
406 1248 647 1294 deleretur.
716 1247 806 1293 Hae
833 1245 1096 1309 suspitiones
1135 1246 1181 1293 in
1205 1247 1335 1294 causa
1357 1248 1556 1302 fuerunt,
1600 1263 1647 1295 ut
1669 1249 1872 1296 nationes
1896 1257 2002 1298 ante

235 1312 508 1362 amiciflimae
542 1309 736 1358 seorsum
758 1309 1048 1358 habitarent:
1088 1311 1305 1374 Scotique
1333 1313 1560 1360 montanis
1581 1312 1628 1359 in
1660 1313 1789 1368 locis,
1815 1320 1854 1361 &-
1876 1313 2000 1378 agriss

234 1378 423 1425 culturae
459 1376 610 1423 minus
645 1375 766 1440 aptis
807 1378 878 1437 (ut
900 1374 980 1438 qui
1006 1376 1159 1438 pecori
1182 1377 1421 1437 pascendo,
1448 1383 1489 1424 δι
1514 1378 1830 1425 venationibus
1853 1378 2000 1442 magis

234 1441 382 1490 dediti
399 1442 556 1502 essent)
580 1439 621 1487 se
643 1439 928 1487 continerent
952 1458 964 1486 ι
997 1440 1111 1486 Pieli
1143 1440 1261 1504 agris
1283 1440 1580 1489 fertilioribus
1602 1442 1850 1491 secundum
1874 1458 1999 1490 mare

234 1506 569 1554 Germanicum
597 1505 800 1552 colendis
822 1504 1108 1551 assuescerent
1132 1523 1143 1551 :
1194 1521 1246 1551 ac
1267 1507 1487 1569 paulatim
1518 1519 1587 1553 tot
1605 1519 1708 1553 ante
1729 1506 1887 1554 officiis
1913 1524 1994 1555 ne-

240 1570 457 1619 ceffitudo
477 1572 708 1617 contrafta
733 1569 863 1616 brevi
884 1568 931 1614 in
956 1569 1187 1630 'funestum
1210 1586 1354 1634 prope
1375 1570 1509 1617 civile
1527 1570 1701 1617 bellum
1722 1571 1874 1618 vertit.
1907 1573 1999 1619 Le—

231 1635 367 1682 vibus
389 1634 511 1682 enim
531 1635 588 1681 de
610 1633 748 1680 causis
766 1633 964 1696 primum
978 1632 1164 1696 jurgiis,
1182 1634 1347 1682 deinde
1364 1634 1542 1696 injuriis
1559 1635 1680 1682 inter
1698 1635 1906 1683 homines
1929 1637 1996 1682 fe-

231 1713 361 1747 roces
381 1698 493 1746 ortis
515 1697 872 1761 gravissimorum
908 1696 1118 1743 odiorum
1157 1697 1326 1745 semina
1349 1698 1470 1759 jacta
1500 1698 1787 1746 videbantur.
1860 1700 1997 1747 Hanc

232 1762 515 1811 occasionem
529 1762 754 1810 Brittones
780 1761 1007 1823 utriusque
1025 1761 1173 1824 gentis
1191 1761 1367 1809 inimici
1389 1777 1493 1809 cum
1516 1764 1653 1810 essent
1670 1763 1805 1818 nafli,
1827 1764 1995 1811 diicor·

231 1826 410 1875 diarum
434 1828 552 1875 faces
575 1827 892 1881 admoverunt,
916 1832 955 1873 δι
980 1826 1117 1873 Pictis
1140 1842 1229 1872 non
1253 1826 1541 1890 poscentibus
1577 1827 1800 1874 auxilium
1834 1829 1994 1874 adver-

232 1891 302 1939 sus
325 1894 484 1940 Scotos
502 1892 715 1939 offerunt.
787 1891 838 1938 ld
857 1890 982 1937 Scoti
1002 1905 1105 1937 cum
1128 1891 1306 1938 tradari
1334 1892 1565 1946 sentirent,
1606 1897 1647 1938 Sc
1681 1892 1763 1954 ipsi
1784 1892 1993 1940 adversus

232 1955 478 2004 imminens
502 1955 740 2003 discrimen
764 1971 855 2002 non
878 1954 1018 2001 modo
1040 1954 1280 2010 auxilium,
1321 1955 1394 2003 sed
1428 1957 1499 2002 Re
1533 1972 1604 2002 em
1626 1956 1764 2002 etiam
1787 1958 1993 2020 peregri-

229 2037 343 2069 num
359 2020 597 2068 asciscunt..
630 2019 944 2067 Insulanorutn
965 2020 1103 2065 duces
1128 2035 1232 2066 cum
1247 2036 1363 2081 pene
1381 2019 1479 2083 pari
1500 1973 1725 2083 dignitate
1736 2021 1887 2073 essent,
1907 2038 1991 2068 nec

229 2086 344 2132 alter
365 2085 496 2133 alteri
516 2084 675 2132 cedere
692 2083 739 2130 in
775 2084 976 2130 animum
1002 2084 1254 2139 induceret,
1275 2085 1510 2131 accersitur
1531 2100 1635 2130 cum
1660 2085 1803 2148 copiis
1825 2101 1880 2131 ex
1901 2084 1992 2132 Hi-

229 2148 388 2197 hernia
409 2149 646 2214 Fergusius
669 2148 910 2195 Ferchardi
946 2148 1081 2202 filius,
1105 2149 1174 2209 (2)
1198 2147 1402 2196 omnium
1429 2151 1668 2195 Scotorum
1688 2154 1726 2195 δι
1750 2150 1819 2212 (3)
1846 2150 1990 2196 confi-

227 2212 312 2268 lio,
336 2220 376 2261 δι
400 2230 538 2261 manu
561 2213 733 2277 primus
754 2212 935 2259 habitus
962 2231 973 2258 :
1008 2215 1056 2262 δι
1083 2228 1253 2276 magno
1289 2213 1453 2277 populi
1481 2212 1692 2260 consensu
1714 2215 1815 2260 Rex
1836 2214 1992 2261 decla·

228 2290 353 2325 ratur
376 2297 388 2326 z
421 2292 560 2342 atque
580 2277 830 2325 exercitum
852 2276 910 2324 ad
938 2277 1085 2324 aleam
1107 2293 1293 2341 pugnae,
1319 2278 1349 2324 fi
1379 2278 1431 2324 sit
1452 2293 1586 2341 opus,
1610 2277 1885 2326 subeundam
1906 2294 1989 2341 pa.

223 2358 322 2390 zare
334 2340 539 2404 jubetur.
1127 2360 1132 2368 ·

289 2407 378 2454 IV.
412 2408 588 2454 Eodem
608 2423 753 2471 prope
774 2418 1010 2454 momento
1027 2422 1182 2454 rumor
1210 2405 1266 2453 ad
1289 2407 1467 2462 Scotos,
1487 2404 1725 2469 Pictosque
1745 2422 1987 2469 promana-

225 2483 297 2518 rat
320 2471 546 2519 Brittones
573 2474 643 2536 (4)
669 2472 884 2535 ambigua
905 2470 1091 2518 consilia
1117 2470 1298 2533 utrique
1320 2471 1448 2535 genti
1463 2473 1597 2532 juxta
1614 2469 1864 2533 perniciosa
1887 2471 1985 2534 agi-

225 2547 338 2590 tare,
365 2547 414 2583 ut
445 2535 588 2583 vie‘tos
610 2536 795 2599 pariter,
817 2536 1098 2598 victoresque
1121 2534 1243 2581 bello
1264 2535 1625 2598 aggrederentur
1651 2552 1663 2581 ε
1703 2537 1752 2584 &
1785 2535 1988 2598 utrisque

225 2601 297 2647 vel
319 2600 378 2647 ad
392 2600 750 2647 internecionem
771 2601 912 2654 caefis,
934 2601 1008 2646 vel
1030 2598 1171 2647 Albio
1189 2601 1403 2662 expulsis,
1426 2599 1509 2663 ipsi
1533 2598 1671 2646 totius
1687 2597 1844 2646 insulae
1861 2598 1984 2664 poti·

223 2676 378 2711 rentur
399 2663 610 2726 imperio·
678 2665 746 2711 Ea
764 2682 832 2712 res
854 2663 1086 2726 utriusque
1111 2664 1261 2726 gentis
1283 2664 1435 2726 copias
1461 2662 1636 2710 confilii
1674 2662 1865 2710 incertas
1899 2662 1985 2711 ali-

222 2739 338 2790 quot
354 2727 451 2775 dies
472 2729 519 2775 in
544 2727 693 2775 castris
715 2728 961 2776 continuit.
1014 2730 1229 2775 Tandem
1249 2727 1297 2774 in
1320 2724 1605 2789 colloquium
1625 2741 1831 2782 ventum,
1844 2732 1884 2775 δι
1903 2729 1985 2775 de-

224 2793 340 2839 te&a
361 2792 617 2840 Brittonum
638 2793 821 2840 occulta
841 2791 999 2839 fraude
1019 2793 1078 2839 de
1099 2805 1212 2855 pace
1241 2789 1320 2854 agi
1339 2804 1544 2853 coeptum
1578 2808 1590 2836 ε
1626 2807 1772 2853 eaque
1793 2808 1981 2838 renova·

220 2868 267 2903 ta
287 2867 375 2904 tres
396 2857 621 2904 exercitus
643 2855 805 2904 diversi
827 2857 1019 2904 demum
1039 2855 1360 2903 concesserunt.
1431 2857 1448 2912 (
1455 2856 1503 2917 3)
1534 2852 1682 2901 Britto
1699 2868 1863 2902 conatu
1887 2856 1984 2917 pri·

219 2936 297 2967 ore
318 2921 536 2981 dejefitu8‚
567 2921 658 2969 alia
677 2920 836 2969 fraude
857 2937 954 2968 rem
983 2918 1267 2984 aggreditur.
1332 2916 1542 2966 Immiffis
1575 2919 1695 2965 clam
1727 2919 1980 2966 latronibus

218 2999 384 3044 pecora
402 2985 631 3032 Pictorum
654 2985 816 3049 abigit.
882 2986 974 3032 Res
996 2983 1307 3046 repetentibus
1327 2981 1584 3046 respondet,
1602 2981 1762 3043 justius
1783 2998 1810 3029 a
1833 2981 1980 3032 Scotis

216 3047 366 3103 furtis,
386 3049 694 3097 &latrociniis
715 3047 892 3097 assuetis
913 3064 1006 3102 eas,
1032 3063 1169 3110 quam
1191 3063 1220 3094 a
1238 3047 1282 3093 se
1301 3046 1465 3110 repeti.
1514 3046 1587 3092 lt.-
1607 3046 1727 3094 elusa
1747 3045 1981 3110 legatione

215 3128 264 3157 te
294 3111 462 3160 infecta
494 3113 696 3161 foeciales
726 3111 906 3160 dimissi.
973 3113 1219 3159 Enimvero
1251 3126 1305 3158 ea
1320 3110 1417 3172 jam
1447 3123 1605 3174 aperta
1632 3108 1886 3158 ludificatio
1909 3110 1978 3157 vi·

215 3174 328 3222 deri.
395 3178 558 3240 Itaque
579 3194 684 3224 curn
707 3177 996 3224 fraudulenta
1019 3175 1205 3223 consilia
1226 3173 1269 3221 se
1290 3173 1456 3238 magis,
1476 3171 1710 3238 magisque
1730 3174 1976 3237 aperirent,

214 3241 668 3289 recenscontumelia
699 3239 1031 3296 vehementius,
1066 3256 1207 3303 quam
1235 3254 1295 3286 ex
1330 3239 1485 3302 priore
1505 3250 1673 3286 conatu
1705 3236 1776 3284 ira
1802 3238 1981 3286 refidua

264 3386 327 3437 (ι)
355 3389 420 3424 An
438 3389 556 3426 oraele
569 3403 611 3427 or
626 3391 802 3441 response.
1181 3387 1242 3440 (5)
1271 3387 1393 3426 Britto
1420 3387 1479 3424 sor
1503 3385 1708 3432 Brittones,
1736 3382 1973 3434 synecdoche.

263 3440 325 3490 (2)
354 3441 425 3478 For
446 3440 511 3478 the
540 3442 631 3479 Irista
657 3445 704 3481 of
727 3447 788 3483 old
810 3458 909 3486 were
936 3445 1055 3485 called
1125 3441 1175 3479 So
1202 3441 1307 3478 'often
1337 3441 1467 3478 Scotu-
1495 3439 1554 3477 for
1582 3438 1699 3485 scoti,
1734 3438 1885 3485 Anglus
1915 3436 1975 3473 sor

211 3492 327 3531 scoti.
1124 3494 1257 3542 Angli,
1276 3497 1348 3533 ὄις.
1369 3505 1408 3532 or
1429 3490 1551 3531 Britto
1568 3490 1628 3532 for
1643 3489 1708 3531 the
1735 3488 1834 3539 king
1849 3488 1895 3528 of
1907 3487 1985 3527 the,

261 3545 324 3597 (3)
352 3545 520 3584 Wisdom
537 3549 607 3584 and
622 3548 785 3600 ae'tivity,
1127 3547 1303 3587 Britons.-

262 3598 323 3647 (4)
351 3598 548 3642 Deceitful-
560 3600 676 3651 plote..

1744 3695 1980 3761 utriusque
